time,price,bid,ask,volume
2018-01-12 09:40:21.849000,5.25,5.24,5.25,139600.0
2018-01-12 09:40:25.315000,5.25,5.24,5.25,139600.0
2018-01-12 09:40:28.699000,5.25,5.24,5.25,139600.0
2018-01-12 09:40:32.004000,5.25,5.24,5.25,139600.0
2018-01-12 09:40:35.047000,5.25,5.24,5.25,139600.0
2018-01-12 09:40:38.224000,5.25,5.24,5.25,139600.0
2018-01-12 09:40:41.331000,5.25,5.24,5.25,139600.0
2018-01-12 09:40:44.444000,5.25,5.24,5.25,139600.0
2018-01-12 09:40:47.540000,5.25,5.24,5.25,139600.0
2018-01-12 09:40:50.566000,5.25,5.24,5.25,139600.0
2018-01-12 09:40:53.570000,5.25,5.24,5.25,139600.0
2018-01-12 09:40:56.859000,5.25,5.24,5.25,139600.0
2018-01-12 09:40:59.847000,5.25,5.24,5.25,139600.0
2018-01-12 09:41:03.210000,5.25,5.24,5.25,139600.0
2018-01-12 09:41:06.864000,5.25,5.24,5.25,139600.0
2018-01-12 09:41:09.938000,5.24,5.24,5.25,141600.0
2018-01-12 09:41:13.054000,5.24,5.24,5.25,141600.0
2018-01-12 09:41:19.944000,5.24,5.24,5.25,141600.0
2018-01-12 09:41:24.019000,5.24,5.24,5.25,141600.0
2018-01-12 09:41:27.086000,5.24,5.24,5.25,141600.0
2018-01-12 09:41:30.056000,5.24,5.24,5.25,141600.0
2018-01-12 09:41:32.912000,5.24,5.23,5.24,236700.0
2018-01-12 09:41:36.035000,5.24,5.23,5.24,236700.0
2018-01-12 09:41:39.241000,5.24,5.23,5.24,236700.0
2018-01-12 09:41:42.415000,5.24,5.23,5.24,236700.0
2018-01-12 09:41:45.569000,5.24,5.23,5.24,236700.0
2018-01-12 09:41:48.659000,5.24,5.23,5.25,236700.0
2018-01-12 09:41:51.771000,5.24,5.23,5.25,236700.0
2018-01-12 09:41:54.760000,5.24,5.23,5.25,236700.0
2018-01-12 09:41:58.195000,5.24,5.23,5.25,236700.0
2018-01-12 09:42:01.099000,5.24,5.23,5.25,236700.0
2018-01-12 09:42:04.267000,5.24,5.23,5.25,236700.0
2018-01-12 09:42:07.503000,5.24,5.23,5.25,236700.0
2018-01-12 09:42:10.520000,5.24,5.23,5.25,236700.0
2018-01-12 09:42:13.789000,5.24,5.23,5.25,236700.0
2018-01-12 09:42:16.944000,5.24,5.23,5.25,236700.0
2018-01-12 09:42:19.932000,5.24,5.23,5.25,236700.0
2018-01-12 09:42:23.717000,5.24,5.23,5.25,236700.0
2018-01-12 09:42:26.806000,5.24,5.23,5.25,236700.0
2018-01-12 09:42:30.038000,5.24,5.23,5.25,236700.0
2018-01-12 09:42:33.161000,5.24,5.23,5.25,236700.0
2018-01-12 09:42:36.396000,5.24,5.23,5.25,236700.0
2018-01-12 09:42:39.494000,5.24,5.23,5.25,236700.0
2018-01-12 09:42:42.571000,5.24,5.23,5.25,236700.0
2018-01-12 09:42:45.568000,5.24,5.23,5.25,236700.0
2018-01-12 09:42:48.560000,5.24,5.23,5.25,242700.0
2018-01-12 09:42:52.212000,5.24,5.23,5.25,242700.0
2018-01-12 09:42:55.185000,5.24,5.23,5.25,242700.0
2018-01-12 09:42:58.237000,5.24,5.23,5.25,242700.0
2018-01-12 09:43:01.583000,5.24,5.23,5.25,242700.0
2018-01-12 09:43:04.841000,5.24,5.23,5.25,242700.0
2018-01-12 09:43:07.899000,5.24,5.23,5.25,242700.0
2018-01-12 09:43:11.180000,5.24,5.23,5.25,242700.0
2018-01-12 09:43:15.380000,5.24,5.23,5.25,242700.0
2018-01-12 09:43:18.556000,5.24,5.23,5.24,367900.0
2018-01-12 09:43:21.699000,5.24,5.23,5.24,367900.0
2018-01-12 09:43:24.740000,5.24,5.23,5.24,367900.0
2018-01-12 09:43:27.947000,5.24,5.23,5.24,367900.0
2018-01-12 09:43:31.305000,5.24,5.23,5.24,367900.0
2018-01-12 09:43:34.386000,5.24,5.23,5.24,367900.0
2018-01-12 09:43:37.432000,5.24,5.23,5.24,367900.0
2018-01-12 09:43:40.444000,5.24,5.23,5.24,367900.0
2018-01-12 09:43:43.483000,5.24,5.23,5.24,367900.0
2018-01-12 09:43:46.792000,5.24,5.23,5.24,367900.0
2018-01-12 09:43:49.905000,5.24,5.23,5.24,367900.0
2018-01-12 09:43:53.347000,5.24,5.23,5.24,367900.0
2018-01-12 09:43:56.226000,5.24,5.23,5.24,367900.0
2018-01-12 09:43:59.385000,5.24,5.23,5.24,367900.0
2018-01-12 09:44:02.808000,5.24,5.23,5.24,367900.0
2018-01-12 09:44:05.979000,5.24,5.23,5.24,367900.0
2018-01-12 09:44:09.014000,5.24,5.23,5.24,367900.0
2018-01-12 09:44:12.074000,5.24,5.23,5.24,367900.0
2018-01-12 09:44:16.745000,5.24,5.23,5.24,367900.0
2018-01-12 09:44:19.947000,5.24,5.23,5.24,367900.0
2018-01-12 09:44:23.002000,5.24,5.23,5.24,367900.0
2018-01-12 09:44:26.152000,5.24,5.23,5.24,367900.0
2018-01-12 09:44:29.303000,5.24,5.23,5.24,367900.0
2018-01-12 09:44:32.292000,5.24,5.23,5.24,367900.0
2018-01-12 09:44:35.351000,5.24,5.23,5.24,367900.0
2018-01-12 09:44:38.347000,5.24,5.23,5.24,367900.0
2018-01-12 09:44:41.182000,5.24,5.23,5.24,367900.0
2018-01-12 09:44:44.009000,5.24,5.23,5.24,367900.0
2018-01-12 09:44:47.511000,5.24,5.23,5.24,367900.0
2018-01-12 09:44:50.491000,5.24,5.23,5.24,367900.0
2018-01-12 09:44:53.397000,5.24,5.23,5.24,370100.0
2018-01-12 09:44:56.219000,5.24,5.23,5.24,370100.0
2018-01-12 09:44:58.966000,5.24,5.23,5.24,370100.0
2018-01-12 09:45:01.834000,5.24,5.23,5.24,370100.0
2018-01-12 09:45:08.682000,5.24,5.23,5.24,370100.0
2018-01-12 09:45:11.532000,5.24,5.23,5.24,370100.0
2018-01-12 09:45:14.420000,5.24,5.23,5.24,370100.0
2018-01-12 09:45:20.221000,5.24,5.23,5.24,370100.0
2018-01-12 09:45:23.323000,5.24,5.23,5.24,370100.0
2018-01-12 09:45:26.306000,5.24,5.23,5.24,370100.0
2018-01-12 09:45:29.429000,5.24,5.23,5.24,370100.0
2018-01-12 09:45:32.307000,5.24,5.23,5.24,370100.0
2018-01-12 09:45:35.139000,5.24,5.23,5.24,370100.0
2018-01-12 09:45:38.145000,5.24,5.23,5.25,390100.0
2018-01-12 09:45:41.307000,5.24,5.23,5.25,390100.0
2018-01-12 09:45:44.489000,5.24,5.23,5.24,390100.0
2018-01-12 09:45:47.592000,5.24,5.23,5.24,390100.0
2018-01-12 09:45:50.494000,5.24,5.23,5.24,390100.0
2018-01-12 09:45:53.863000,5.24,5.23,5.24,390100.0
2018-01-12 09:45:57.028000,5.24,5.23,5.24,390100.0
2018-01-12 09:45:59.997000,5.24,5.23,5.24,390100.0
2018-01-12 09:46:02.822000,5.24,5.23,5.24,390100.0
2018-01-12 09:46:05.996000,5.24,5.23,5.24,390100.0
2018-01-12 09:46:09.024000,5.24,5.23,5.24,390100.0
2018-01-12 09:46:12.024000,5.24,5.23,5.25,390100.0
2018-01-12 09:46:15.033000,5.24,5.23,5.25,390100.0
2018-01-12 09:46:18.135000,5.24,5.23,5.25,390100.0
2018-01-12 09:46:21.304000,5.24,5.23,5.25,390100.0
2018-01-12 09:46:24.231000,5.24,5.23,5.25,390100.0
2018-01-12 09:46:27.147000,5.24,5.23,5.25,390100.0
2018-01-12 09:46:30.178000,5.24,5.23,5.25,390100.0
2018-01-12 09:46:33.076000,5.24,5.23,5.25,390100.0
2018-01-12 09:46:36.042000,5.24,5.23,5.25,390100.0
2018-01-12 09:46:39.090000,5.24,5.23,5.25,390100.0
2018-01-12 09:46:41.947000,5.24,5.23,5.25,390100.0
2018-01-12 09:46:44.866000,5.24,5.23,5.25,390100.0
2018-01-12 09:46:47.591000,5.24,5.23,5.25,390100.0
2018-01-12 09:46:50.369000,5.24,5.23,5.25,390100.0
2018-01-12 09:46:53.143000,5.24,5.23,5.25,390100.0
2018-01-12 09:46:55.883000,5.24,5.23,5.25,390100.0
2018-01-12 09:46:58.901000,5.24,5.23,5.25,390100.0
2018-01-12 09:47:02.049000,5.24,5.23,5.25,390100.0
2018-01-12 09:47:04.948000,5.24,5.23,5.25,390100.0
2018-01-12 09:47:07.916000,5.24,5.23,5.25,390100.0
2018-01-12 09:47:10.667000,5.24,5.23,5.25,390100.0
2018-01-12 09:47:13.493000,5.24,5.23,5.25,390100.0
2018-01-12 09:47:16.528000,5.24,5.23,5.25,390100.0
2018-01-12 09:47:19.506000,5.24,5.23,5.25,390100.0
2018-01-12 09:47:22.271000,5.24,5.23,5.25,390100.0
2018-01-12 09:47:24.936000,5.24,5.23,5.25,390100.0
2018-01-12 09:47:27.668000,5.24,5.23,5.25,390100.0
2018-01-12 09:47:30.531000,5.24,5.23,5.25,390100.0
2018-01-12 09:47:33.355000,5.24,5.23,5.25,390100.0
2018-01-12 09:47:36.683000,5.24,5.23,5.25,390100.0
2018-01-12 09:47:39.703000,5.24,5.23,5.25,390100.0
2018-01-12 09:47:42.542000,5.24,5.23,5.25,390100.0
2018-01-12 09:47:45.472000,5.24,5.23,5.25,390100.0
2018-01-12 09:47:48.343000,5.24,5.23,5.25,390100.0
2018-01-12 09:47:51.294000,5.24,5.23,5.25,390100.0
2018-01-12 09:47:54.203000,5.24,5.23,5.25,390100.0
2018-01-12 09:47:57.044000,5.24,5.23,5.25,390100.0
2018-01-12 09:47:59.832000,5.24,5.23,5.25,390100.0
2018-01-12 09:48:03.752000,5.24,5.23,5.25,390100.0
2018-01-12 09:48:06.639000,5.24,5.23,5.25,390100.0
2018-01-12 09:48:09.423000,5.24,5.23,5.25,390100.0
2018-01-12 09:48:12.466000,5.24,5.23,5.25,390100.0
2018-01-12 09:48:15.338000,5.24,5.23,5.25,390100.0
2018-01-12 09:48:19.428000,5.24,5.24,5.25,402100.0
2018-01-12 09:48:22.335000,5.24,5.24,5.25,402100.0
2018-01-12 09:48:25.658000,5.24,5.24,5.25,402100.0
2018-01-12 09:48:28.642000,5.24,5.24,5.25,402100.0
2018-01-12 09:48:31.710000,5.24,5.24,5.25,402100.0
2018-01-12 09:48:34.570000,5.24,5.24,5.25,402100.0
2018-01-12 09:48:37.529000,5.24,5.24,5.25,402100.0
2018-01-12 09:48:40.687000,5.24,5.24,5.25,402100.0
2018-01-12 09:48:43.668000,5.24,5.24,5.25,402100.0
2018-01-12 09:48:46.544000,5.24,5.24,5.25,402100.0
2018-01-12 09:48:49.387000,5.24,5.24,5.25,402100.0
2018-01-12 09:48:52.624000,5.24,5.23,5.25,410600.0
2018-01-12 09:48:55.726000,5.24,5.23,5.25,410600.0
2018-01-12 09:48:58.658000,5.24,5.23,5.25,410600.0
2018-01-12 09:49:01.739000,5.24,5.23,5.25,410600.0
2018-01-12 09:49:04.881000,5.24,5.23,5.24,410600.0
2018-01-12 09:49:08.040000,5.24,5.23,5.24,410600.0
2018-01-12 09:49:11.218000,5.24,5.23,5.24,410600.0
2018-01-12 09:49:14.275000,5.24,5.23,5.24,410600.0
2018-01-12 09:49:17.305000,5.24,5.23,5.24,410600.0
2018-01-12 09:49:20.465000,5.24,5.23,5.24,410600.0
2018-01-12 09:49:23.547000,5.24,5.23,5.24,410600.0
2018-01-12 09:49:26.577000,5.24,5.23,5.24,410600.0
2018-01-12 09:49:29.744000,5.24,5.23,5.24,410600.0
2018-01-12 09:49:32.659000,5.24,5.23,5.24,410600.0
2018-01-12 09:49:35.622000,5.24,5.23,5.24,410600.0
2018-01-12 09:49:38.587000,5.24,5.23,5.24,410600.0
2018-01-12 09:49:41.516000,5.24,5.23,5.24,410600.0
2018-01-12 09:49:44.406000,5.24,5.23,5.24,410600.0
2018-01-12 09:49:47.376000,5.24,5.23,5.24,410600.0
2018-01-12 09:49:50.354000,5.24,5.23,5.24,410600.0
2018-01-12 09:49:53.158000,5.24,5.23,5.24,410600.0
2018-01-12 09:49:56.365000,5.24,5.23,5.24,410600.0
2018-01-12 09:49:59.252000,5.24,5.23,5.24,410600.0
2018-01-12 09:50:03.486000,5.24,5.23,5.24,410600.0
2018-01-12 09:50:06.723000,5.24,5.23,5.24,410600.0
2018-01-12 09:50:09.742000,5.24,5.23,5.24,410600.0
2018-01-12 09:50:12.577000,5.24,5.23,5.24,410600.0
2018-01-12 09:50:15.713000,5.24,5.23,5.24,410600.0
2018-01-12 09:50:19.146000,5.24,5.23,5.24,410600.0
2018-01-12 09:50:22.087000,5.24,5.23,5.24,410600.0
2018-01-12 09:50:25.232000,5.24,5.23,5.24,410600.0
2018-01-12 09:50:28.550000,5.24,5.23,5.24,410600.0
2018-01-12 09:50:31.516000,5.24,5.23,5.24,410600.0
2018-01-12 09:50:34.566000,5.24,5.23,5.24,410600.0
2018-01-12 09:50:37.484000,5.24,5.23,5.24,410600.0
2018-01-12 09:50:40.546000,5.24,5.23,5.24,410600.0
2018-01-12 09:50:43.614000,5.24,5.23,5.24,410600.0
2018-01-12 09:50:46.657000,5.24,5.23,5.24,410600.0
2018-01-12 09:50:49.473000,5.24,5.23,5.24,410600.0
2018-01-12 09:50:52.496000,5.24,5.23,5.24,410600.0
2018-01-12 09:50:55.687000,5.24,5.23,5.24,410600.0
2018-01-12 09:50:58.777000,5.24,5.23,5.24,410600.0
2018-01-12 09:51:01.976000,5.24,5.23,5.24,410600.0
2018-01-12 09:51:05.261000,5.24,5.23,5.24,410600.0
2018-01-12 09:51:12.596000,5.24,5.23,5.24,410600.0
2018-01-12 09:51:16.923000,5.24,5.23,5.24,410600.0
2018-01-12 09:51:19.891000,5.24,5.23,5.24,410600.0
2018-01-12 09:51:23.292000,5.24,5.23,5.24,410600.0
2018-01-12 09:51:26.191000,5.24,5.23,5.24,410600.0
2018-01-12 09:51:29.147000,5.24,5.23,5.24,410600.0
2018-01-12 09:51:32.658000,5.23,5.23,5.24,511600.0
2018-01-12 09:51:35.771000,5.23,5.23,5.24,511600.0
2018-01-12 09:51:38.662000,5.23,5.23,5.24,511600.0
2018-01-12 09:51:41.688000,5.23,5.23,5.24,511600.0
2018-01-12 09:51:44.697000,5.23,5.23,5.24,511600.0
2018-01-12 09:51:48.014000,5.23,5.23,5.24,511600.0
2018-01-12 09:51:50.985000,5.23,5.23,5.24,511600.0
2018-01-12 09:51:53.860000,5.23,5.23,5.24,511600.0
2018-01-12 09:51:56.868000,5.23,5.23,5.24,511600.0
2018-01-12 09:51:59.890000,5.23,5.23,5.24,511600.0
2018-01-12 09:52:02.771000,5.23,5.23,5.24,511600.0
2018-01-12 09:52:05.885000,5.23,5.23,5.24,511600.0
2018-01-12 09:52:08.833000,5.23,5.23,5.24,511600.0
2018-01-12 09:52:12.374000,5.23,5.23,5.24,511600.0
2018-01-12 09:52:15.271000,5.23,5.23,5.24,511600.0
2018-01-12 09:52:19.641000,5.23,5.23,5.24,511600.0
2018-01-12 09:52:22.515000,5.23,5.23,5.24,511600.0
2018-01-12 09:52:25.455000,5.23,5.23,5.24,511600.0
2018-01-12 09:52:28.352000,5.23,5.23,5.24,511600.0
2018-01-12 09:52:31.546000,5.23,5.23,5.24,511600.0
2018-01-12 09:52:34.464000,5.23,5.23,5.24,511600.0
2018-01-12 09:52:37.425000,5.23,5.23,5.24,511600.0
2018-01-12 09:52:40.392000,5.23,5.23,5.24,511600.0
2018-01-12 09:52:43.257000,5.23,5.23,5.24,511600.0
2018-01-12 09:52:46.309000,5.23,5.23,5.24,511600.0
2018-01-12 09:52:49.308000,5.23,5.23,5.24,523600.0
2018-01-12 09:52:52.246000,5.23,5.23,5.25,523600.0
2018-01-12 09:52:55.198000,5.24,5.24,5.25,523600.0
2018-01-12 09:52:58.225000,5.24,5.24,5.25,523600.0
2018-01-12 09:53:01.247000,5.24,5.24,5.25,523600.0
2018-01-12 09:53:04.283000,5.24,5.24,5.25,523600.0
2018-01-12 09:53:07.708000,5.24,5.24,5.25,523600.0
2018-01-12 09:53:10.787000,5.24,5.24,5.25,523600.0
2018-01-12 09:53:13.903000,5.24,5.24,5.25,523600.0
2018-01-12 09:53:16.965000,5.24,5.24,5.25,523600.0
2018-01-12 09:53:21.417000,5.24,5.24,5.25,523600.0
2018-01-12 09:53:24.434000,5.24,5.24,5.25,523600.0
2018-01-12 09:53:27.347000,5.24,5.24,5.25,523600.0
2018-01-12 09:53:30.345000,5.24,5.24,5.25,523600.0
2018-01-12 09:53:33.321000,5.24,5.24,5.25,523600.0
2018-01-12 09:53:36.198000,5.24,5.24,5.25,523600.0
2018-01-12 09:53:39.073000,5.24,5.24,5.25,523600.0
2018-01-12 09:53:42.160000,5.24,5.24,5.25,523600.0
2018-01-12 09:53:45.091000,5.24,5.24,5.25,523600.0
2018-01-12 09:53:47.984000,5.24,5.24,5.25,523600.0
2018-01-12 09:53:51.058000,5.24,5.24,5.25,523600.0
2018-01-12 09:53:54.077000,5.24,5.24,5.25,523600.0
2018-01-12 09:53:57.289000,5.24,5.24,5.25,523600.0
2018-01-12 09:54:00.378000,5.24,5.24,5.25,523600.0
2018-01-12 09:54:03.317000,5.24,5.24,5.25,523600.0
2018-01-12 09:54:06.226000,5.24,5.23,5.24,537600.0
2018-01-12 09:54:09.393000,5.24,5.23,5.24,537600.0
2018-01-12 09:54:14.175000,5.24,5.23,5.24,537600.0
2018-01-12 09:54:17.186000,5.24,5.23,5.24,537600.0
2018-01-12 09:54:20.357000,5.24,5.23,5.24,537600.0
2018-01-12 09:54:23.398000,5.24,5.23,5.24,537600.0
2018-01-12 09:54:26.773000,5.24,5.23,5.24,537600.0
2018-01-12 09:54:29.812000,5.24,5.23,5.24,537600.0
2018-01-12 09:54:32.761000,5.24,5.23,5.24,537600.0
2018-01-12 09:54:35.743000,5.24,5.23,5.25,537600.0
2018-01-12 09:54:38.628000,5.24,5.23,5.25,537600.0
2018-01-12 09:54:41.746000,5.24,5.23,5.25,537600.0
2018-01-12 09:54:44.672000,5.24,5.23,5.25,537600.0
2018-01-12 09:54:47.606000,5.24,5.23,5.25,537600.0
2018-01-12 09:54:50.538000,5.24,5.23,5.25,537600.0
2018-01-12 09:54:53.482000,5.24,5.23,5.25,537600.0
2018-01-12 09:54:56.458000,5.24,5.23,5.25,537600.0
2018-01-12 09:54:59.414000,5.24,5.23,5.25,537600.0
2018-01-12 09:55:02.405000,5.24,5.23,5.25,537600.0
2018-01-12 09:55:05.419000,5.24,5.23,5.25,537600.0
2018-01-12 09:55:08.358000,5.24,5.23,5.25,537600.0
2018-01-12 09:55:11.313000,5.24,5.23,5.25,537600.0
2018-01-12 09:55:14.595000,5.24,5.23,5.25,537600.0
2018-01-12 09:55:17.711000,5.24,5.23,5.25,537600.0
2018-01-12 09:55:20.813000,5.24,5.23,5.25,537600.0
2018-01-12 09:55:23.823000,5.24,5.23,5.25,537600.0
2018-01-12 09:55:26.818000,5.24,5.23,5.25,537600.0
2018-01-12 09:55:30.503000,5.24,5.23,5.25,537600.0
2018-01-12 09:55:33.285000,5.24,5.23,5.25,537600.0
2018-01-12 09:55:36.464000,5.24,5.23,5.25,537600.0
2018-01-12 09:55:39.468000,5.24,5.23,5.25,537600.0
2018-01-12 09:55:42.616000,5.24,5.23,5.25,537600.0
2018-01-12 09:55:45.929000,5.24,5.23,5.25,537600.0
2018-01-12 09:55:49.071000,5.24,5.23,5.25,537600.0
2018-01-12 09:55:52.464000,5.24,5.23,5.25,537600.0
2018-01-12 09:55:55.442000,5.24,5.23,5.25,537600.0
2018-01-12 09:55:58.549000,5.24,5.23,5.25,537600.0
2018-01-12 09:56:01.676000,5.24,5.23,5.25,537600.0
2018-01-12 09:56:04.744000,5.24,5.23,5.25,537600.0
2018-01-12 09:56:07.758000,5.24,5.23,5.25,537600.0
2018-01-12 09:56:11.060000,5.24,5.23,5.25,537600.0
2018-01-12 09:56:15.682000,5.24,5.23,5.25,537600.0
2018-01-12 09:56:20.816000,5.24,5.23,5.25,537600.0
2018-01-12 09:56:23.735000,5.24,5.23,5.25,537600.0
2018-01-12 09:56:26.522000,5.24,5.23,5.25,537600.0
2018-01-12 09:56:29.326000,5.24,5.23,5.25,537600.0
2018-01-12 09:56:32.178000,5.24,5.23,5.25,537600.0
2018-01-12 09:56:35.180000,5.24,5.23,5.25,537600.0
2018-01-12 09:56:38.031000,5.24,5.23,5.25,537600.0
2018-01-12 09:56:40.939000,5.24,5.23,5.25,537600.0
2018-01-12 09:56:43.648000,5.24,5.23,5.25,537600.0
2018-01-12 09:56:46.748000,5.24,5.24,5.25,547600.0
2018-01-12 09:56:49.702000,5.24,5.24,5.25,547600.0
2018-01-12 09:56:52.679000,5.24,5.24,5.25,547600.0
2018-01-12 09:56:55.556000,5.24,5.24,5.25,547600.0
2018-01-12 09:56:58.307000,5.24,5.24,5.25,547600.0
2018-01-12 09:57:01.145000,5.24,5.24,5.25,547600.0
2018-01-12 09:57:05.417000,5.24,5.24,5.25,547600.0
2018-01-12 09:57:09.807000,5.24,5.24,5.25,547600.0
2018-01-12 09:57:12.373000,5.24,5.24,5.25,547600.0
2018-01-12 09:57:15.070000,5.24,5.24,5.25,547600.0
2018-01-12 09:57:17.766000,5.24,5.24,5.25,547600.0
2018-01-12 09:57:22.166000,5.24,5.24,5.25,547600.0
2018-01-12 09:57:24.820000,5.24,5.24,5.25,547600.0
2018-01-12 09:57:27.728000,5.24,5.24,5.25,547600.0
2018-01-12 09:57:30.576000,5.24,5.24,5.25,547600.0
2018-01-12 09:57:33.563000,5.24,5.24,5.25,547600.0
2018-01-12 09:57:36.369000,5.24,5.24,5.25,547600.0
2018-01-12 09:57:39.468000,5.24,5.24,5.25,547600.0
2018-01-12 09:57:42.297000,5.24,5.24,5.25,547600.0
2018-01-12 09:57:45.139000,5.24,5.24,5.25,547600.0
2018-01-12 09:57:47.966000,5.24,5.24,5.25,547600.0
2018-01-12 09:57:51.083000,5.24,5.24,5.25,547600.0
2018-01-12 09:57:53.734000,5.24,5.24,5.25,547600.0
2018-01-12 09:57:56.540000,5.24,5.24,5.25,547600.0
2018-01-12 09:57:59.344000,5.24,5.24,5.25,547600.0
2018-01-12 09:58:02.137000,5.24,5.24,5.25,547600.0
2018-01-12 09:58:05.092000,5.24,5.24,5.25,547600.0
2018-01-12 09:58:07.985000,5.24,5.24,5.25,547600.0
2018-01-12 09:58:10.850000,5.24,5.24,5.25,547600.0
2018-01-12 09:58:13.699000,5.24,5.24,5.25,547600.0
2018-01-12 09:58:16.534000,5.24,5.24,5.25,547600.0
2018-01-12 09:58:19.945000,5.24,5.24,5.25,547600.0
2018-01-12 09:58:22.794000,5.24,5.24,5.25,547600.0
2018-01-12 09:58:25.682000,5.24,5.24,5.25,547600.0
2018-01-12 09:58:28.723000,5.24,5.24,5.25,547600.0
2018-01-12 09:58:31.629000,5.24,5.24,5.25,547600.0
2018-01-12 09:58:34.406000,5.24,5.24,5.25,547600.0
2018-01-12 09:58:37.267000,5.24,5.23,5.25,567600.0
2018-01-12 09:58:40.348000,5.24,5.23,5.25,567600.0
2018-01-12 09:58:43.149000,5.24,5.23,5.25,567600.0
2018-01-12 09:58:45.996000,5.24,5.23,5.25,567600.0
2018-01-12 09:58:48.986000,5.24,5.23,5.25,567600.0
2018-01-12 09:58:51.937000,5.24,5.23,5.25,567600.0
2018-01-12 09:58:54.844000,5.24,5.23,5.25,567600.0
2018-01-12 09:58:57.925000,5.24,5.23,5.25,567600.0
2018-01-12 09:59:00.736000,5.24,5.23,5.25,567600.0
2018-01-12 09:59:03.743000,5.24,5.23,5.25,567600.0
2018-01-12 09:59:06.654000,5.24,5.23,5.25,567600.0
2018-01-12 09:59:09.521000,5.24,5.23,5.25,567600.0
2018-01-12 09:59:12.290000,5.24,5.23,5.25,567600.0
2018-01-12 09:59:15.191000,5.24,5.23,5.24,577600.0
2018-01-12 09:59:17.918000,5.24,5.23,5.24,577600.0
2018-01-12 09:59:20.831000,5.24,5.23,5.24,577600.0
2018-01-12 09:59:23.700000,5.24,5.23,5.24,577600.0
2018-01-12 09:59:26.492000,5.24,5.23,5.24,577600.0
2018-01-12 09:59:29.313000,5.24,5.23,5.24,577600.0
2018-01-12 09:59:32.288000,5.24,5.23,5.25,577600.0
2018-01-12 09:59:34.976000,5.24,5.23,5.25,577600.0
2018-01-12 09:59:37.928000,5.24,5.23,5.25,577600.0
2018-01-12 09:59:40.693000,5.24,5.23,5.25,577600.0
2018-01-12 09:59:43.458000,5.24,5.23,5.25,577600.0
2018-01-12 09:59:46.350000,5.24,5.23,5.25,577600.0
2018-01-12 09:59:49.196000,5.24,5.23,5.25,577600.0
2018-01-12 09:59:52.093000,5.24,5.23,5.25,577600.0
2018-01-12 09:59:54.956000,5.24,5.23,5.25,577600.0
2018-01-12 09:59:57.807000,5.24,5.23,5.25,577600.0
2018-01-12 10:00:00.721000,5.24,5.23,5.25,577600.0
2018-01-12 10:00:03.683000,5.24,5.23,5.25,577600.0
2018-01-12 10:00:08.518000,5.24,5.23,5.25,577600.0
2018-01-12 10:00:11.260000,5.24,5.23,5.25,577600.0
2018-01-12 10:00:15.067000,5.24,5.23,5.25,577600.0
2018-01-12 10:00:19.887000,5.24,5.23,5.25,577600.0
2018-01-12 10:00:22.677000,5.24,5.23,5.25,577600.0
2018-01-12 10:00:25.950000,5.24,5.23,5.25,577600.0
2018-01-12 10:00:28.949000,5.24,5.23,5.25,577600.0
2018-01-12 10:00:31.829000,5.24,5.23,5.25,577600.0
2018-01-12 10:00:34.617000,5.24,5.23,5.25,577600.0
2018-01-12 10:00:37.470000,5.24,5.23,5.25,577600.0
2018-01-12 10:00:40.185000,5.24,5.23,5.25,577600.0
2018-01-12 10:00:42.988000,5.24,5.23,5.25,577600.0
2018-01-12 10:00:45.960000,5.24,5.23,5.25,577600.0
2018-01-12 10:00:48.740000,5.24,5.23,5.25,577600.0
2018-01-12 10:00:51.458000,5.24,5.23,5.25,577600.0
2018-01-12 10:00:54.386000,5.24,5.23,5.25,577600.0
2018-01-12 10:00:57.266000,5.24,5.23,5.25,577600.0
2018-01-12 10:01:00.261000,5.24,5.23,5.25,577600.0
2018-01-12 10:01:03.059000,5.24,5.23,5.25,577600.0
2018-01-12 10:01:07.105000,5.24,5.23,5.25,577600.0
2018-01-12 10:01:09.942000,5.24,5.23,5.25,577600.0
2018-01-12 10:01:12.897000,5.24,5.23,5.25,577600.0
2018-01-12 10:01:15.773000,5.24,5.23,5.25,577600.0
2018-01-12 10:01:18.599000,5.24,5.23,5.25,577600.0
2018-01-12 10:01:21.373000,5.24,5.23,5.25,577600.0
2018-01-12 10:01:24.151000,5.24,5.23,5.25,577600.0
2018-01-12 10:01:26.949000,5.24,5.23,5.25,577600.0
2018-01-12 10:01:30.186000,5.24,5.23,5.25,577600.0
2018-01-12 10:01:32.981000,5.24,5.23,5.25,577600.0
2018-01-12 10:01:35.822000,5.24,5.23,5.24,577600.0
2018-01-12 10:01:38.941000,5.24,5.23,5.24,577600.0
2018-01-12 10:01:41.848000,5.24,5.23,5.24,577600.0
2018-01-12 10:01:44.594000,5.24,5.23,5.24,577600.0
2018-01-12 10:01:47.459000,5.24,5.23,5.24,577600.0
2018-01-12 10:01:50.400000,5.24,5.23,5.24,577600.0
2018-01-12 10:01:53.474000,5.24,5.23,5.24,577600.0
2018-01-12 10:01:56.309000,5.24,5.23,5.24,577600.0
2018-01-12 10:01:59.457000,5.24,5.23,5.24,577600.0
2018-01-12 10:02:02.261000,5.24,5.23,5.24,577600.0
2018-01-12 10:02:05.084000,5.24,5.23,5.24,577600.0
2018-01-12 10:02:08.245000,5.24,5.23,5.24,577600.0
2018-01-12 10:02:11.219000,5.24,5.23,5.24,577600.0
2018-01-12 10:02:14.009000,5.24,5.23,5.24,577600.0
2018-01-12 10:02:16.767000,5.24,5.23,5.24,596700.0
2018-01-12 10:02:19.619000,5.24,5.23,5.24,596700.0
2018-01-12 10:02:22.560000,5.24,5.23,5.24,596700.0
2018-01-12 10:02:25.335000,5.24,5.23,5.24,596700.0
2018-01-12 10:02:28.047000,5.24,5.23,5.24,596700.0
2018-01-12 10:02:30.731000,5.24,5.23,5.24,596700.0
2018-01-12 10:02:33.423000,5.24,5.23,5.24,596700.0
2018-01-12 10:02:36.209000,5.24,5.23,5.24,596700.0
2018-01-12 10:02:39.027000,5.24,5.23,5.24,596700.0
2018-01-12 10:02:41.741000,5.24,5.23,5.24,596700.0
2018-01-12 10:02:44.611000,5.24,5.23,5.24,596700.0
2018-01-12 10:02:47.655000,5.24,5.23,5.24,596700.0
2018-01-12 10:02:50.434000,5.24,5.23,5.24,596700.0
2018-01-12 10:02:53.310000,5.24,5.24,5.25,596700.0
2018-01-12 10:02:56.074000,5.24,5.24,5.25,596700.0
2018-01-12 10:02:58.954000,5.24,5.24,5.25,596700.0
2018-01-12 10:03:02.100000,5.24,5.24,5.25,596700.0
2018-01-12 10:03:05.370000,5.24,5.24,5.25,596700.0
2018-01-12 10:03:08.371000,5.24,5.24,5.25,596700.0
2018-01-12 10:03:12.644000,5.24,5.24,5.25,596700.0
2018-01-12 10:03:15.437000,5.24,5.24,5.25,596700.0
2018-01-12 10:03:18.252000,5.24,5.24,5.25,596700.0
2018-01-12 10:03:21.216000,5.24,5.24,5.25,596700.0
2018-01-12 10:03:24.042000,5.24,5.24,5.25,596700.0
2018-01-12 10:03:26.802000,5.24,5.24,5.25,596700.0
2018-01-12 10:03:29.686000,5.24,5.24,5.25,596700.0
2018-01-12 10:03:32.704000,5.24,5.24,5.25,596700.0
2018-01-12 10:03:35.429000,5.24,5.24,5.25,596700.0
2018-01-12 10:03:38.288000,5.24,5.24,5.25,596700.0
2018-01-12 10:03:41.188000,5.24,5.24,5.25,596700.0
2018-01-12 10:03:44.110000,5.24,5.24,5.25,596700.0
2018-01-12 10:03:47.230000,5.24,5.24,5.25,596700.0
2018-01-12 10:03:49.986000,5.24,5.24,5.25,596700.0
2018-01-12 10:03:52.779000,5.24,5.24,5.25,596700.0
2018-01-12 10:03:55.682000,5.24,5.24,5.25,596700.0
2018-01-12 10:03:58.738000,5.24,5.24,5.25,596700.0
2018-01-12 10:04:01.622000,5.24,5.24,5.25,596700.0
2018-01-12 10:04:04.459000,5.24,5.24,5.25,596700.0
2018-01-12 10:04:07.274000,5.24,5.24,5.25,596700.0
2018-01-12 10:04:09.976000,5.24,5.24,5.25,596700.0
2018-01-12 10:04:12.718000,5.24,5.24,5.25,596700.0
2018-01-12 10:04:15.467000,5.24,5.24,5.25,596700.0
2018-01-12 10:04:21.878000,5.24,5.24,5.25,596700.0
2018-01-12 10:04:24.789000,5.24,5.24,5.25,596700.0
2018-01-12 10:04:27.779000,5.24,5.24,5.25,596700.0
2018-01-12 10:04:30.710000,5.24,5.24,5.25,596700.0
2018-01-12 10:04:33.601000,5.24,5.24,5.25,596700.0
2018-01-12 10:04:36.459000,5.24,5.24,5.25,596700.0
2018-01-12 10:04:39.379000,5.24,5.24,5.25,596700.0
2018-01-12 10:04:42.050000,5.24,5.24,5.25,596700.0
2018-01-12 10:04:44.989000,5.24,5.24,5.25,596700.0
2018-01-12 10:04:47.740000,5.24,5.24,5.25,596700.0
2018-01-12 10:04:50.712000,5.24,5.24,5.25,596700.0
2018-01-12 10:04:53.532000,5.24,5.24,5.25,596700.0
2018-01-12 10:04:56.241000,5.24,5.24,5.25,596700.0
2018-01-12 10:04:59.084000,5.24,5.24,5.25,596700.0
2018-01-12 10:05:01.649000,5.24,5.24,5.25,596700.0
2018-01-12 10:05:04.351000,5.24,5.24,5.25,596700.0
2018-01-12 10:05:07.335000,5.24,5.24,5.25,596700.0
2018-01-12 10:05:10.078000,5.24,5.24,5.25,596700.0
2018-01-12 10:05:12.776000,5.24,5.24,5.25,596700.0
2018-01-12 10:05:16.358000,5.24,5.24,5.25,596700.0
2018-01-12 10:05:19.959000,5.24,5.24,5.25,596700.0
2018-01-12 10:05:22.701000,5.24,5.24,5.25,596700.0
2018-01-12 10:05:25.515000,5.24,5.24,5.25,596700.0
2018-01-12 10:05:28.231000,5.24,5.24,5.25,596700.0
2018-01-12 10:05:31.083000,5.24,5.24,5.25,596700.0
2018-01-12 10:05:33.919000,5.24,5.24,5.25,596700.0
2018-01-12 10:05:36.640000,5.24,5.24,5.25,596700.0
2018-01-12 10:05:39.377000,5.24,5.24,5.25,596700.0
2018-01-12 10:05:42.228000,5.24,5.24,5.25,596700.0
2018-01-12 10:05:45.115000,5.24,5.24,5.25,596700.0
2018-01-12 10:05:48.187000,5.24,5.24,5.25,596700.0
2018-01-12 10:05:51.064000,5.24,5.24,5.25,596700.0
2018-01-12 10:05:53.964000,5.24,5.24,5.25,596700.0
2018-01-12 10:05:56.657000,5.24,5.24,5.25,596700.0
2018-01-12 10:05:59.495000,5.24,5.24,5.25,596700.0
2018-01-12 10:06:02.253000,5.24,5.24,5.25,596700.0
2018-01-12 10:06:07.490000,5.24,5.24,5.25,596700.0
2018-01-12 10:06:10.162000,5.24,5.24,5.25,596700.0
2018-01-12 10:06:14.597000,5.24,5.24,5.25,596700.0
2018-01-12 10:06:17.434000,5.24,5.24,5.25,596700.0
2018-01-12 10:06:20.094000,5.24,5.24,5.25,596700.0
2018-01-12 10:06:23.135000,5.24,5.24,5.25,596700.0
2018-01-12 10:06:26.248000,5.24,5.24,5.25,596700.0
2018-01-12 10:06:29.004000,5.24,5.24,5.25,596700.0
2018-01-12 10:06:32.148000,5.24,5.24,5.25,596700.0
2018-01-12 10:06:34.870000,5.24,5.24,5.25,596700.0
2018-01-12 10:06:37.880000,5.24,5.24,5.25,596700.0
2018-01-12 10:06:40.736000,5.24,5.24,5.25,596700.0
2018-01-12 10:06:43.480000,5.24,5.24,5.25,596700.0
2018-01-12 10:06:46.249000,5.24,5.24,5.25,596700.0
2018-01-12 10:06:49.088000,5.24,5.24,5.25,596700.0
2018-01-12 10:06:51.879000,5.24,5.24,5.25,596700.0
2018-01-12 10:06:54.768000,5.24,5.24,5.25,596700.0
2018-01-12 10:06:57.553000,5.24,5.24,5.25,596700.0
2018-01-12 10:07:00.424000,5.24,5.24,5.25,596700.0
2018-01-12 10:07:03.339000,5.24,5.24,5.25,596700.0
2018-01-12 10:07:06.798000,5.24,5.24,5.25,596700.0
2018-01-12 10:07:09.461000,5.24,5.24,5.25,596700.0
2018-01-12 10:07:12.237000,5.24,5.24,5.25,596700.0
2018-01-12 10:07:14.890000,5.24,5.24,5.25,596700.0
2018-01-12 10:07:20.939000,5.24,5.24,5.25,596700.0
2018-01-12 10:07:23.746000,5.24,5.24,5.25,596700.0
2018-01-12 10:07:26.416000,5.24,5.24,5.25,596700.0
2018-01-12 10:07:29.159000,5.24,5.24,5.25,596700.0
2018-01-12 10:07:32.323000,5.24,5.24,5.25,596700.0
2018-01-12 10:07:35.186000,5.24,5.24,5.25,596700.0
2018-01-12 10:07:37.997000,5.24,5.24,5.25,596700.0
2018-01-12 10:07:40.807000,5.24,5.24,5.25,596700.0
2018-01-12 10:07:43.726000,5.24,5.24,5.25,596700.0
2018-01-12 10:07:46.777000,5.24,5.24,5.25,596700.0
2018-01-12 10:07:49.607000,5.24,5.24,5.25,596700.0
2018-01-12 10:07:52.423000,5.24,5.24,5.25,596700.0
2018-01-12 10:07:55.443000,5.24,5.24,5.25,596700.0
2018-01-12 10:07:58.331000,5.24,5.24,5.25,596700.0
2018-01-12 10:08:01.417000,5.24,5.24,5.25,596700.0
2018-01-12 10:08:04.436000,5.24,5.24,5.25,596700.0
2018-01-12 10:08:12.590000,5.24,5.24,5.25,596700.0
2018-01-12 10:08:16.575000,5.24,5.24,5.25,596700.0
2018-01-12 10:08:19.625000,5.24,5.24,5.25,596700.0
2018-01-12 10:08:22.651000,5.24,5.24,5.25,596700.0
2018-01-12 10:08:25.458000,5.24,5.24,5.25,596700.0
2018-01-12 10:08:28.437000,5.24,5.24,5.25,596700.0
2018-01-12 10:08:31.256000,5.24,5.24,5.25,596700.0
2018-01-12 10:08:34.134000,5.24,5.24,5.25,596700.0
2018-01-12 10:08:36.958000,5.24,5.24,5.25,596700.0
2018-01-12 10:08:39.899000,5.24,5.24,5.25,596700.0
2018-01-12 10:08:42.605000,5.24,5.24,5.25,596700.0
2018-01-12 10:08:45.750000,5.24,5.24,5.25,596700.0
2018-01-12 10:08:48.688000,5.24,5.24,5.25,596700.0
2018-01-12 10:08:51.810000,5.24,5.24,5.25,596700.0
2018-01-12 10:08:54.954000,5.24,5.24,5.25,596700.0
2018-01-12 10:08:58.014000,5.24,5.24,5.25,596700.0
2018-01-12 10:09:00.986000,5.24,5.24,5.25,596700.0
2018-01-12 10:09:05.458000,5.24,5.24,5.25,596700.0
2018-01-12 10:09:08.439000,5.24,5.24,5.25,596700.0
2018-01-12 10:09:11.513000,5.24,5.24,5.25,596700.0
2018-01-12 10:09:14.818000,5.24,5.24,5.25,596700.0
2018-01-12 10:09:18.375000,5.24,5.24,5.25,596700.0
2018-01-12 10:09:21.315000,5.24,5.24,5.25,596700.0
2018-01-12 10:09:24.157000,5.24,5.24,5.25,596700.0
2018-01-12 10:09:27.001000,5.24,5.24,5.25,596700.0
2018-01-12 10:09:29.942000,5.24,5.24,5.25,596700.0
2018-01-12 10:09:32.774000,5.24,5.24,5.25,596700.0
2018-01-12 10:09:35.697000,5.24,5.24,5.25,596700.0
2018-01-12 10:09:38.597000,5.24,5.24,5.25,596700.0
2018-01-12 10:09:41.384000,5.24,5.24,5.25,596700.0
2018-01-12 10:09:44.222000,5.24,5.24,5.25,596700.0
2018-01-12 10:09:47.045000,5.24,5.24,5.25,596700.0
2018-01-12 10:09:49.799000,5.24,5.24,5.25,596700.0
2018-01-12 10:09:52.732000,5.24,5.24,5.25,596700.0
2018-01-12 10:09:55.629000,5.24,5.24,5.25,596700.0
2018-01-12 10:09:58.399000,5.24,5.24,5.25,596700.0
2018-01-12 10:10:01.442000,5.24,5.24,5.25,596700.0
2018-01-12 10:10:04.524000,5.24,5.24,5.25,596700.0
2018-01-12 10:10:07.457000,5.24,5.24,5.25,596700.0
2018-01-12 10:10:10.179000,5.24,5.24,5.25,596700.0
2018-01-12 10:10:13.057000,5.24,5.24,5.25,596700.0
2018-01-12 10:10:15.914000,5.24,5.24,5.25,596700.0
2018-01-12 10:10:18.940000,5.24,5.24,5.25,596700.0
2018-01-12 10:10:21.796000,5.24,5.24,5.25,596700.0
2018-01-12 10:10:24.549000,5.24,5.24,5.25,596700.0
2018-01-12 10:10:27.468000,5.24,5.24,5.25,596700.0
2018-01-12 10:10:30.347000,5.24,5.24,5.25,596700.0
2018-01-12 10:10:33.039000,5.24,5.24,5.25,596700.0
2018-01-12 10:10:36.042000,5.24,5.24,5.25,596700.0
2018-01-12 10:10:38.846000,5.24,5.24,5.25,596700.0
2018-01-12 10:10:41.780000,5.24,5.24,5.25,596700.0
2018-01-12 10:10:44.721000,5.24,5.24,5.25,596700.0
2018-01-12 10:10:47.608000,5.24,5.24,5.25,596700.0
2018-01-12 10:10:50.518000,5.24,5.24,5.25,596700.0
2018-01-12 10:10:53.346000,5.24,5.24,5.25,596700.0
2018-01-12 10:10:56.383000,5.24,5.24,5.25,596700.0
2018-01-12 10:10:59.268000,5.24,5.24,5.25,596700.0
2018-01-12 10:11:02.282000,5.24,5.24,5.25,597700.0
2018-01-12 10:11:05.063000,5.24,5.24,5.25,597700.0
2018-01-12 10:11:07.923000,5.24,5.24,5.25,597700.0
2018-01-12 10:11:10.895000,5.24,5.24,5.25,597700.0
2018-01-12 10:11:15.459000,5.24,5.24,5.25,597700.0
2018-01-12 10:11:18.127000,5.24,5.24,5.25,597700.0
2018-01-12 10:11:20.568000,5.24,5.24,5.25,597700.0
2018-01-12 10:11:23.186000,5.24,5.24,5.25,597700.0
2018-01-12 10:11:25.982000,5.24,5.24,5.25,597700.0
2018-01-12 10:11:28.426000,5.24,5.24,5.25,597700.0
2018-01-12 10:11:31.115000,5.24,5.24,5.25,597700.0
2018-01-12 10:11:34.070000,5.25,5.24,5.25,1008700.0
2018-01-12 10:11:36.816000,5.25,5.24,5.25,1008700.0
2018-01-12 10:11:39.605000,5.25,5.24,5.25,1008700.0
2018-01-12 10:11:42.474000,5.25,5.24,5.25,1008700.0
2018-01-12 10:11:45.361000,5.25,5.24,5.25,1008700.0
2018-01-12 10:11:48.198000,5.25,5.24,5.25,1008700.0
2018-01-12 10:11:51.019000,5.25,5.24,5.25,1008700.0
2018-01-12 10:11:53.880000,5.25,5.24,5.25,1008700.0
2018-01-12 10:11:56.784000,5.25,5.24,5.25,1008700.0
2018-01-12 10:11:59.952000,5.25,5.25,5.26,1308700.0
2018-01-12 10:12:02.802000,5.25,5.25,5.26,1308700.0
2018-01-12 10:12:07.977000,5.25,5.25,5.26,1308700.0
2018-01-12 10:12:10.481000,5.25,5.25,5.26,1308700.0
2018-01-12 10:12:13.281000,5.25,5.25,5.26,1308700.0
2018-01-12 10:12:16.258000,5.25,5.25,5.26,1308700.0
2018-01-12 10:12:19.162000,5.25,5.25,5.26,1308700.0
2018-01-12 10:12:21.954000,5.25,5.24,5.25,1308700.0
2018-01-12 10:12:24.701000,5.25,5.24,5.25,1308700.0
2018-01-12 10:12:28.035000,5.25,5.24,5.25,1308700.0
2018-01-12 10:12:30.899000,5.25,5.24,5.25,1308700.0
2018-01-12 10:12:33.622000,5.25,5.24,5.25,1308700.0
2018-01-12 10:12:36.425000,5.25,5.24,5.25,1308700.0
2018-01-12 10:12:39.486000,5.25,5.24,5.25,1308700.0
2018-01-12 10:12:42.082000,5.25,5.24,5.25,1308700.0
2018-01-12 10:12:44.757000,5.25,5.24,5.25,1308700.0
2018-01-12 10:12:47.660000,5.25,5.24,5.25,1308700.0
2018-01-12 10:12:50.413000,5.25,5.24,5.25,1308700.0
2018-01-12 10:12:53.320000,5.25,5.24,5.25,1308700.0
2018-01-12 10:12:56.026000,5.25,5.24,5.25,1308700.0
2018-01-12 10:12:58.649000,5.25,5.24,5.25,1308700.0
2018-01-12 10:13:01.418000,5.25,5.24,5.25,1308700.0
2018-01-12 10:13:05.281000,5.25,5.24,5.25,1308700.0
2018-01-12 10:13:08.356000,5.25,5.24,5.25,1308700.0
2018-01-12 10:13:11.200000,5.25,5.24,5.25,1308700.0
2018-01-12 10:13:14.113000,5.25,5.24,5.25,1308700.0
2018-01-12 10:13:16.815000,5.25,5.24,5.25,1308700.0
2018-01-12 10:13:19.747000,5.25,5.24,5.25,1308700.0
2018-01-12 10:13:22.457000,5.25,5.24,5.25,1308700.0
2018-01-12 10:13:25.201000,5.25,5.24,5.25,1308700.0
2018-01-12 10:13:28.205000,5.25,5.24,5.25,1308700.0
2018-01-12 10:13:31.022000,5.25,5.24,5.25,1308700.0
2018-01-12 10:13:33.864000,5.25,5.24,5.25,1308700.0
2018-01-12 10:13:36.575000,5.25,5.24,5.25,1308700.0
2018-01-12 10:13:39.263000,5.25,5.24,5.25,1308700.0
2018-01-12 10:13:42.207000,5.25,5.24,5.25,1308700.0
2018-01-12 10:13:45.012000,5.25,5.24,5.25,1308700.0
2018-01-12 10:13:47.754000,5.25,5.24,5.25,1308700.0
2018-01-12 10:13:50.523000,5.25,5.24,5.25,1308700.0
2018-01-12 10:13:53.227000,5.25,5.24,5.25,1308700.0
2018-01-12 10:13:55.825000,5.25,5.24,5.25,1308700.0
2018-01-12 10:13:58.738000,5.25,5.24,5.25,1308700.0
2018-01-12 10:14:01.524000,5.25,5.24,5.25,1308700.0
2018-01-12 10:14:06.785000,5.25,5.24,5.25,1308700.0
2018-01-12 10:14:09.507000,5.25,5.24,5.25,1308700.0
2018-01-12 10:14:12.521000,5.25,5.24,5.25,1308700.0
2018-01-12 10:14:15.180000,5.25,5.24,5.25,1308700.0
2018-01-12 10:14:17.947000,5.25,5.24,5.25,1308700.0
2018-01-12 10:14:20.712000,5.25,5.24,5.25,1308700.0
2018-01-12 10:14:23.379000,5.25,5.24,5.25,1308700.0
2018-01-12 10:14:26.211000,5.25,5.24,5.25,1308700.0
2018-01-12 10:14:29.054000,5.25,5.24,5.25,1308700.0
2018-01-12 10:14:32.115000,5.25,5.24,5.25,1308700.0
2018-01-12 10:14:34.962000,5.25,5.24,5.25,1308700.0
2018-01-12 10:14:37.822000,5.25,5.24,5.25,1308700.0
2018-01-12 10:14:40.651000,5.25,5.24,5.25,1308700.0
2018-01-12 10:14:43.438000,5.25,5.24,5.25,1308700.0
2018-01-12 10:14:46.380000,5.25,5.24,5.25,1308700.0
2018-01-12 10:14:49.249000,5.25,5.24,5.25,1308700.0
2018-01-12 10:14:52.255000,5.25,5.24,5.25,1308700.0
2018-01-12 10:14:54.970000,5.25,5.24,5.25,1308700.0
2018-01-12 10:14:57.724000,5.25,5.24,5.25,1308700.0
2018-01-12 10:15:00.599000,5.25,5.24,5.25,1308700.0
2018-01-12 10:15:03.631000,5.26,5.25,5.26,1317000.0
2018-01-12 10:15:06.386000,5.26,5.25,5.26,1317000.0
2018-01-12 10:15:09.322000,5.26,5.25,5.26,1317000.0
2018-01-12 10:15:12.146000,5.26,5.25,5.26,1317000.0
2018-01-12 10:15:16.415000,5.26,5.25,5.26,1317000.0
2018-01-12 10:15:19.194000,5.26,5.25,5.26,1317000.0
2018-01-12 10:15:21.882000,5.26,5.25,5.26,1317000.0
2018-01-12 10:15:24.613000,5.26,5.25,5.26,1317000.0
2018-01-12 10:15:27.427000,5.26,5.25,5.26,1317000.0
2018-01-12 10:15:30.138000,5.26,5.25,5.26,1317000.0
2018-01-12 10:15:32.841000,5.26,5.25,5.26,1317000.0
2018-01-12 10:15:35.741000,5.26,5.25,5.26,1317000.0
2018-01-12 10:15:38.940000,5.26,5.25,5.26,1317000.0
2018-01-12 10:15:41.789000,5.26,5.25,5.26,1317000.0
2018-01-12 10:15:44.563000,5.26,5.25,5.26,1317000.0
2018-01-12 10:15:47.211000,5.26,5.25,5.26,1317000.0
2018-01-12 10:15:50.024000,5.26,5.25,5.26,1317000.0
2018-01-12 10:15:52.726000,5.26,5.25,5.26,1317000.0
2018-01-12 10:15:55.415000,5.26,5.25,5.26,1317000.0
2018-01-12 10:15:58.210000,5.26,5.25,5.26,1317000.0
2018-01-12 10:16:01.007000,5.26,5.25,5.26,1317000.0
2018-01-12 10:16:04.932000,5.26,5.25,5.26,1317000.0
2018-01-12 10:16:07.678000,5.26,5.25,5.26,1317000.0
2018-01-12 10:16:13.511000,5.26,5.25,5.26,1317000.0
2018-01-12 10:16:16.283000,5.26,5.25,5.26,1317000.0
2018-01-12 10:16:19.071000,5.26,5.25,5.26,1317000.0
2018-01-12 10:16:21.755000,5.26,5.25,5.26,1317000.0
2018-01-12 10:16:24.604000,5.26,5.25,5.26,1317000.0
2018-01-12 10:16:27.431000,5.26,5.25,5.26,1317000.0
2018-01-12 10:16:30.091000,5.26,5.25,5.26,1317000.0
2018-01-12 10:16:33.178000,5.26,5.25,5.26,1317000.0
2018-01-12 10:16:35.908000,5.26,5.25,5.26,1317000.0
2018-01-12 10:16:39.055000,5.26,5.25,5.26,1317000.0
2018-01-12 10:16:41.937000,5.26,5.25,5.26,1317000.0
2018-01-12 10:16:44.845000,5.26,5.24,5.26,1327000.0
2018-01-12 10:16:47.696000,5.26,5.24,5.26,1327000.0
2018-01-12 10:16:50.496000,5.26,5.24,5.26,1327000.0
2018-01-12 10:16:53.257000,5.26,5.24,5.26,1327000.0
2018-01-12 10:16:56.104000,5.26,5.24,5.26,1327000.0
2018-01-12 10:16:59.056000,5.26,5.24,5.26,1327000.0
2018-01-12 10:17:01.836000,5.26,5.24,5.26,1327000.0
2018-01-12 10:17:07.226000,5.26,5.24,5.26,1327000.0
2018-01-12 10:17:10.199000,5.26,5.24,5.26,1327000.0
2018-01-12 10:17:13.414000,5.26,5.24,5.26,1327000.0
2018-01-12 10:17:16.245000,5.26,5.24,5.26,1327000.0
2018-01-12 10:17:19.101000,5.26,5.24,5.26,1327000.0
2018-01-12 10:17:21.786000,5.26,5.24,5.26,1327000.0
2018-01-12 10:17:24.524000,5.26,5.24,5.26,1327000.0
2018-01-12 10:17:27.291000,5.26,5.24,5.26,1327000.0
2018-01-12 10:17:29.992000,5.26,5.24,5.26,1327000.0
2018-01-12 10:17:32.731000,5.26,5.24,5.26,1327000.0
2018-01-12 10:17:35.497000,5.26,5.24,5.26,1327000.0
2018-01-12 10:17:38.118000,5.26,5.24,5.26,1327000.0
2018-01-12 10:17:40.910000,5.26,5.24,5.26,1327000.0
2018-01-12 10:17:43.712000,5.25,5.24,5.25,1327000.0
2018-01-12 10:17:46.730000,5.25,5.24,5.25,1327000.0
2018-01-12 10:17:49.824000,5.25,5.24,5.25,1327000.0
2018-01-12 10:17:52.651000,5.25,5.24,5.25,1327000.0
2018-01-12 10:17:55.418000,5.25,5.24,5.25,1327000.0
2018-01-12 10:17:58.420000,5.25,5.24,5.25,1327000.0
2018-01-12 10:18:01.210000,5.25,5.24,5.25,1327000.0
2018-01-12 10:18:04.014000,5.25,5.24,5.25,1327000.0
2018-01-12 10:18:06.974000,5.25,5.24,5.25,1327000.0
2018-01-12 10:18:13.453000,5.25,5.24,5.25,1327000.0
2018-01-12 10:18:16.961000,5.25,5.24,5.25,1327000.0
2018-01-12 10:18:19.387000,5.25,5.24,5.25,1327000.0
2018-01-12 10:18:22.229000,5.25,5.24,5.25,1327000.0
2018-01-12 10:18:24.982000,5.25,5.24,5.25,1327000.0
2018-01-12 10:18:27.604000,5.25,5.24,5.25,1327000.0
2018-01-12 10:18:30.173000,5.25,5.24,5.25,1327000.0
2018-01-12 10:18:33.021000,5.25,5.24,5.25,1327000.0
2018-01-12 10:18:35.555000,5.25,5.24,5.25,1327000.0
2018-01-12 10:18:38.171000,5.25,5.24,5.25,1327000.0
2018-01-12 10:18:40.736000,5.25,5.24,5.25,1327000.0
2018-01-12 10:18:43.433000,5.25,5.24,5.25,1327000.0
2018-01-12 10:18:45.926000,5.25,5.24,5.25,1327000.0
2018-01-12 10:18:48.839000,5.25,5.24,5.25,1327000.0
2018-01-12 10:18:51.514000,5.25,5.24,5.25,1327000.0
2018-01-12 10:18:54.028000,5.25,5.24,5.25,1327000.0
2018-01-12 10:18:56.468000,5.25,5.24,5.25,1327000.0
2018-01-12 10:18:59.046000,5.25,5.24,5.25,1327000.0
2018-01-12 10:19:01.523000,5.25,5.24,5.25,1327000.0
2018-01-12 10:19:04.514000,5.25,5.24,5.25,1327000.0
2018-01-12 10:19:07.027000,5.25,5.24,5.25,1327000.0
2018-01-12 10:19:09.520000,5.25,5.24,5.25,1327000.0
2018-01-12 10:19:12.147000,5.25,5.24,5.25,1327000.0
2018-01-12 10:19:14.623000,5.25,5.24,5.25,1327000.0
2018-01-12 10:19:17.256000,5.25,5.24,5.25,1327000.0
2018-01-12 10:19:20.077000,5.25,5.24,5.25,1327000.0
2018-01-12 10:19:22.575000,5.25,5.24,5.25,1327000.0
2018-01-12 10:19:25.115000,5.25,5.24,5.25,1327000.0
2018-01-12 10:19:27.607000,5.25,5.24,5.25,1327000.0
2018-01-12 10:19:30.063000,5.26,5.24,5.26,1327000.0
2018-01-12 10:19:32.558000,5.26,5.24,5.26,1327000.0
2018-01-12 10:19:35.363000,5.26,5.24,5.26,1327000.0
2018-01-12 10:19:37.858000,5.26,5.24,5.26,1327000.0
2018-01-12 10:19:40.468000,5.26,5.25,5.26,1327000.0
2018-01-12 10:19:43.094000,5.26,5.25,5.26,1327000.0
2018-01-12 10:19:45.709000,5.26,5.25,5.26,1327000.0
2018-01-12 10:19:48.343000,5.26,5.25,5.26,1327000.0
2018-01-12 10:19:50.899000,5.26,5.25,5.26,1327000.0
2018-01-12 10:19:53.466000,5.26,5.25,5.26,1327000.0
2018-01-12 10:19:56.120000,5.26,5.25,5.26,1327000.0
2018-01-12 10:19:58.986000,5.26,5.25,5.26,1327000.0
2018-01-12 10:20:01.568000,5.26,5.25,5.26,1327000.0
2018-01-12 10:20:07.060000,5.26,5.25,5.26,1327000.0
2018-01-12 10:20:09.470000,5.26,5.25,5.26,1327000.0
2018-01-12 10:20:12.052000,5.26,5.25,5.26,1327000.0
2018-01-12 10:20:15.502000,5.26,5.25,5.26,1327000.0
2018-01-12 10:20:18.293000,5.26,5.25,5.26,1327000.0
2018-01-12 10:20:20.812000,5.26,5.25,5.26,1327000.0
2018-01-12 10:20:23.279000,5.26,5.25,5.26,1327000.0
2018-01-12 10:20:25.938000,5.26,5.25,5.26,1327000.0
2018-01-12 10:20:28.456000,5.26,5.25,5.26,1327000.0
2018-01-12 10:20:31.349000,5.26,5.25,5.26,1327000.0
2018-01-12 10:20:33.757000,5.26,5.25,5.26,1327000.0
2018-01-12 10:20:36.611000,5.26,5.25,5.26,1327000.0
2018-01-12 10:20:39.086000,5.26,5.25,5.26,1327000.0
2018-01-12 10:20:41.602000,5.26,5.25,5.26,1327000.0
2018-01-12 10:20:44.280000,5.26,5.25,5.26,1327000.0
2018-01-12 10:20:46.752000,5.26,5.25,5.26,1327000.0
2018-01-12 10:20:49.312000,5.26,5.25,5.26,1327000.0
2018-01-12 10:20:51.776000,5.26,5.25,5.26,1327000.0
2018-01-12 10:20:54.355000,5.26,5.25,5.26,1327000.0
2018-01-12 10:20:57.108000,5.26,5.25,5.26,1327000.0
2018-01-12 10:20:59.534000,5.26,5.25,5.26,1327000.0
2018-01-12 10:21:01.881000,5.26,5.25,5.26,1327000.0
2018-01-12 10:21:08.082000,5.26,5.25,5.26,1327000.0
2018-01-12 10:21:10.632000,5.26,5.25,5.26,1327000.0
2018-01-12 10:21:13.066000,5.26,5.25,5.26,1327000.0
2018-01-12 10:21:15.680000,5.26,5.25,5.26,1327000.0
2018-01-12 10:21:20.639000,5.26,5.25,5.26,1327000.0
2018-01-12 10:21:23.220000,5.26,5.25,5.26,1327000.0
2018-01-12 10:21:25.906000,5.26,5.25,5.26,1327000.0
2018-01-12 10:21:28.525000,5.26,5.25,5.26,1327000.0
2018-01-12 10:21:31.083000,5.26,5.25,5.26,1327000.0
2018-01-12 10:21:33.659000,5.26,5.25,5.26,1327000.0
2018-01-12 10:21:36.162000,5.26,5.25,5.26,1327000.0
2018-01-12 10:21:38.772000,5.26,5.25,5.26,1327000.0
2018-01-12 10:21:41.390000,5.26,5.25,5.26,1327000.0
2018-01-12 10:21:43.936000,5.26,5.25,5.26,1327000.0
2018-01-12 10:21:46.580000,5.26,5.25,5.26,1327000.0
2018-01-12 10:21:49.478000,5.26,5.25,5.26,1327000.0
2018-01-12 10:21:51.943000,5.26,5.25,5.26,1327000.0
2018-01-12 10:21:54.390000,5.26,5.25,5.26,1327000.0
2018-01-12 10:21:57.113000,5.26,5.25,5.26,1327000.0
2018-01-12 10:21:59.522000,5.26,5.25,5.26,1327000.0
2018-01-12 10:22:02.114000,5.26,5.25,5.26,1327000.0
2018-01-12 10:22:04.768000,5.26,5.25,5.26,1327000.0
2018-01-12 10:22:07.333000,5.26,5.25,5.26,1327000.0
2018-01-12 10:22:09.875000,5.26,5.25,5.26,1327000.0
2018-01-12 10:22:12.672000,5.26,5.25,5.26,1327000.0
2018-01-12 10:22:15.331000,5.26,5.25,5.26,1327000.0
2018-01-12 10:22:21.505000,5.26,5.25,5.26,1327000.0
2018-01-12 10:22:24.051000,5.26,5.25,5.26,1327000.0
2018-01-12 10:22:26.583000,5.26,5.25,5.26,1327000.0
2018-01-12 10:22:29.182000,5.26,5.25,5.26,1327000.0
2018-01-12 10:22:31.699000,5.26,5.25,5.26,1327000.0
2018-01-12 10:22:34.189000,5.26,5.25,5.26,1327000.0
2018-01-12 10:22:36.804000,5.26,5.25,5.26,1327000.0
2018-01-12 10:22:39.442000,5.26,5.25,5.26,1327000.0
2018-01-12 10:22:42.333000,5.26,5.25,5.26,1327000.0
2018-01-12 10:22:45.085000,5.26,5.25,5.26,1327000.0
2018-01-12 10:22:47.941000,5.26,5.25,5.26,1327000.0
2018-01-12 10:22:50.836000,5.26,5.25,5.26,1327000.0
2018-01-12 10:22:53.432000,5.26,5.25,5.26,1327000.0
2018-01-12 10:22:56.065000,5.26,5.25,5.26,1327000.0
2018-01-12 10:23:00.050000,5.26,5.25,5.26,1327000.0
2018-01-12 10:23:02.847000,5.25,5.24,5.25,1354000.0
2018-01-12 10:23:05.482000,5.25,5.24,5.26,1354000.0
2018-01-12 10:23:07.909000,5.25,5.24,5.26,1354000.0
2018-01-12 10:23:10.944000,5.25,5.24,5.26,1354000.0
2018-01-12 10:23:13.520000,5.25,5.24,5.26,1354000.0
2018-01-12 10:23:16.086000,5.25,5.24,5.26,1354000.0
2018-01-12 10:23:18.646000,5.25,5.24,5.26,1354000.0
2018-01-12 10:23:21.206000,5.25,5.24,5.26,1354000.0
2018-01-12 10:23:23.644000,5.25,5.24,5.25,1654000.0
2018-01-12 10:23:26.335000,5.25,5.24,5.25,1654000.0
2018-01-12 10:23:28.895000,5.25,5.24,5.25,1654000.0
2018-01-12 10:23:31.474000,5.25,5.24,5.25,1654000.0
2018-01-12 10:23:34.049000,5.25,5.24,5.25,1654000.0
2018-01-12 10:23:36.537000,5.25,5.24,5.25,1654000.0
2018-01-12 10:23:39.081000,5.25,5.24,5.25,1654000.0
2018-01-12 10:23:41.814000,5.25,5.24,5.25,1654000.0
2018-01-12 10:23:44.322000,5.25,5.24,5.25,1654000.0
2018-01-12 10:23:46.986000,5.25,5.24,5.25,1654000.0
2018-01-12 10:23:49.975000,5.25,5.24,5.25,1654000.0
2018-01-12 10:23:52.579000,5.25,5.24,5.25,1654000.0
2018-01-12 10:23:54.998000,5.25,5.24,5.25,1654000.0
2018-01-12 10:23:57.430000,5.25,5.24,5.25,1654000.0
2018-01-12 10:24:00.192000,5.25,5.24,5.25,1654000.0
2018-01-12 10:24:06.506000,5.25,5.24,5.25,1654000.0
2018-01-12 10:24:09.100000,5.25,5.24,5.25,1654000.0
2018-01-12 10:24:11.537000,5.25,5.24,5.25,1654000.0
2018-01-12 10:24:14.128000,5.25,5.24,5.25,1654000.0
2018-01-12 10:24:17.319000,5.25,5.24,5.25,1654000.0
2018-01-12 10:24:19.708000,5.25,5.24,5.25,1654000.0
2018-01-12 10:24:22.485000,5.25,5.24,5.25,1654000.0
2018-01-12 10:24:25.009000,5.25,5.24,5.25,1654000.0
2018-01-12 10:24:27.647000,5.25,5.24,5.25,1654000.0
2018-01-12 10:24:30.358000,5.25,5.24,5.25,1654000.0
2018-01-12 10:24:32.849000,5.25,5.24,5.25,1654000.0
2018-01-12 10:24:35.360000,5.25,5.24,5.25,1654000.0
2018-01-12 10:24:38.021000,5.25,5.24,5.25,1654000.0
2018-01-12 10:24:40.696000,5.25,5.24,5.25,1654000.0
2018-01-12 10:24:43.114000,5.25,5.24,5.25,1654000.0
2018-01-12 10:24:45.851000,5.25,5.24,5.25,1654000.0
2018-01-12 10:24:48.598000,5.25,5.24,5.25,1654000.0
2018-01-12 10:24:51.227000,5.25,5.24,5.25,1654000.0
2018-01-12 10:24:53.812000,5.25,5.24,5.25,1654000.0
2018-01-12 10:24:56.482000,5.25,5.24,5.25,1654000.0
2018-01-12 10:24:59.131000,5.25,5.24,5.25,1654000.0
2018-01-12 10:25:01.613000,5.25,5.24,5.25,1654000.0
2018-01-12 10:25:04.260000,5.25,5.24,5.25,1654000.0
2018-01-12 10:25:06.686000,5.25,5.24,5.25,1654000.0
2018-01-12 10:25:08.939000,5.25,5.24,5.25,1654000.0
2018-01-12 10:25:14.552000,5.25,5.24,5.25,1654000.0
2018-01-12 10:25:17.010000,5.25,5.24,5.25,1654000.0
2018-01-12 10:25:19.398000,5.25,5.24,5.25,1654000.0
2018-01-12 10:25:22.322000,5.25,5.24,5.25,1654000.0
2018-01-12 10:25:24.456000,5.25,5.24,5.25,1654000.0
2018-01-12 10:25:26.675000,5.25,5.24,5.25,1654000.0
2018-01-12 10:25:28.970000,5.25,5.24,5.25,1654000.0
2018-01-12 10:25:31.189000,5.25,5.24,5.25,1654000.0
2018-01-12 10:25:33.567000,5.25,5.24,5.25,1654000.0
2018-01-12 10:25:35.767000,5.25,5.24,5.25,1654000.0
2018-01-12 10:25:38.007000,5.25,5.24,5.25,1654000.0
2018-01-12 10:25:40.449000,5.25,5.24,5.25,1654000.0
2018-01-12 10:25:42.622000,5.25,5.24,5.25,1654000.0
2018-01-12 10:25:44.827000,5.25,5.24,5.25,1654000.0
2018-01-12 10:25:47.173000,5.25,5.24,5.25,1654000.0
2018-01-12 10:25:49.515000,5.25,5.24,5.25,1654000.0
2018-01-12 10:25:51.802000,5.25,5.24,5.25,1654000.0
2018-01-12 10:25:53.949000,5.25,5.24,5.25,1654000.0
2018-01-12 10:25:56.264000,5.25,5.24,5.25,1654000.0
2018-01-12 10:25:58.632000,5.25,5.24,5.25,1654000.0
2018-01-12 10:26:01.093000,5.25,5.24,5.25,1654000.0
2018-01-12 10:26:07.961000,5.25,5.24,5.25,1654000.0
2018-01-12 10:26:13.461000,5.25,5.24,5.25,1654000.0
2018-01-12 10:26:15.635000,5.25,5.24,5.25,1654000.0
2018-01-12 10:26:18.039000,5.25,5.24,5.25,1654000.0
2018-01-12 10:26:20.223000,5.25,5.24,5.25,1654000.0
2018-01-12 10:26:22.399000,5.25,5.24,5.25,1654000.0
2018-01-12 10:26:24.635000,5.25,5.24,5.25,1654000.0
2018-01-12 10:26:26.833000,5.25,5.24,5.25,1654000.0
2018-01-12 10:26:29.036000,5.25,5.24,5.25,1654000.0
2018-01-12 10:26:31.655000,5.25,5.24,5.25,1654000.0
2018-01-12 10:26:33.902000,5.25,5.24,5.25,1654000.0
2018-01-12 10:26:36.304000,5.25,5.24,5.25,1654000.0
2018-01-12 10:26:38.634000,5.25,5.24,5.25,1654000.0
2018-01-12 10:26:41.232000,5.25,5.24,5.25,1654000.0
2018-01-12 10:26:43.631000,5.25,5.24,5.25,1654000.0
2018-01-12 10:26:45.624000,5.25,5.24,5.25,1654000.0
2018-01-12 10:26:47.825000,5.25,5.24,5.25,1654000.0
2018-01-12 10:26:50.059000,5.25,5.24,5.25,1654000.0
2018-01-12 10:26:52.280000,5.25,5.24,5.25,1654000.0
2018-01-12 10:26:54.613000,5.25,5.24,5.25,1654000.0
2018-01-12 10:26:56.813000,5.25,5.24,5.25,1654000.0
2018-01-12 10:26:59.060000,5.25,5.24,5.25,1654000.0
2018-01-12 10:27:01.016000,5.25,5.24,5.25,1654000.0
2018-01-12 10:27:03.119000,5.25,5.24,5.25,1654000.0
2018-01-12 10:27:05.213000,5.25,5.24,5.25,1654000.0
2018-01-12 10:27:08.322000,5.25,5.24,5.25,1654000.0
2018-01-12 10:27:10.711000,5.25,5.24,5.25,1654000.0
2018-01-12 10:27:13.197000,5.25,5.24,5.25,1654000.0
2018-01-12 10:27:15.550000,5.25,5.24,5.25,1654000.0
2018-01-12 10:27:18.004000,5.25,5.24,5.25,1654000.0
2018-01-12 10:27:20.358000,5.25,5.24,5.25,1654000.0
2018-01-12 10:27:22.758000,5.25,5.24,5.25,1654000.0
2018-01-12 10:27:25.168000,5.25,5.24,5.25,1654000.0
2018-01-12 10:27:27.468000,5.25,5.24,5.25,1654000.0
2018-01-12 10:27:29.905000,5.25,5.24,5.25,1654000.0
2018-01-12 10:27:32.486000,5.25,5.24,5.26,1654000.0
2018-01-12 10:27:34.852000,5.25,5.24,5.26,1654000.0
2018-01-12 10:27:37.074000,5.25,5.24,5.26,1654000.0
2018-01-12 10:27:39.777000,5.25,5.24,5.26,1654000.0
2018-01-12 10:27:42.233000,5.25,5.24,5.26,1654000.0
2018-01-12 10:27:44.714000,5.25,5.24,5.26,1654000.0
2018-01-12 10:27:47.208000,5.25,5.24,5.26,1654000.0
2018-01-12 10:27:49.732000,5.25,5.24,5.26,1654000.0
2018-01-12 10:27:52.220000,5.25,5.24,5.26,1654000.0
2018-01-12 10:27:54.536000,5.25,5.24,5.26,1654000.0
2018-01-12 10:27:57.281000,5.25,5.24,5.26,1654000.0
2018-01-12 10:27:59.299000,5.25,5.24,5.26,1654000.0
2018-01-12 10:28:01.609000,5.25,5.24,5.26,1654000.0
2018-01-12 10:28:09.676000,5.25,5.24,5.26,1654000.0
2018-01-12 10:28:12.060000,5.25,5.24,5.26,1654000.0
2018-01-12 10:28:14.453000,5.25,5.24,5.26,1654000.0
2018-01-12 10:28:18.524000,5.25,5.24,5.26,1654000.0
2018-01-12 10:28:20.746000,5.25,5.24,5.26,1654000.0
2018-01-12 10:28:23.214000,5.25,5.24,5.26,1654000.0
2018-01-12 10:28:25.823000,5.25,5.24,5.26,1654000.0
2018-01-12 10:28:28.181000,5.25,5.24,5.26,1654000.0
2018-01-12 10:28:30.308000,5.25,5.24,5.26,1654000.0
2018-01-12 10:28:32.432000,5.25,5.24,5.26,1654000.0
2018-01-12 10:28:34.533000,5.25,5.24,5.26,1654000.0
2018-01-12 10:28:36.703000,5.25,5.24,5.26,1654000.0
2018-01-12 10:28:39.417000,5.25,5.24,5.26,1654000.0
2018-01-12 10:28:41.668000,5.25,5.24,5.26,1654000.0
2018-01-12 10:28:44.025000,5.25,5.24,5.26,1654000.0
2018-01-12 10:28:46.440000,5.25,5.24,5.26,1654000.0
2018-01-12 10:28:48.935000,5.25,5.24,5.26,1654000.0
2018-01-12 10:28:51.348000,5.25,5.24,5.26,1654000.0
2018-01-12 10:28:53.871000,5.25,5.24,5.26,1654000.0
2018-01-12 10:28:56.309000,5.25,5.24,5.26,1654000.0
2018-01-12 10:28:58.734000,5.25,5.24,5.26,1654000.0
2018-01-12 10:29:01.049000,5.25,5.24,5.26,1654000.0
2018-01-12 10:29:03.495000,5.25,5.24,5.26,1654000.0
2018-01-12 10:29:06.990000,5.25,5.24,5.26,1654000.0
2018-01-12 10:29:09.481000,5.25,5.24,5.26,1654000.0
2018-01-12 10:29:11.891000,5.25,5.24,5.26,1654000.0
2018-01-12 10:29:14.066000,5.25,5.24,5.26,1654000.0
2018-01-12 10:29:16.704000,5.25,5.24,5.26,1654000.0
2018-01-12 10:29:19.153000,5.25,5.24,5.26,1654000.0
2018-01-12 10:29:21.580000,5.25,5.24,5.26,1654000.0
2018-01-12 10:29:23.879000,5.25,5.24,5.26,1654000.0
2018-01-12 10:29:26.087000,5.25,5.24,5.26,1654000.0
2018-01-12 10:29:28.448000,5.25,5.24,5.26,1654000.0
2018-01-12 10:29:30.827000,5.25,5.24,5.26,1654000.0
2018-01-12 10:29:33.185000,5.25,5.24,5.26,1654000.0
2018-01-12 10:29:35.781000,5.25,5.24,5.26,1654000.0
2018-01-12 10:29:38.388000,5.25,5.24,5.26,1654000.0
2018-01-12 10:29:41.142000,5.25,5.24,5.26,1654000.0
2018-01-12 10:29:43.683000,5.25,5.24,5.26,1654000.0
2018-01-12 10:29:46.307000,5.25,5.24,5.26,1654000.0
2018-01-12 10:29:48.768000,5.25,5.24,5.26,1654000.0
2018-01-12 10:29:51.231000,5.25,5.24,5.26,1654000.0
2018-01-12 10:29:53.542000,5.25,5.24,5.26,1654000.0
2018-01-12 10:29:55.969000,5.25,5.24,5.26,1654000.0
2018-01-12 10:29:58.200000,5.25,5.24,5.26,1654000.0
2018-01-12 10:30:00.595000,5.25,5.24,5.26,1654000.0
2018-01-12 10:30:02.808000,5.25,5.24,5.26,1654000.0
2018-01-12 10:30:07.726000,5.25,5.24,5.26,1654000.0
2018-01-12 10:30:09.993000,5.25,5.24,5.26,1654000.0
2018-01-12 10:30:12.281000,5.25,5.24,5.26,1654000.0
2018-01-12 10:30:14.646000,5.25,5.24,5.26,1654000.0
2018-01-12 10:30:17.978000,5.25,5.24,5.26,1654000.0
2018-01-12 10:30:20.695000,5.25,5.24,5.26,1654000.0
2018-01-12 10:30:22.881000,5.25,5.24,5.26,1654000.0
2018-01-12 10:30:25.358000,5.25,5.24,5.26,1654000.0
2018-01-12 10:30:27.783000,5.25,5.24,5.26,1654000.0
2018-01-12 10:30:29.955000,5.25,5.24,5.26,1654000.0
2018-01-12 10:30:32.129000,5.25,5.24,5.26,1654000.0
2018-01-12 10:30:34.997000,5.25,5.24,5.26,1654000.0
2018-01-12 10:30:37.438000,5.25,5.24,5.26,1654000.0
2018-01-12 10:30:39.720000,5.25,5.24,5.26,1654000.0
2018-01-12 10:30:42.148000,5.25,5.24,5.26,1654000.0
2018-01-12 10:30:44.194000,5.25,5.24,5.26,1654000.0
2018-01-12 10:30:46.426000,5.25,5.24,5.26,1654000.0
2018-01-12 10:30:48.686000,5.25,5.24,5.26,1654000.0
2018-01-12 10:30:50.971000,5.25,5.24,5.26,1654000.0
2018-01-12 10:30:53.255000,5.25,5.24,5.26,1654000.0
2018-01-12 10:30:55.716000,5.25,5.24,5.26,1654000.0
2018-01-12 10:30:58.357000,5.25,5.24,5.26,1654000.0
2018-01-12 10:31:00.704000,5.25,5.24,5.26,1654000.0
2018-01-12 10:31:03.310000,5.25,5.24,5.26,1654000.0
2018-01-12 10:31:05.726000,5.25,5.24,5.26,1654000.0
2018-01-12 10:31:07.999000,5.25,5.24,5.26,1654000.0
2018-01-12 10:31:13.035000,5.25,5.24,5.26,1654000.0
2018-01-12 10:31:15.357000,5.25,5.24,5.26,1654000.0
2018-01-12 10:31:18.390000,5.25,5.24,5.26,1654000.0
2018-01-12 10:31:20.667000,5.25,5.24,5.26,1654000.0
2018-01-12 10:31:23.169000,5.25,5.24,5.26,1654000.0
2018-01-12 10:31:25.524000,5.25,5.24,5.26,1654000.0
2018-01-12 10:31:28.267000,5.25,5.24,5.26,1654000.0
2018-01-12 10:31:31.112000,5.25,5.24,5.26,1654000.0
2018-01-12 10:31:33.641000,5.25,5.24,5.26,1654000.0
2018-01-12 10:31:36.074000,5.25,5.24,5.26,1654000.0
2018-01-12 10:31:38.577000,5.25,5.24,5.26,1654000.0
2018-01-12 10:31:40.993000,5.25,5.24,5.26,1654000.0
2018-01-12 10:31:43.640000,5.25,5.24,5.26,1654000.0
2018-01-12 10:31:46.444000,5.25,5.24,5.26,1654000.0
2018-01-12 10:31:48.694000,5.25,5.24,5.26,1654000.0
2018-01-12 10:31:51.232000,5.25,5.24,5.26,1654000.0
2018-01-12 10:31:53.736000,5.25,5.24,5.26,1654000.0
2018-01-12 10:31:56.089000,5.25,5.24,5.26,1654000.0
2018-01-12 10:31:58.798000,5.25,5.24,5.26,1654000.0
2018-01-12 10:32:01.506000,5.25,5.24,5.26,1654000.0
2018-01-12 10:32:06.340000,5.25,5.24,5.26,1654000.0
2018-01-12 10:32:08.927000,5.25,5.24,5.26,1654000.0
2018-01-12 10:32:11.443000,5.25,5.24,5.26,1654000.0
2018-01-12 10:32:13.759000,5.25,5.24,5.26,1654000.0
2018-01-12 10:32:15.867000,5.25,5.24,5.26,1654000.0
2018-01-12 10:32:17.959000,5.25,5.24,5.26,1654000.0
2018-01-12 10:32:20.497000,5.25,5.24,5.26,1654000.0
2018-01-12 10:32:22.991000,5.25,5.24,5.26,1654000.0
2018-01-12 10:32:25.855000,5.25,5.24,5.26,1654000.0
2018-01-12 10:32:28.302000,5.25,5.24,5.26,1654000.0
2018-01-12 10:32:30.646000,5.25,5.24,5.26,1654000.0
2018-01-12 10:32:33.036000,5.25,5.24,5.26,1654000.0
2018-01-12 10:32:35.579000,5.25,5.24,5.26,1654000.0
2018-01-12 10:32:38.133000,5.25,5.24,5.26,1654000.0
2018-01-12 10:32:40.728000,5.25,5.24,5.26,1654000.0
2018-01-12 10:32:43.196000,5.25,5.24,5.26,1654000.0
2018-01-12 10:32:45.708000,5.25,5.24,5.26,1654000.0
2018-01-12 10:32:48.146000,5.25,5.24,5.26,1654000.0
2018-01-12 10:32:50.758000,5.25,5.24,5.26,1654000.0
2018-01-12 10:32:53.156000,5.25,5.24,5.26,1654000.0
2018-01-12 10:32:55.864000,5.25,5.24,5.26,1654000.0
2018-01-12 10:32:58.366000,5.25,5.24,5.26,1654000.0
2018-01-12 10:33:00.739000,5.25,5.24,5.26,1654000.0
2018-01-12 10:33:03.133000,5.25,5.24,5.26,1654000.0
2018-01-12 10:33:06.355000,5.25,5.24,5.26,1654000.0
2018-01-12 10:33:08.892000,5.25,5.24,5.26,1654000.0
2018-01-12 10:33:11.411000,5.25,5.24,5.26,1654000.0
2018-01-12 10:33:13.893000,5.25,5.24,5.26,1654000.0
2018-01-12 10:33:17.544000,5.25,5.24,5.26,1654000.0
2018-01-12 10:33:20.182000,5.25,5.24,5.26,1654000.0
2018-01-12 10:33:22.310000,5.25,5.24,5.26,1654000.0
2018-01-12 10:33:24.808000,5.25,5.24,5.26,1654000.0
2018-01-12 10:33:27.108000,5.25,5.24,5.26,1654000.0
2018-01-12 10:33:29.597000,5.25,5.24,5.26,1654000.0
2018-01-12 10:33:31.993000,5.25,5.24,5.26,1654000.0
2018-01-12 10:33:34.240000,5.25,5.24,5.26,1654000.0
2018-01-12 10:33:36.834000,5.25,5.24,5.26,1654000.0
2018-01-12 10:33:39.145000,5.25,5.24,5.26,1654000.0
2018-01-12 10:33:41.445000,5.25,5.24,5.26,1654000.0
2018-01-12 10:33:43.626000,5.25,5.24,5.26,1654000.0
2018-01-12 10:33:46.168000,5.25,5.24,5.26,1654000.0
2018-01-12 10:33:48.411000,5.25,5.24,5.26,1654000.0
2018-01-12 10:33:50.843000,5.25,5.24,5.26,1654000.0
2018-01-12 10:33:53.459000,5.25,5.24,5.26,1654000.0
2018-01-12 10:33:55.755000,5.25,5.24,5.26,1654000.0
2018-01-12 10:33:58.134000,5.25,5.24,5.26,1654000.0
2018-01-12 10:34:00.380000,5.25,5.24,5.26,1654000.0
2018-01-12 10:34:02.774000,5.25,5.24,5.26,1654000.0
2018-01-12 10:34:07.616000,5.25,5.24,5.26,1654000.0
2018-01-12 10:34:13.483000,5.25,5.24,5.26,1654000.0
2018-01-12 10:34:15.793000,5.25,5.25,5.26,1655200.0
2018-01-12 10:34:21.944000,5.25,5.25,5.26,1655200.0
2018-01-12 10:34:24.379000,5.25,5.25,5.26,1655200.0
2018-01-12 10:34:27.060000,5.25,5.25,5.26,1655200.0
2018-01-12 10:34:29.476000,5.25,5.25,5.26,1655200.0
2018-01-12 10:34:31.949000,5.25,5.25,5.26,1655200.0
2018-01-12 10:34:34.462000,5.25,5.25,5.26,1655200.0
2018-01-12 10:34:36.858000,5.25,5.25,5.26,1655200.0
2018-01-12 10:34:39.488000,5.25,5.25,5.26,1655200.0
2018-01-12 10:34:41.951000,5.25,5.25,5.26,1655200.0
2018-01-12 10:34:44.489000,5.25,5.25,5.26,1655200.0
2018-01-12 10:34:46.947000,5.25,5.25,5.26,1655200.0
2018-01-12 10:34:49.397000,5.25,5.25,5.26,1655200.0
2018-01-12 10:34:51.713000,5.25,5.25,5.26,1655200.0
2018-01-12 10:34:54.207000,5.25,5.25,5.26,1655200.0
2018-01-12 10:34:56.734000,5.25,5.25,5.26,1655200.0
2018-01-12 10:34:59.175000,5.25,5.25,5.26,1655200.0
2018-01-12 10:35:01.700000,5.25,5.25,5.26,1655200.0
2018-01-12 10:35:04.193000,5.25,5.25,5.26,1655200.0
2018-01-12 10:35:06.587000,5.25,5.25,5.26,1655200.0
2018-01-12 10:35:09.488000,5.25,5.25,5.26,1655200.0
2018-01-12 10:35:14.055000,5.25,5.25,5.26,1655200.0
2018-01-12 10:35:16.446000,5.25,5.25,5.26,1655200.0
2018-01-12 10:35:18.788000,5.25,5.25,5.26,1655200.0
2018-01-12 10:35:21.166000,5.25,5.25,5.26,1655200.0
2018-01-12 10:35:23.641000,5.25,5.25,5.26,1655200.0
2018-01-12 10:35:26.146000,5.25,5.25,5.26,1655200.0
2018-01-12 10:35:28.601000,5.25,5.25,5.26,1655200.0
2018-01-12 10:35:31.149000,5.25,5.25,5.26,1655200.0
2018-01-12 10:35:33.735000,5.25,5.25,5.26,1655200.0
2018-01-12 10:35:36.511000,5.25,5.25,5.26,1655200.0
2018-01-12 10:35:39.131000,5.25,5.25,5.26,1655200.0
2018-01-12 10:35:41.556000,5.25,5.25,5.26,1655200.0
2018-01-12 10:35:44.056000,5.25,5.25,5.26,1655200.0
2018-01-12 10:35:46.606000,5.25,5.25,5.26,1655200.0
2018-01-12 10:35:49.380000,5.25,5.25,5.26,1655200.0
2018-01-12 10:35:52.101000,5.25,5.25,5.26,1655200.0
2018-01-12 10:35:54.554000,5.25,5.25,5.26,1655200.0
2018-01-12 10:35:57.046000,5.25,5.25,5.26,1655200.0
2018-01-12 10:35:59.429000,5.25,5.25,5.26,1655200.0
2018-01-12 10:36:01.833000,5.25,5.25,5.26,1655200.0
2018-01-12 10:36:05.742000,5.25,5.25,5.26,1655200.0
2018-01-12 10:36:08.229000,5.25,5.25,5.26,1655200.0
2018-01-12 10:36:13.424000,5.25,5.25,5.26,1655200.0
2018-01-12 10:36:16.025000,5.25,5.25,5.26,1655200.0
2018-01-12 10:36:18.373000,5.25,5.25,5.26,1655200.0
2018-01-12 10:36:20.872000,5.25,5.25,5.26,1655200.0
2018-01-12 10:36:23.366000,5.25,5.25,5.26,1655200.0
2018-01-12 10:36:25.961000,5.25,5.25,5.26,1655200.0
2018-01-12 10:36:28.506000,5.25,5.25,5.26,1655200.0
2018-01-12 10:36:30.962000,5.25,5.25,5.26,1655200.0
2018-01-12 10:36:33.694000,5.25,5.25,5.26,1655200.0
2018-01-12 10:36:36.785000,5.25,5.25,5.26,1655200.0
2018-01-12 10:36:39.288000,5.25,5.25,5.26,1655200.0
2018-01-12 10:36:41.945000,5.25,5.25,5.26,1655200.0
2018-01-12 10:36:44.147000,5.25,5.25,5.26,1655200.0
2018-01-12 10:36:46.546000,5.25,5.25,5.26,1655200.0
2018-01-12 10:36:49.398000,5.25,5.25,5.26,1655200.0
2018-01-12 10:36:51.738000,5.25,5.25,5.26,1655200.0
2018-01-12 10:36:54.038000,5.25,5.25,5.26,1655200.0
2018-01-12 10:36:56.385000,5.25,5.25,5.26,1655200.0
2018-01-12 10:36:59.227000,5.25,5.25,5.26,1655200.0
2018-01-12 10:37:01.814000,5.25,5.25,5.26,1655200.0
2018-01-12 10:37:06.974000,5.25,5.25,5.26,1655200.0
2018-01-12 10:37:09.478000,5.25,5.25,5.26,1655200.0
2018-01-12 10:37:13.222000,5.25,5.25,5.26,1655200.0
2018-01-12 10:37:16.042000,5.25,5.25,5.26,1655200.0
2018-01-12 10:37:20.963000,5.26,5.25,5.26,1662700.0
2018-01-12 10:37:23.351000,5.26,5.25,5.26,1662700.0
2018-01-12 10:37:25.957000,5.26,5.25,5.26,1662700.0
2018-01-12 10:37:28.414000,5.26,5.25,5.26,1662700.0
2018-01-12 10:37:30.949000,5.26,5.25,5.26,1662700.0
2018-01-12 10:37:33.100000,5.26,5.25,5.26,1662700.0
2018-01-12 10:37:35.587000,5.26,5.25,5.26,1662700.0
2018-01-12 10:37:38.015000,5.26,5.25,5.26,1662700.0
2018-01-12 10:37:40.573000,5.26,5.25,5.26,1662700.0
2018-01-12 10:37:43.065000,5.26,5.25,5.26,1662700.0
2018-01-12 10:37:45.797000,5.26,5.25,5.26,1662700.0
2018-01-12 10:37:48.250000,5.26,5.25,5.26,1662700.0
2018-01-12 10:37:50.809000,5.26,5.25,5.26,1662700.0
2018-01-12 10:37:53.271000,5.26,5.25,5.26,1662700.0
2018-01-12 10:37:55.763000,5.26,5.25,5.26,1662700.0
2018-01-12 10:37:58.236000,5.26,5.25,5.26,1662700.0
2018-01-12 10:38:00.856000,5.26,5.25,5.26,1662700.0
2018-01-12 10:38:03.404000,5.26,5.25,5.26,1662700.0
2018-01-12 10:38:06.013000,5.26,5.25,5.26,1662700.0
2018-01-12 10:38:08.677000,5.26,5.25,5.26,1662700.0
2018-01-12 10:38:11.141000,5.26,5.25,5.26,1662700.0
2018-01-12 10:38:13.962000,5.26,5.25,5.26,1662700.0
2018-01-12 10:38:16.487000,5.26,5.25,5.26,1662700.0
2018-01-12 10:38:19.213000,5.26,5.25,5.26,1662700.0
2018-01-12 10:38:21.763000,5.26,5.25,5.26,1662700.0
2018-01-12 10:38:24.214000,5.26,5.25,5.26,1662700.0
2018-01-12 10:38:26.738000,5.26,5.25,5.26,1662700.0
2018-01-12 10:38:29.400000,5.26,5.25,5.26,1662700.0
2018-01-12 10:38:31.949000,5.26,5.25,5.26,1662700.0
2018-01-12 10:38:34.433000,5.26,5.25,5.26,1662700.0
2018-01-12 10:38:36.815000,5.26,5.25,5.26,1662700.0
2018-01-12 10:38:39.118000,5.26,5.25,5.26,1662700.0
2018-01-12 10:38:41.603000,5.26,5.25,5.26,1662700.0
2018-01-12 10:38:44.305000,5.26,5.25,5.26,1662700.0
2018-01-12 10:38:46.652000,5.26,5.25,5.26,1662700.0
2018-01-12 10:38:49.057000,5.26,5.25,5.26,1662700.0
2018-01-12 10:38:51.614000,5.26,5.25,5.26,1662700.0
2018-01-12 10:38:54.072000,5.26,5.25,5.26,1662700.0
2018-01-12 10:38:56.705000,5.26,5.25,5.26,1662700.0
2018-01-12 10:38:59.556000,5.26,5.25,5.26,1662700.0
2018-01-12 10:39:02.091000,5.26,5.25,5.26,1662700.0
2018-01-12 10:39:04.714000,5.26,5.25,5.26,1662700.0
2018-01-12 10:39:07.832000,5.26,5.25,5.26,1662700.0
2018-01-12 10:39:10.524000,5.26,5.25,5.26,1662700.0
2018-01-12 10:39:15.622000,5.26,5.25,5.26,1662700.0
2018-01-12 10:39:18.151000,5.26,5.25,5.26,1662700.0
2018-01-12 10:39:22.106000,5.26,5.25,5.26,1662700.0
2018-01-12 10:39:24.651000,5.26,5.25,5.26,1662700.0
2018-01-12 10:39:27.121000,5.26,5.25,5.26,1662700.0
2018-01-12 10:39:29.826000,5.26,5.25,5.26,1662700.0
2018-01-12 10:39:32.397000,5.26,5.25,5.26,1662700.0
2018-01-12 10:39:34.872000,5.26,5.25,5.26,1662700.0
2018-01-12 10:39:37.594000,5.26,5.25,5.26,1662700.0
2018-01-12 10:39:39.997000,5.26,5.25,5.26,1662700.0
2018-01-12 10:39:42.446000,5.26,5.25,5.26,1662700.0
2018-01-12 10:39:44.982000,5.26,5.25,5.26,1662700.0
2018-01-12 10:39:47.436000,5.26,5.25,5.26,1662700.0
2018-01-12 10:39:49.878000,5.26,5.25,5.26,1662700.0
2018-01-12 10:39:53.053000,5.26,5.25,5.26,1662700.0
2018-01-12 10:39:55.920000,5.26,5.25,5.26,1662700.0
2018-01-12 10:39:58.329000,5.26,5.25,5.26,1662700.0
2018-01-12 10:40:00.987000,5.26,5.25,5.26,1662700.0
2018-01-12 10:40:03.428000,5.26,5.25,5.26,1662700.0
2018-01-12 10:40:07.900000,5.26,5.25,5.26,1662700.0
2018-01-12 10:40:10.603000,5.26,5.25,5.26,1662700.0
2018-01-12 10:40:12.974000,5.26,5.25,5.26,1662700.0
2018-01-12 10:40:16.090000,5.26,5.25,5.26,1662700.0
2018-01-12 10:40:18.500000,5.26,5.25,5.26,1662700.0
2018-01-12 10:40:20.955000,5.26,5.25,5.26,1662700.0
2018-01-12 10:40:23.411000,5.26,5.25,5.26,1662700.0
2018-01-12 10:40:26.091000,5.26,5.25,5.26,1662700.0
2018-01-12 10:40:28.578000,5.26,5.25,5.26,1662700.0
2018-01-12 10:40:30.891000,5.26,5.25,5.26,1663700.0
2018-01-12 10:40:33.558000,5.26,5.25,5.26,1663700.0
2018-01-12 10:40:36.077000,5.26,5.25,5.26,1663700.0
2018-01-12 10:40:38.596000,5.26,5.25,5.26,1663700.0
2018-01-12 10:40:41.172000,5.26,5.25,5.26,1663700.0
2018-01-12 10:40:43.719000,5.26,5.25,5.26,1663700.0
2018-01-12 10:40:46.152000,5.26,5.25,5.26,1663700.0
2018-01-12 10:40:48.501000,5.26,5.25,5.26,1663700.0
2018-01-12 10:40:50.906000,5.26,5.25,5.26,1663700.0
2018-01-12 10:40:53.440000,5.26,5.25,5.26,1663700.0
2018-01-12 10:40:55.853000,5.26,5.25,5.26,1663700.0
2018-01-12 10:40:58.389000,5.26,5.25,5.26,1663700.0
2018-01-12 10:41:00.933000,5.26,5.25,5.26,1663700.0
2018-01-12 10:41:03.343000,5.26,5.25,5.26,1663700.0
2018-01-12 10:41:07.873000,5.26,5.25,5.26,1663700.0
2018-01-12 10:41:10.449000,5.26,5.25,5.26,1663700.0
2018-01-12 10:41:12.951000,5.26,5.25,5.26,1663700.0
2018-01-12 10:41:15.250000,5.26,5.25,5.26,1663700.0
2018-01-12 10:41:18.764000,5.26,5.25,5.26,1663700.0
2018-01-12 10:41:21.169000,5.26,5.25,5.26,1663700.0
2018-01-12 10:41:23.532000,5.26,5.25,5.26,1663700.0
2018-01-12 10:41:26.017000,5.26,5.25,5.26,1663700.0
2018-01-12 10:41:28.614000,5.26,5.25,5.26,1663700.0
2018-01-12 10:41:31.006000,5.26,5.25,5.26,1663700.0
2018-01-12 10:41:33.397000,5.26,5.25,5.26,1663700.0
2018-01-12 10:41:35.959000,5.26,5.25,5.26,1663700.0
2018-01-12 10:41:38.372000,5.26,5.25,5.26,1663700.0
2018-01-12 10:41:40.915000,5.26,5.25,5.26,1663700.0
2018-01-12 10:41:43.481000,5.26,5.25,5.26,1663700.0
2018-01-12 10:41:45.982000,5.26,5.25,5.26,1663700.0
2018-01-12 10:41:48.414000,5.26,5.25,5.26,1663700.0
2018-01-12 10:41:50.921000,5.26,5.25,5.26,1663700.0
2018-01-12 10:41:53.241000,5.26,5.25,5.26,1663700.0
2018-01-12 10:41:55.608000,5.26,5.25,5.26,1663700.0
2018-01-12 10:41:57.933000,5.26,5.25,5.26,1663700.0
2018-01-12 10:42:00.405000,5.26,5.25,5.26,1663700.0
2018-01-12 10:42:02.690000,5.26,5.25,5.26,1663700.0
2018-01-12 10:42:05.116000,5.26,5.25,5.26,1663700.0
2018-01-12 10:42:08.197000,5.26,5.25,5.26,1663700.0
2018-01-12 10:42:16.123000,5.25,5.25,5.26,1673700.0
2018-01-12 10:42:18.539000,5.25,5.25,5.26,1673700.0
2018-01-12 10:42:20.987000,5.25,5.25,5.26,1673700.0
2018-01-12 10:42:23.456000,5.25,5.25,5.26,1673700.0
2018-01-12 10:42:26.022000,5.25,5.25,5.26,1673700.0
2018-01-12 10:42:28.323000,5.25,5.25,5.26,1673700.0
2018-01-12 10:42:30.829000,5.25,5.25,5.26,1673700.0
2018-01-12 10:42:33.220000,5.25,5.25,5.26,1673700.0
2018-01-12 10:42:35.718000,5.25,5.25,5.26,1673700.0
2018-01-12 10:42:38.237000,5.25,5.25,5.26,1673700.0
2018-01-12 10:42:40.671000,5.25,5.25,5.26,1673700.0
2018-01-12 10:42:43.101000,5.25,5.25,5.26,1673700.0
2018-01-12 10:42:45.577000,5.25,5.25,5.26,1673700.0
2018-01-12 10:42:48.096000,5.25,5.25,5.26,1673700.0
2018-01-12 10:42:50.781000,5.25,5.25,5.26,1673700.0
2018-01-12 10:42:53.128000,5.25,5.25,5.26,1673700.0
2018-01-12 10:42:55.704000,5.25,5.25,5.26,1673700.0
2018-01-12 10:42:58.147000,5.25,5.25,5.26,1673700.0
2018-01-12 10:43:00.562000,5.25,5.25,5.26,1673700.0
2018-01-12 10:43:03.139000,5.25,5.25,5.26,1673700.0
2018-01-12 10:43:05.577000,5.25,5.25,5.26,1673700.0
2018-01-12 10:43:08.184000,5.25,5.25,5.26,1673700.0
2018-01-12 10:43:10.733000,5.25,5.25,5.26,1673700.0
2018-01-12 10:43:15.923000,5.25,5.25,5.26,1673700.0
2018-01-12 10:43:18.442000,5.25,5.25,5.26,1673700.0
2018-01-12 10:43:20.742000,5.25,5.25,5.26,1673700.0
2018-01-12 10:43:23.156000,5.25,5.25,5.26,1673700.0
2018-01-12 10:43:25.704000,5.25,5.25,5.26,1673700.0
2018-01-12 10:43:28.351000,5.25,5.25,5.26,1673700.0
2018-01-12 10:43:30.867000,5.25,5.25,5.26,1673700.0
2018-01-12 10:43:33.323000,5.25,5.25,5.26,1673700.0
2018-01-12 10:43:35.956000,5.25,5.25,5.26,1673700.0
2018-01-12 10:43:38.507000,5.25,5.25,5.26,1673700.0
2018-01-12 10:43:40.974000,5.25,5.25,5.26,1673700.0
2018-01-12 10:43:43.491000,5.25,5.25,5.26,1673700.0
2018-01-12 10:43:46.041000,5.25,5.25,5.26,1673700.0
2018-01-12 10:43:48.370000,5.25,5.25,5.26,1673700.0
2018-01-12 10:43:50.894000,5.25,5.25,5.26,1673700.0
2018-01-12 10:43:53.541000,5.25,5.25,5.26,1673700.0
2018-01-12 10:43:55.900000,5.25,5.25,5.26,1673700.0
2018-01-12 10:43:58.213000,5.25,5.25,5.26,1673700.0
2018-01-12 10:44:00.787000,5.25,5.25,5.26,1673700.0
2018-01-12 10:44:03.228000,5.25,5.25,5.26,1673700.0
2018-01-12 10:44:05.672000,5.25,5.25,5.26,1673700.0
2018-01-12 10:44:08.777000,5.25,5.25,5.26,1673700.0
2018-01-12 10:44:14.829000,5.25,5.25,5.26,1673700.0
2018-01-12 10:44:17.113000,5.25,5.25,5.26,1673700.0
2018-01-12 10:44:19.562000,5.25,5.25,5.26,1673700.0
2018-01-12 10:44:21.966000,5.25,5.25,5.26,1673700.0
2018-01-12 10:44:24.405000,5.25,5.25,5.26,1673700.0
2018-01-12 10:44:26.833000,5.25,5.25,5.26,1673700.0
2018-01-12 10:44:29.435000,5.25,5.25,5.26,1673700.0
2018-01-12 10:44:31.883000,5.25,5.25,5.26,1673700.0
2018-01-12 10:44:34.152000,5.25,5.25,5.26,1673700.0
2018-01-12 10:44:36.641000,5.25,5.25,5.26,1673700.0
2018-01-12 10:44:38.973000,5.25,5.25,5.26,1673700.0
2018-01-12 10:44:41.632000,5.25,5.25,5.26,1673700.0
2018-01-12 10:44:43.941000,5.25,5.25,5.26,1673700.0
2018-01-12 10:44:46.300000,5.25,5.25,5.26,1673700.0
2018-01-12 10:44:48.622000,5.25,5.25,5.26,1673700.0
2018-01-12 10:44:51.047000,5.25,5.25,5.26,1673700.0
2018-01-12 10:44:53.316000,5.25,5.25,5.26,1673700.0
2018-01-12 10:44:55.700000,5.25,5.25,5.26,1673700.0
2018-01-12 10:44:57.964000,5.25,5.25,5.26,1673700.0
2018-01-12 10:45:00.408000,5.25,5.25,5.26,1673700.0
2018-01-12 10:45:02.918000,5.25,5.25,5.26,1673700.0
2018-01-12 10:45:05.174000,5.25,5.25,5.26,1673700.0
2018-01-12 10:45:07.961000,5.25,5.25,5.26,1673700.0
2018-01-12 10:45:10.363000,5.25,5.25,5.26,1673700.0
2018-01-12 10:45:12.772000,5.25,5.25,5.26,1673700.0
2018-01-12 10:45:15.245000,5.25,5.25,5.26,1673700.0
2018-01-12 10:45:21.254000,5.25,5.25,5.26,1673700.0
2018-01-12 10:45:23.608000,5.25,5.25,5.26,1673700.0
2018-01-12 10:45:26.254000,5.25,5.25,5.26,1673700.0
2018-01-12 10:45:28.742000,5.25,5.25,5.26,1673700.0
2018-01-12 10:45:31.242000,5.25,5.25,5.26,1673700.0
2018-01-12 10:45:33.445000,5.25,5.25,5.26,1673700.0
2018-01-12 10:45:35.967000,5.25,5.25,5.26,1673700.0
2018-01-12 10:45:38.292000,5.25,5.25,5.26,1673700.0
2018-01-12 10:45:40.777000,5.25,5.25,5.26,1673700.0
2018-01-12 10:45:43.082000,5.25,5.25,5.26,1673700.0
2018-01-12 10:45:45.837000,5.25,5.25,5.26,1673700.0
2018-01-12 10:45:48.405000,5.25,5.25,5.26,1673700.0
2018-01-12 10:45:50.847000,5.25,5.25,5.26,1673700.0
2018-01-12 10:45:53.170000,5.25,5.25,5.26,1673700.0
2018-01-12 10:45:55.307000,5.25,5.25,5.26,1673700.0
2018-01-12 10:45:57.769000,5.25,5.25,5.26,1673700.0
2018-01-12 10:46:00.069000,5.25,5.25,5.26,1673700.0
2018-01-12 10:46:02.451000,5.25,5.25,5.26,1673700.0
2018-01-12 10:46:06.608000,5.25,5.25,5.26,1673700.0
2018-01-12 10:46:12.183000,5.25,5.25,5.26,1673700.0
2018-01-12 10:46:14.552000,5.25,5.25,5.26,1673700.0
2018-01-12 10:46:21.180000,5.25,5.25,5.26,1673700.0
2018-01-12 10:46:25.053000,5.25,5.25,5.26,1673700.0
2018-01-12 10:46:27.494000,5.25,5.25,5.26,1673700.0
2018-01-12 10:46:29.943000,5.25,5.25,5.26,1673700.0
2018-01-12 10:46:32.602000,5.25,5.25,5.26,1673700.0
2018-01-12 10:46:35.164000,5.25,5.25,5.26,1673700.0
2018-01-12 10:46:37.794000,5.25,5.25,5.26,1673700.0
2018-01-12 10:46:40.410000,5.25,5.25,5.26,1673700.0
2018-01-12 10:46:42.725000,5.25,5.25,5.26,1673700.0
2018-01-12 10:46:45.022000,5.25,5.25,5.26,1673700.0
2018-01-12 10:46:47.259000,5.25,5.25,5.26,1673700.0
2018-01-12 10:46:49.523000,5.25,5.25,5.26,1673700.0
2018-01-12 10:46:51.841000,5.25,5.25,5.26,1673700.0
2018-01-12 10:46:54.219000,5.25,5.25,5.26,1673700.0
2018-01-12 10:46:56.571000,5.25,5.25,5.26,1673700.0
2018-01-12 10:46:59.247000,5.25,5.25,5.26,1673700.0
2018-01-12 10:47:01.821000,5.25,5.25,5.26,1673700.0
2018-01-12 10:47:04.611000,5.25,5.25,5.26,1673700.0
2018-01-12 10:47:06.924000,5.25,5.25,5.26,1673700.0
2018-01-12 10:47:09.508000,5.25,5.25,5.26,1673700.0
2018-01-12 10:47:12.327000,5.25,5.25,5.26,1673700.0
2018-01-12 10:47:14.827000,5.25,5.25,5.26,1673700.0
2018-01-12 10:47:17.215000,5.25,5.25,5.26,1673700.0
2018-01-12 10:47:22.011000,5.25,5.25,5.26,1673700.0
2018-01-12 10:47:24.423000,5.25,5.25,5.26,1673700.0
2018-01-12 10:47:27.110000,5.25,5.25,5.26,1673700.0
2018-01-12 10:47:29.533000,5.25,5.25,5.26,1673700.0
2018-01-12 10:47:31.977000,5.25,5.25,5.26,1673700.0
2018-01-12 10:47:34.386000,5.25,5.25,5.26,1673700.0
2018-01-12 10:47:36.765000,5.25,5.25,5.26,1673700.0
2018-01-12 10:47:39.350000,5.25,5.25,5.26,1673700.0
2018-01-12 10:47:41.563000,5.25,5.25,5.26,1673700.0
2018-01-12 10:47:44.207000,5.25,5.25,5.26,1673700.0
2018-01-12 10:47:47.117000,5.25,5.25,5.26,1673700.0
2018-01-12 10:47:49.416000,5.25,5.25,5.26,1673700.0
2018-01-12 10:47:51.759000,5.25,5.25,5.26,1673700.0
2018-01-12 10:47:54.342000,5.25,5.25,5.26,1673700.0
2018-01-12 10:47:56.749000,5.25,5.25,5.26,1673700.0
2018-01-12 10:47:59.236000,5.25,5.25,5.26,1673700.0
2018-01-12 10:48:01.680000,5.25,5.25,5.26,1673700.0
2018-01-12 10:48:08.096000,5.25,5.25,5.26,1673700.0
2018-01-12 10:48:10.365000,5.25,5.25,5.26,1673700.0
2018-01-12 10:48:13.218000,5.25,5.25,5.26,1673700.0
2018-01-12 10:48:15.602000,5.25,5.25,5.26,1673700.0
2018-01-12 10:48:18.407000,5.25,5.25,5.26,1673700.0
2018-01-12 10:48:21.105000,5.25,5.25,5.26,1673700.0
2018-01-12 10:48:23.684000,5.25,5.25,5.26,1673700.0
2018-01-12 10:48:26.072000,5.25,5.25,5.26,1673700.0
2018-01-12 10:48:28.557000,5.25,5.25,5.26,1673700.0
2018-01-12 10:48:31.189000,5.25,5.25,5.26,1673700.0
2018-01-12 10:48:33.770000,5.25,5.25,5.26,1673700.0
2018-01-12 10:48:36.903000,5.25,5.25,5.26,1673700.0
2018-01-12 10:48:39.310000,5.25,5.25,5.26,1673700.0
2018-01-12 10:48:41.742000,5.25,5.25,5.26,1673700.0
2018-01-12 10:48:44.231000,5.25,5.25,5.26,1673700.0
2018-01-12 10:48:46.846000,5.25,5.25,5.26,1673700.0
2018-01-12 10:48:49.513000,5.25,5.25,5.26,1673700.0
2018-01-12 10:48:52.082000,5.25,5.25,5.26,1673700.0
2018-01-12 10:48:54.805000,5.25,5.25,5.26,1673700.0
2018-01-12 10:48:57.507000,5.25,5.25,5.26,1673700.0
2018-01-12 10:48:59.913000,5.25,5.25,5.26,1673700.0
2018-01-12 10:49:02.612000,5.25,5.25,5.26,1673700.0
2018-01-12 10:49:05.165000,5.25,5.25,5.26,1673700.0
2018-01-12 10:49:08.044000,5.25,5.25,5.26,1673700.0
2018-01-12 10:49:10.779000,5.25,5.25,5.26,1673700.0
2018-01-12 10:49:13.295000,5.25,5.25,5.26,1673700.0
2018-01-12 10:49:15.775000,5.25,5.25,5.26,1673700.0
2018-01-12 10:49:18.560000,5.25,5.25,5.26,1673700.0
2018-01-12 10:49:21.290000,5.25,5.25,5.26,1673700.0
2018-01-12 10:49:23.762000,5.25,5.25,5.26,1673700.0
2018-01-12 10:49:26.372000,5.25,5.25,5.26,1673700.0
2018-01-12 10:49:28.846000,5.25,5.25,5.26,1673700.0
2018-01-12 10:49:31.232000,5.25,5.25,5.26,1673700.0
2018-01-12 10:49:33.702000,5.25,5.25,5.26,1673700.0
2018-01-12 10:49:36.261000,5.25,5.25,5.26,1673700.0
2018-01-12 10:49:38.702000,5.25,5.25,5.26,1673700.0
2018-01-12 10:49:41.458000,5.25,5.25,5.26,1673700.0
2018-01-12 10:49:43.978000,5.25,5.25,5.26,1673700.0
2018-01-12 10:49:46.795000,5.25,5.25,5.26,1673700.0
2018-01-12 10:49:49.358000,5.25,5.25,5.26,1673700.0
2018-01-12 10:49:52.065000,5.25,5.25,5.26,1673700.0
2018-01-12 10:49:55.620000,5.25,5.25,5.26,1673700.0
2018-01-12 10:49:58.442000,5.25,5.25,5.26,1673700.0
2018-01-12 10:50:01.041000,5.25,5.25,5.26,1673700.0
2018-01-12 10:50:03.670000,5.25,5.25,5.26,1673700.0
2018-01-12 10:50:06.327000,5.25,5.25,5.26,1673700.0
2018-01-12 10:50:08.909000,5.25,5.25,5.26,1673700.0
2018-01-12 10:50:12.016000,5.25,5.25,5.26,1673700.0
2018-01-12 10:50:14.410000,5.25,5.25,5.26,1673700.0
2018-01-12 10:50:16.840000,5.25,5.25,5.26,1673700.0
2018-01-12 10:50:20.212000,5.25,5.25,5.26,1673700.0
2018-01-12 10:50:22.803000,5.25,5.25,5.26,1673700.0
2018-01-12 10:50:25.293000,5.25,5.25,5.26,1673700.0
2018-01-12 10:50:27.811000,5.25,5.25,5.26,1673700.0
2018-01-12 10:50:30.371000,5.25,5.25,5.26,1673700.0
2018-01-12 10:50:33.039000,5.25,5.25,5.26,1673700.0
2018-01-12 10:50:35.481000,5.25,5.25,5.26,1673700.0
2018-01-12 10:50:37.891000,5.25,5.25,5.26,1673700.0
2018-01-12 10:50:40.543000,5.25,5.25,5.26,1673700.0
2018-01-12 10:50:43.020000,5.25,5.25,5.26,1673700.0
2018-01-12 10:50:45.589000,5.25,5.25,5.26,1673700.0
2018-01-12 10:50:47.999000,5.25,5.25,5.26,1673700.0
2018-01-12 10:50:50.434000,5.25,5.25,5.26,1673700.0
2018-01-12 10:50:53,5.25,5.25,5.26,1673700.0
2018-01-12 10:50:55.620000,5.25,5.25,5.26,1673700.0
2018-01-12 10:50:58.171000,5.25,5.25,5.26,1673700.0
2018-01-12 10:51:00.763000,5.25,5.25,5.26,1673700.0
2018-01-12 10:51:07.093000,5.25,5.25,5.26,1673700.0
2018-01-12 10:51:10.217000,5.25,5.25,5.26,1673700.0
2018-01-12 10:51:15.968000,5.25,5.25,5.26,1673700.0
2018-01-12 10:51:18.658000,5.25,5.25,5.26,1673700.0
2018-01-12 10:51:21.952000,5.25,5.25,5.26,1673700.0
2018-01-12 10:51:24.664000,5.25,5.25,5.26,1673700.0
2018-01-12 10:51:27.361000,5.25,5.25,5.26,1673700.0
2018-01-12 10:51:30.086000,5.25,5.25,5.26,1673700.0
2018-01-12 10:51:33.157000,5.25,5.25,5.26,1673700.0
2018-01-12 10:51:36.341000,5.25,5.25,5.26,1673700.0
2018-01-12 10:51:38.885000,5.25,5.25,5.26,1673700.0
2018-01-12 10:51:41.341000,5.25,5.25,5.26,1673700.0
2018-01-12 10:51:43.917000,5.25,5.25,5.26,1673700.0
2018-01-12 10:51:46.627000,5.25,5.25,5.26,1673700.0
2018-01-12 10:51:49.162000,5.25,5.25,5.26,1673700.0
2018-01-12 10:51:52.001000,5.25,5.25,5.26,1673700.0
2018-01-12 10:51:54.689000,5.25,5.25,5.26,1673700.0
2018-01-12 10:51:57.207000,5.25,5.25,5.26,1673700.0
2018-01-12 10:51:59.617000,5.25,5.25,5.26,1673700.0
2018-01-12 10:52:02.203000,5.25,5.25,5.26,1673700.0
2018-01-12 10:52:06.888000,5.25,5.25,5.26,1673700.0
2018-01-12 10:52:09.313000,5.25,5.25,5.26,1673700.0
2018-01-12 10:52:12.236000,5.25,5.25,5.26,1673700.0
2018-01-12 10:52:14.901000,5.25,5.25,5.26,1673700.0
2018-01-12 10:52:17.283000,5.25,5.25,5.26,1673700.0
2018-01-12 10:52:19.708000,5.25,5.25,5.26,1673700.0
2018-01-12 10:52:22.235000,5.25,5.25,5.26,1673700.0
2018-01-12 10:52:24.650000,5.25,5.25,5.26,1673700.0
2018-01-12 10:52:27.468000,5.25,5.25,5.26,1673700.0
2018-01-12 10:52:30.004000,5.25,5.25,5.26,1673700.0
2018-01-12 10:52:32.578000,5.25,5.25,5.26,1673700.0
2018-01-12 10:52:35.162000,5.25,5.25,5.26,1673700.0
2018-01-12 10:52:37.502000,5.25,5.25,5.26,1673700.0
2018-01-12 10:52:40.058000,5.25,5.25,5.26,1673700.0
2018-01-12 10:52:42.605000,5.25,5.25,5.26,1673700.0
2018-01-12 10:52:45.514000,5.25,5.25,5.26,1673700.0
2018-01-12 10:52:48.330000,5.25,5.25,5.26,1673700.0
2018-01-12 10:52:50.875000,5.25,5.25,5.26,1673700.0
2018-01-12 10:52:53.291000,5.25,5.25,5.26,1673700.0
2018-01-12 10:52:55.782000,5.25,5.25,5.26,1673700.0
2018-01-12 10:52:58.475000,5.25,5.25,5.26,1673700.0
2018-01-12 10:53:01.123000,5.25,5.25,5.26,1833700.0
2018-01-12 10:53:03.737000,5.25,5.25,5.26,1833700.0
2018-01-12 10:53:06.453000,5.25,5.25,5.26,1833700.0
2018-01-12 10:53:10.277000,5.25,5.25,5.26,1833700.0
2018-01-12 10:53:12.768000,5.25,5.25,5.26,1833700.0
2018-01-12 10:53:15.400000,5.25,5.25,5.26,1833700.0
2018-01-12 10:53:17.911000,5.25,5.25,5.26,1833700.0
2018-01-12 10:53:20.670000,5.25,5.25,5.26,1833700.0
2018-01-12 10:53:23.174000,5.25,5.25,5.26,1833700.0
2018-01-12 10:53:25.828000,5.25,5.25,5.26,1833700.0
2018-01-12 10:53:28.597000,5.25,5.25,5.26,1833700.0
2018-01-12 10:53:31.155000,5.25,5.25,5.26,1833700.0
2018-01-12 10:53:33.846000,5.25,5.25,5.26,1833700.0
2018-01-12 10:53:36.285000,5.25,5.25,5.26,1833700.0
2018-01-12 10:53:38.781000,5.25,5.25,5.26,1833700.0
2018-01-12 10:53:41.245000,5.25,5.25,5.26,1833700.0
2018-01-12 10:53:43.997000,5.25,5.25,5.26,1833700.0
2018-01-12 10:53:46.549000,5.25,5.25,5.26,1833700.0
2018-01-12 10:53:49.207000,5.25,5.25,5.26,1833700.0
2018-01-12 10:53:51.610000,5.25,5.25,5.26,1833700.0
2018-01-12 10:53:54.278000,5.25,5.25,5.26,1833700.0
2018-01-12 10:53:57.191000,5.25,5.25,5.26,1833700.0
2018-01-12 10:53:59.778000,5.25,5.25,5.26,1833700.0
2018-01-12 10:54:03.286000,5.25,5.25,5.26,1833700.0
2018-01-12 10:54:05.876000,5.25,5.25,5.26,1833700.0
2018-01-12 10:54:08.471000,5.25,5.25,5.26,1833700.0
2018-01-12 10:54:13.715000,5.25,5.25,5.26,1833700.0
2018-01-12 10:54:16.441000,5.25,5.25,5.26,1833700.0
2018-01-12 10:54:19.116000,5.25,5.25,5.26,1833700.0
2018-01-12 10:54:21.699000,5.25,5.25,5.26,1833700.0
2018-01-12 10:54:24.403000,5.25,5.25,5.26,1833700.0
2018-01-12 10:54:27.024000,5.25,5.25,5.26,1833700.0
2018-01-12 10:54:29.497000,5.25,5.25,5.26,1833700.0
2018-01-12 10:54:32.042000,5.25,5.25,5.26,1833700.0
2018-01-12 10:54:34.714000,5.25,5.25,5.26,1833700.0
2018-01-12 10:54:37.245000,5.25,5.25,5.26,1833700.0
2018-01-12 10:54:39.835000,5.25,5.25,5.26,1833700.0
2018-01-12 10:54:42.392000,5.25,5.25,5.26,1833700.0
2018-01-12 10:54:45.256000,5.25,5.25,5.26,1833700.0
2018-01-12 10:54:47.926000,5.25,5.25,5.26,1833700.0
2018-01-12 10:54:50.448000,5.25,5.25,5.26,1833700.0
2018-01-12 10:54:52.968000,5.25,5.25,5.26,1833700.0
2018-01-12 10:54:55.469000,5.25,5.25,5.26,1833700.0
2018-01-12 10:54:58.702000,5.25,5.25,5.26,1833700.0
2018-01-12 10:55:01.411000,5.25,5.25,5.26,1833700.0
2018-01-12 10:55:04.104000,5.25,5.25,5.26,1833700.0
2018-01-12 10:55:06.674000,5.25,5.25,5.26,1833700.0
2018-01-12 10:55:09.199000,5.25,5.25,5.26,1833700.0
2018-01-12 10:55:15.271000,5.25,5.25,5.26,1833700.0
2018-01-12 10:55:18.803000,5.25,5.25,5.26,1833700.0
2018-01-12 10:55:21.382000,5.25,5.25,5.26,1833700.0
2018-01-12 10:55:23.854000,5.25,5.25,5.26,1833700.0
2018-01-12 10:55:26.472000,5.25,5.25,5.26,1833700.0
2018-01-12 10:55:28.741000,5.25,5.25,5.26,1833700.0
2018-01-12 10:55:31.317000,5.25,5.25,5.26,1833700.0
2018-01-12 10:55:33.677000,5.25,5.25,5.26,1833700.0
2018-01-12 10:55:36.472000,5.25,5.25,5.26,1833700.0
2018-01-12 10:55:39.116000,5.25,5.25,5.26,1833700.0
2018-01-12 10:55:41.648000,5.25,5.25,5.26,1833700.0
2018-01-12 10:55:44.463000,5.25,5.25,5.26,1833700.0
2018-01-12 10:55:47.006000,5.25,5.25,5.26,1833700.0
2018-01-12 10:55:49.494000,5.25,5.25,5.26,1833700.0
2018-01-12 10:55:51.887000,5.25,5.25,5.26,1833700.0
2018-01-12 10:55:54.626000,5.25,5.25,5.26,1833700.0
2018-01-12 10:55:57.131000,5.25,5.25,5.26,1833700.0
2018-01-12 10:55:59.939000,5.25,5.25,5.26,1833700.0
2018-01-12 10:56:02.525000,5.25,5.25,5.26,1833700.0
2018-01-12 10:56:05.013000,5.25,5.25,5.26,1833700.0
2018-01-12 10:56:07.197000,5.25,5.25,5.26,1833700.0
2018-01-12 10:56:09.687000,5.25,5.25,5.26,1833700.0
2018-01-12 10:56:12.229000,5.25,5.25,5.26,1833700.0
2018-01-12 10:56:15.115000,5.25,5.25,5.26,1833700.0
2018-01-12 10:56:17.630000,5.25,5.25,5.26,1833700.0
2018-01-12 10:56:20.227000,5.25,5.25,5.26,1838700.0
2018-01-12 10:56:23.222000,5.25,5.24,5.25,1838700.0
2018-01-12 10:56:25.810000,5.25,5.24,5.25,1838700.0
2018-01-12 10:56:28.414000,5.25,5.24,5.25,1838700.0
2018-01-12 10:56:31.003000,5.25,5.24,5.25,1838700.0
2018-01-12 10:56:33.694000,5.25,5.24,5.25,1838700.0
2018-01-12 10:56:36.240000,5.25,5.24,5.25,1838700.0
2018-01-12 10:56:39.025000,5.25,5.24,5.25,1838700.0
2018-01-12 10:56:41.566000,5.25,5.24,5.25,1838700.0
2018-01-12 10:56:44.055000,5.25,5.24,5.25,1838700.0
2018-01-12 10:56:46.790000,5.25,5.24,5.25,1838700.0
2018-01-12 10:56:49.556000,5.25,5.24,5.25,1838700.0
2018-01-12 10:56:52.162000,5.25,5.24,5.25,1838700.0
2018-01-12 10:56:54.572000,5.25,5.24,5.25,1838700.0
2018-01-12 10:56:57.082000,5.25,5.24,5.25,1838700.0
2018-01-12 10:56:59.668000,5.25,5.24,5.25,1838700.0
2018-01-12 10:57:02.181000,5.25,5.24,5.25,1838700.0
2018-01-12 10:57:06.585000,5.25,5.24,5.25,1838700.0
2018-01-12 10:57:09.157000,5.25,5.24,5.25,1838700.0
2018-01-12 10:57:12.962000,5.25,5.24,5.25,1838700.0
2018-01-12 10:57:15.384000,5.25,5.24,5.25,1838700.0
2018-01-12 10:57:18.725000,5.25,5.24,5.25,1838700.0
2018-01-12 10:57:21.224000,5.25,5.24,5.25,1838700.0
2018-01-12 10:57:24.217000,5.25,5.24,5.25,1838700.0
2018-01-12 10:57:26.896000,5.25,5.24,5.25,1838700.0
2018-01-12 10:57:29.492000,5.25,5.24,5.25,1838700.0
2018-01-12 10:57:31.961000,5.25,5.24,5.25,1838700.0
2018-01-12 10:57:34.417000,5.25,5.24,5.25,1838700.0
2018-01-12 10:57:36.781000,5.25,5.24,5.25,1838700.0
2018-01-12 10:57:39.424000,5.25,5.24,5.25,1838700.0
2018-01-12 10:57:41.808000,5.25,5.24,5.25,1838700.0
2018-01-12 10:57:44.467000,5.25,5.24,5.25,1838700.0
2018-01-12 10:57:47.333000,5.25,5.24,5.25,1838700.0
2018-01-12 10:57:50.405000,5.25,5.24,5.25,1838700.0
2018-01-12 10:57:54.712000,5.25,5.24,5.25,1838700.0
2018-01-12 10:57:57.245000,5.25,5.24,5.25,1838700.0
2018-01-12 10:57:59.625000,5.25,5.24,5.25,1838700.0
2018-01-12 10:58:02.057000,5.25,5.24,5.25,1838700.0
2018-01-12 10:58:04.832000,5.25,5.24,5.25,1838700.0
2018-01-12 10:58:07.276000,5.25,5.24,5.25,1838700.0
2018-01-12 10:58:11.850000,5.25,5.24,5.25,1838700.0
2018-01-12 10:58:14.587000,5.25,5.24,5.25,1838700.0
2018-01-12 10:58:20.373000,5.25,5.24,5.25,1838700.0
2018-01-12 10:58:22.935000,5.25,5.24,5.25,1838700.0
2018-01-12 10:58:25.569000,5.25,5.24,5.25,1838700.0
2018-01-12 10:58:28.206000,5.25,5.24,5.25,1838700.0
2018-01-12 10:58:30.987000,5.25,5.24,5.25,1838700.0
2018-01-12 10:58:33.449000,5.25,5.24,5.25,1838700.0
2018-01-12 10:58:36.368000,5.25,5.24,5.25,1838700.0
2018-01-12 10:58:39.221000,5.25,5.24,5.25,1838700.0
2018-01-12 10:58:41.618000,5.25,5.24,5.25,1838700.0
2018-01-12 10:58:44.006000,5.25,5.24,5.25,1838700.0
2018-01-12 10:58:46.603000,5.25,5.24,5.25,1838700.0
2018-01-12 10:58:49.219000,5.24,5.24,5.25,1855000.0
2018-01-12 10:58:51.804000,5.24,5.24,5.25,1855000.0
2018-01-12 10:58:54.457000,5.24,5.24,5.25,1855000.0
2018-01-12 10:58:56.868000,5.24,5.24,5.25,1855000.0
2018-01-12 10:58:59.464000,5.24,5.24,5.25,1855000.0
2018-01-12 10:59:02.180000,5.24,5.24,5.25,1855000.0
2018-01-12 10:59:06.871000,5.24,5.24,5.25,1855000.0
2018-01-12 10:59:09.406000,5.24,5.24,5.25,1855000.0
2018-01-12 10:59:12.086000,5.24,5.24,5.25,1855000.0
2018-01-12 10:59:14.831000,5.24,5.24,5.25,1855000.0
2018-01-12 10:59:17.368000,5.24,5.24,5.25,1855000.0
2018-01-12 10:59:23.286000,5.24,5.24,5.25,1855000.0
2018-01-12 10:59:26.019000,5.24,5.24,5.25,1855000.0
2018-01-12 10:59:28.634000,5.24,5.24,5.25,1855000.0
2018-01-12 10:59:31.166000,5.24,5.24,5.25,1855000.0
2018-01-12 10:59:33.747000,5.24,5.24,5.25,1855000.0
2018-01-12 10:59:36.354000,5.24,5.24,5.25,1855000.0
2018-01-12 10:59:38.967000,5.24,5.24,5.25,1855000.0
2018-01-12 10:59:41.510000,5.24,5.24,5.25,1855000.0
2018-01-12 10:59:43.912000,5.24,5.24,5.25,1855000.0
2018-01-12 10:59:46.422000,5.24,5.24,5.25,1855000.0
2018-01-12 10:59:49.022000,5.24,5.24,5.25,1855000.0
2018-01-12 10:59:51.635000,5.24,5.24,5.25,1855000.0
2018-01-12 10:59:53.984000,5.24,5.24,5.25,1871400.0
2018-01-12 10:59:56.525000,5.24,5.24,5.25,1871400.0
2018-01-12 10:59:59.099000,5.24,5.24,5.25,1871400.0
2018-01-12 11:00:01.795000,5.24,5.24,5.25,1871400.0
2018-01-12 11:00:04.314000,5.24,5.24,5.25,1871400.0
2018-01-12 11:00:06.681000,5.24,5.24,5.25,1871400.0
2018-01-12 11:00:09.392000,5.24,5.24,5.25,1871400.0
2018-01-12 11:00:12.076000,5.24,5.24,5.25,1871400.0
2018-01-12 11:00:14.764000,5.24,5.24,5.25,1871400.0
2018-01-12 11:00:17.728000,5.24,5.24,5.25,1871400.0
2018-01-12 11:00:20.873000,5.24,5.24,5.25,1871400.0
2018-01-12 11:00:23.374000,5.24,5.24,5.25,1871400.0
2018-01-12 11:00:25.933000,5.24,5.24,5.25,1871400.0
2018-01-12 11:00:28.409000,5.24,5.24,5.25,1871400.0
2018-01-12 11:00:31.183000,5.24,5.24,5.25,1871400.0
2018-01-12 11:00:33.930000,5.24,5.24,5.25,1871400.0
2018-01-12 11:00:36.368000,5.24,5.24,5.25,1871400.0
2018-01-12 11:00:38.975000,5.24,5.24,5.25,1871400.0
2018-01-12 11:00:41.466000,5.24,5.24,5.25,1871400.0
2018-01-12 11:00:43.839000,5.24,5.24,5.25,1871400.0
2018-01-12 11:00:46.246000,5.24,5.24,5.25,1871400.0
2018-01-12 11:00:48.906000,5.24,5.24,5.25,1871400.0
2018-01-12 11:00:51.513000,5.24,5.24,5.25,1871400.0
2018-01-12 11:00:54.235000,5.24,5.24,5.25,1871400.0
2018-01-12 11:00:57.026000,5.24,5.24,5.25,1871400.0
2018-01-12 11:00:59.702000,5.24,5.24,5.25,1871400.0
2018-01-12 11:01:02.516000,5.24,5.24,5.25,1871400.0
2018-01-12 11:01:05.394000,5.24,5.24,5.25,1871400.0
2018-01-12 11:01:08.062000,5.24,5.24,5.25,1871400.0
2018-01-12 11:01:10.754000,5.24,5.24,5.25,1871400.0
2018-01-12 11:01:13.192000,5.24,5.24,5.25,1871400.0
2018-01-12 11:01:15.948000,5.24,5.24,5.25,1871400.0
2018-01-12 11:01:18.423000,5.24,5.24,5.25,1871400.0
2018-01-12 11:01:20.851000,5.24,5.24,5.25,1871400.0
2018-01-12 11:01:23.381000,5.24,5.24,5.25,1871400.0
2018-01-12 11:01:25.844000,5.24,5.24,5.25,1871400.0
2018-01-12 11:01:28.470000,5.24,5.24,5.25,1871400.0
2018-01-12 11:01:31.203000,5.24,5.24,5.25,1871400.0
2018-01-12 11:01:33.968000,5.24,5.24,5.25,1871400.0
2018-01-12 11:01:36.451000,5.24,5.24,5.25,1871400.0
2018-01-12 11:01:38.983000,5.24,5.24,5.25,1871400.0
2018-01-12 11:01:41.624000,5.24,5.24,5.25,1871400.0
2018-01-12 11:01:44.263000,5.24,5.24,5.25,1871400.0
2018-01-12 11:01:46.872000,5.24,5.24,5.25,1871400.0
2018-01-12 11:01:49.552000,5.24,5.24,5.25,1871400.0
2018-01-12 11:01:52.110000,5.24,5.24,5.25,1871400.0
2018-01-12 11:01:54.716000,5.24,5.24,5.25,1871400.0
2018-01-12 11:01:57.407000,5.24,5.24,5.25,1871400.0
2018-01-12 11:01:59.867000,5.24,5.24,5.25,1871400.0
2018-01-12 11:02:02.326000,5.24,5.24,5.25,1871400.0
2018-01-12 11:02:04.945000,5.24,5.24,5.25,1871400.0
2018-01-12 11:02:07.483000,5.24,5.24,5.25,1871400.0
2018-01-12 11:02:10.018000,5.24,5.24,5.25,1871400.0
2018-01-12 11:02:12.475000,5.24,5.24,5.25,1871400.0
2018-01-12 11:02:15.160000,5.24,5.24,5.25,1871400.0
2018-01-12 11:02:17.896000,5.24,5.24,5.25,1871400.0
2018-01-12 11:02:20.477000,5.24,5.24,5.25,1871400.0
2018-01-12 11:02:23.079000,5.24,5.24,5.25,1871400.0
2018-01-12 11:02:25.527000,5.24,5.24,5.25,1871400.0
2018-01-12 11:02:27.989000,5.24,5.24,5.25,1871400.0
2018-01-12 11:02:30.775000,5.24,5.24,5.25,1871400.0
2018-01-12 11:02:33.516000,5.24,5.24,5.25,1871400.0
2018-01-12 11:02:36.047000,5.24,5.24,5.25,1871400.0
2018-01-12 11:02:38.561000,5.24,5.24,5.25,1871400.0
2018-01-12 11:02:41.081000,5.24,5.24,5.25,1871400.0
2018-01-12 11:02:43.784000,5.24,5.24,5.25,1871400.0
2018-01-12 11:02:46.323000,5.24,5.24,5.25,1871400.0
2018-01-12 11:02:48.894000,5.24,5.24,5.25,1871400.0
2018-01-12 11:02:51.483000,5.24,5.24,5.25,1871400.0
2018-01-12 11:02:54.032000,5.24,5.24,5.25,1871400.0
2018-01-12 11:02:56.483000,5.24,5.24,5.25,1871400.0
2018-01-12 11:02:58.995000,5.24,5.24,5.25,1871400.0
2018-01-12 11:03:01.529000,5.24,5.24,5.25,1871400.0
2018-01-12 11:03:05.172000,5.24,5.24,5.25,1871400.0
2018-01-12 11:03:07.978000,5.24,5.24,5.25,1871400.0
2018-01-12 11:03:10.667000,5.24,5.24,5.25,1871400.0
2018-01-12 11:03:14.260000,5.24,5.24,5.25,1871400.0
2018-01-12 11:03:16.764000,5.24,5.24,5.25,1871400.0
2018-01-12 11:03:19.177000,5.24,5.24,5.25,1871400.0
2018-01-12 11:03:22.389000,5.24,5.24,5.25,1871400.0
2018-01-12 11:03:24.987000,5.24,5.24,5.25,1871400.0
2018-01-12 11:03:27.782000,5.24,5.24,5.25,1871400.0
2018-01-12 11:03:30.457000,5.24,5.24,5.25,1871400.0
2018-01-12 11:03:33.188000,5.24,5.24,5.25,1871400.0
2018-01-12 11:03:35.846000,5.24,5.24,5.25,1871400.0
2018-01-12 11:03:38.562000,5.24,5.24,5.25,1871400.0
2018-01-12 11:03:41.268000,5.24,5.24,5.25,1871400.0
2018-01-12 11:03:43.656000,5.24,5.24,5.25,1871400.0
2018-01-12 11:03:46.097000,5.24,5.24,5.25,1871400.0
2018-01-12 11:03:48.876000,5.24,5.24,5.25,1871400.0
2018-01-12 11:03:51.293000,5.24,5.24,5.25,1871400.0
2018-01-12 11:03:53.831000,5.24,5.24,5.25,1871400.0
2018-01-12 11:03:56.315000,5.24,5.24,5.25,1871400.0
2018-01-12 11:03:59.613000,5.24,5.24,5.25,1871400.0
2018-01-12 11:04:02.390000,5.24,5.24,5.25,1871400.0
2018-01-12 11:04:05.144000,5.24,5.24,5.25,1871400.0
2018-01-12 11:04:12.077000,5.24,5.24,5.25,1871400.0
2018-01-12 11:04:14.408000,5.24,5.24,5.25,1871400.0
2018-01-12 11:04:17.110000,5.24,5.24,5.25,1871400.0
2018-01-12 11:04:21.138000,5.24,5.24,5.25,1871400.0
2018-01-12 11:04:23.503000,5.24,5.24,5.25,1871400.0
2018-01-12 11:04:25.990000,5.24,5.24,5.25,1871400.0
2018-01-12 11:04:28.503000,5.24,5.24,5.25,1871400.0
2018-01-12 11:04:31.050000,5.24,5.24,5.25,1871400.0
2018-01-12 11:04:33.627000,5.24,5.24,5.25,1871400.0
2018-01-12 11:04:36.197000,5.24,5.24,5.25,1871400.0
2018-01-12 11:04:38.691000,5.24,5.24,5.25,1871400.0
2018-01-12 11:04:41.193000,5.24,5.24,5.25,1871400.0
2018-01-12 11:04:43.610000,5.24,5.24,5.25,1871400.0
2018-01-12 11:04:46.102000,5.24,5.24,5.25,1871400.0
2018-01-12 11:04:48.659000,5.24,5.24,5.25,1871400.0
2018-01-12 11:04:51.361000,5.24,5.24,5.25,1871400.0
2018-01-12 11:04:54.016000,5.24,5.24,5.25,1871400.0
2018-01-12 11:04:56.874000,5.24,5.24,5.25,1871400.0
2018-01-12 11:04:59.524000,5.24,5.24,5.25,1871400.0
2018-01-12 11:05:02.220000,5.24,5.24,5.25,1871400.0
2018-01-12 11:05:05.114000,5.24,5.24,5.25,1871400.0
2018-01-12 11:05:08.003000,5.24,5.24,5.25,1871400.0
2018-01-12 11:05:15.404000,5.24,5.24,5.25,1871400.0
2018-01-12 11:05:20.302000,5.24,5.24,5.25,1871400.0
2018-01-12 11:05:23.003000,5.24,5.24,5.25,1871400.0
2018-01-12 11:05:25.632000,5.24,5.24,5.25,1871400.0
2018-01-12 11:05:28.486000,5.24,5.24,5.25,1871400.0
2018-01-12 11:05:31.463000,5.24,5.24,5.25,1881400.0
2018-01-12 11:05:34.348000,5.24,5.24,5.25,1881400.0
2018-01-12 11:05:37.050000,5.24,5.24,5.25,1881400.0
2018-01-12 11:05:39.850000,5.24,5.24,5.25,1881400.0
2018-01-12 11:05:42.537000,5.24,5.24,5.25,1881400.0
2018-01-12 11:05:45.337000,5.24,5.24,5.25,1881400.0
2018-01-12 11:05:48.008000,5.24,5.24,5.25,1881400.0
2018-01-12 11:05:50.981000,5.24,5.24,5.25,1881400.0
2018-01-12 11:05:53.897000,5.24,5.24,5.25,1881400.0
2018-01-12 11:05:56.675000,5.24,5.24,5.25,1881400.0
2018-01-12 11:05:59.489000,5.24,5.24,5.25,1881400.0
2018-01-12 11:06:02.314000,5.24,5.24,5.25,1881400.0
2018-01-12 11:06:06.626000,5.24,5.24,5.25,1881400.0
2018-01-12 11:06:09.262000,5.24,5.24,5.25,1881400.0
2018-01-12 11:06:16.027000,5.24,5.24,5.25,1881400.0
2018-01-12 11:06:18.867000,5.24,5.24,5.25,1881400.0
2018-01-12 11:06:21.752000,5.24,5.24,5.25,1881400.0
2018-01-12 11:06:24.694000,5.24,5.24,5.25,1881400.0
2018-01-12 11:06:27.474000,5.24,5.24,5.25,1881400.0
2018-01-12 11:06:30.229000,5.24,5.24,5.25,1881400.0
2018-01-12 11:06:33.105000,5.24,5.24,5.25,1881400.0
2018-01-12 11:06:36.202000,5.24,5.24,5.25,1881400.0
2018-01-12 11:06:39.068000,5.24,5.24,5.25,1881400.0
2018-01-12 11:06:41.877000,5.24,5.24,5.25,1881400.0
2018-01-12 11:06:44.678000,5.24,5.24,5.25,1881400.0
2018-01-12 11:06:47.331000,5.24,5.24,5.25,1881400.0
2018-01-12 11:06:50.287000,5.24,5.24,5.25,1881400.0
2018-01-12 11:06:53.269000,5.24,5.24,5.25,1881400.0
2018-01-12 11:06:56.065000,5.24,5.24,5.25,1881400.0
2018-01-12 11:06:58.988000,5.24,5.24,5.25,1881400.0
2018-01-12 11:07:01.914000,5.24,5.24,5.25,1881400.0
2018-01-12 11:07:04.680000,5.24,5.24,5.25,1881400.0
2018-01-12 11:07:07.592000,5.24,5.24,5.25,1881400.0
2018-01-12 11:07:10.861000,5.24,5.24,5.25,1961400.0
2018-01-12 11:07:13.708000,5.24,5.24,5.25,1961400.0
2018-01-12 11:07:17.349000,5.24,5.24,5.25,1961400.0
2018-01-12 11:07:20.352000,5.24,5.24,5.25,1961400.0
2018-01-12 11:07:23.006000,5.24,5.24,5.25,1961400.0
2018-01-12 11:07:25.682000,5.24,5.24,5.25,1961400.0
2018-01-12 11:07:28.381000,5.24,5.24,5.25,1961400.0
2018-01-12 11:07:31.197000,5.24,5.24,5.25,1961400.0
2018-01-12 11:07:33.992000,5.24,5.24,5.25,1961400.0
2018-01-12 11:07:36.749000,5.24,5.24,5.25,1961400.0
2018-01-12 11:07:39.305000,5.24,5.24,5.25,1961400.0
2018-01-12 11:07:42.270000,5.24,5.24,5.25,1961400.0
2018-01-12 11:07:45.148000,5.24,5.24,5.25,1961400.0
2018-01-12 11:07:48.318000,5.24,5.24,5.25,1961400.0
2018-01-12 11:07:51.927000,5.24,5.24,5.25,1961400.0
2018-01-12 11:07:54.664000,5.24,5.24,5.25,1961400.0
2018-01-12 11:07:57.540000,5.24,5.24,5.25,1961400.0
2018-01-12 11:08:00.246000,5.24,5.24,5.25,1961400.0
2018-01-12 11:08:03.040000,5.24,5.24,5.25,1961400.0
2018-01-12 11:08:05.950000,5.24,5.24,5.25,1961400.0
2018-01-12 11:08:08.704000,5.24,5.24,5.25,1961400.0
2018-01-12 11:08:11.879000,5.24,5.24,5.25,1961400.0
2018-01-12 11:08:14.679000,5.24,5.24,5.25,1961400.0
2018-01-12 11:08:17.553000,5.24,5.24,5.25,1961400.0
2018-01-12 11:08:20.463000,5.24,5.24,5.25,1961400.0
2018-01-12 11:08:23.491000,5.24,5.24,5.25,1961400.0
2018-01-12 11:08:26.291000,5.24,5.24,5.25,1961400.0
2018-01-12 11:08:29.132000,5.24,5.24,5.25,1961400.0
2018-01-12 11:08:31.849000,5.24,5.24,5.25,1961400.0
2018-01-12 11:08:34.867000,5.24,5.24,5.25,1961400.0
2018-01-12 11:08:37.600000,5.24,5.24,5.25,1961400.0
2018-01-12 11:08:40.349000,5.24,5.24,5.25,1961400.0
2018-01-12 11:08:43.180000,5.24,5.24,5.25,1961400.0
2018-01-12 11:08:45.905000,5.24,5.24,5.25,1961400.0
2018-01-12 11:08:48.599000,5.24,5.24,5.25,1961400.0
2018-01-12 11:08:51.471000,5.24,5.24,5.25,1961400.0
2018-01-12 11:08:54.339000,5.24,5.24,5.26,1961400.0
2018-01-12 11:08:57.444000,5.24,5.24,5.26,1961400.0
2018-01-12 11:08:59.979000,5.24,5.24,5.26,1961400.0
2018-01-12 11:09:02.771000,5.24,5.24,5.26,1961400.0
2018-01-12 11:09:05.493000,5.24,5.24,5.26,1961400.0
2018-01-12 11:09:08.313000,5.24,5.24,5.26,1961400.0
2018-01-12 11:09:14.511000,5.24,5.24,5.26,1961400.0
2018-01-12 11:09:17.468000,5.24,5.24,5.26,1961400.0
2018-01-12 11:09:20.222000,5.24,5.24,5.26,1961400.0
2018-01-12 11:09:22.990000,5.24,5.24,5.26,1961400.0
2018-01-12 11:09:25.680000,5.24,5.24,5.26,1961400.0
2018-01-12 11:09:28.381000,5.24,5.24,5.26,1961400.0
2018-01-12 11:09:31.338000,5.24,5.24,5.26,1961400.0
2018-01-12 11:09:33.905000,5.24,5.24,5.26,1961400.0
2018-01-12 11:09:36.671000,5.24,5.24,5.26,1961400.0
2018-01-12 11:09:39.361000,5.24,5.24,5.26,1961400.0
2018-01-12 11:09:42.274000,5.24,5.24,5.26,1961400.0
2018-01-12 11:09:45.059000,5.24,5.24,5.26,1961400.0
2018-01-12 11:09:48.007000,5.24,5.24,5.26,1961400.0
2018-01-12 11:09:50.651000,5.24,5.24,5.26,1961400.0
2018-01-12 11:09:53.368000,5.24,5.24,5.26,1961400.0
2018-01-12 11:09:56.449000,5.24,5.24,5.26,1961400.0
2018-01-12 11:09:59.236000,5.24,5.24,5.26,1961400.0
2018-01-12 11:10:01.933000,5.24,5.24,5.25,1961400.0
2018-01-12 11:10:04.730000,5.24,5.24,5.25,1961400.0
2018-01-12 11:10:07.298000,5.24,5.24,5.25,1961400.0
2018-01-12 11:10:12.197000,5.24,5.24,5.25,1961400.0
2018-01-12 11:10:15.544000,5.24,5.24,5.25,1961400.0
