time,price,bid,ask,volume
2018-01-10 09:30:35.088000,5.29,5.29,5.32,4489000.0
2018-01-10 09:30:39.958000,5.29,5.29,5.32,4489000.0
2018-01-10 09:30:44.203000,5.29,5.29,5.32,4489000.0
2018-01-10 09:30:49.333000,5.29,5.29,5.32,4489000.0
2018-01-10 09:30:54.584000,5.29,5.29,5.32,4489000.0
2018-01-10 09:30:59.536000,5.29,5.29,5.32,4489000.0
2018-01-10 09:31:05.779000,5.29,5.29,5.32,4489000.0
2018-01-10 09:31:10.661000,5.29,5.29,5.32,4489000.0
2018-01-10 09:31:18.267000,5.29,5.29,5.32,4489000.0
2018-01-10 09:31:22.830000,5.29,5.29,5.32,4489000.0
2018-01-10 09:31:26.224000,5.29,5.29,5.32,4489000.0
2018-01-10 09:31:31.067000,5.29,5.29,5.32,4489000.0
2018-01-10 09:31:35.836000,5.29,5.29,5.32,4489000.0
2018-01-10 09:31:41.171000,5.3,5.29,5.31,32600.0
2018-01-10 09:31:45.972000,5.3,5.29,5.31,32600.0
2018-01-10 09:31:51.598000,5.3,5.29,5.31,32600.0
2018-01-10 09:31:55.492000,5.3,5.29,5.31,32600.0
2018-01-10 09:31:59.855000,5.3,5.29,5.31,32600.0
2018-01-10 09:32:04.330000,5.3,5.29,5.31,32600.0
2018-01-10 09:32:08.534000,5.3,5.29,5.31,32600.0
2018-01-10 09:32:13.317000,5.3,5.29,5.31,32600.0
2018-01-10 09:32:18.396000,5.3,5.29,5.31,32600.0
2018-01-10 09:32:23.332000,5.3,5.29,5.31,32600.0
2018-01-10 09:32:27.629000,5.3,5.29,5.31,32600.0
2018-01-10 09:32:32.531000,5.3,5.29,5.31,32600.0
2018-01-10 09:32:37.843000,5.3,5.29,5.31,32600.0
2018-01-10 09:32:42.626000,5.3,5.29,5.31,32600.0
2018-01-10 09:32:46.039000,5.3,5.29,5.31,32600.0
2018-01-10 09:32:51.121000,5.3,5.29,5.31,32600.0
2018-01-10 09:32:56.113000,5.3,5.29,5.31,32600.0
2018-01-10 09:32:59.838000,5.3,5.29,5.31,32600.0
2018-01-10 09:33:04.458000,5.3,5.29,5.31,32600.0
2018-01-10 09:33:09.053000,5.3,5.29,5.31,32600.0
2018-01-10 09:33:15.763000,5.3,5.29,5.31,32600.0
2018-01-10 09:33:20.897000,5.3,5.29,5.31,32600.0
2018-01-10 09:33:24.964000,5.3,5.28,5.3,32600.0
2018-01-10 09:33:30.123000,5.3,5.29,5.3,32600.0
2018-01-10 09:33:34.134000,5.3,5.29,5.3,32600.0
2018-01-10 09:33:39.178000,5.3,5.29,5.3,32600.0
2018-01-10 09:33:43.287000,5.3,5.29,5.3,32600.0
2018-01-10 09:33:48.303000,5.3,5.29,5.3,32600.0
2018-01-10 09:33:52.827000,5.3,5.29,5.3,32600.0
2018-01-10 09:33:57.478000,5.3,5.29,5.3,32600.0
2018-01-10 09:34:02.862000,5.3,5.29,5.3,32600.0
2018-01-10 09:34:08.193000,5.3,5.29,5.3,32600.0
2018-01-10 09:34:13.038000,5.3,5.29,5.3,32600.0
2018-01-10 09:34:18.445000,5.3,5.29,5.3,32600.0
2018-01-10 09:34:23.084000,5.3,5.29,5.3,32600.0
2018-01-10 09:34:26.728000,5.3,5.29,5.3,32600.0
2018-01-10 09:34:31.429000,5.3,5.29,5.3,32600.0
2018-01-10 09:34:35.695000,5.3,5.29,5.3,32600.0
2018-01-10 09:34:39.854000,5.3,5.29,5.3,32600.0
2018-01-10 09:34:43.996000,5.3,5.29,5.3,32600.0
2018-01-10 09:34:48.668000,5.3,5.29,5.3,32600.0
2018-01-10 09:34:51.906000,5.3,5.29,5.3,32600.0
2018-01-10 09:34:56.072000,5.3,5.29,5.3,32600.0
2018-01-10 09:35:01.479000,5.3,5.29,5.3,32600.0
2018-01-10 09:35:05.769000,5.3,5.29,5.3,32600.0
2018-01-10 09:35:11.076000,5.3,5.29,5.3,32600.0
2018-01-10 09:35:15.387000,5.3,5.29,5.3,32600.0
2018-01-10 09:35:20.652000,5.3,5.29,5.3,32600.0
2018-01-10 09:35:24.854000,5.3,5.29,5.3,32600.0
2018-01-10 09:35:29.002000,5.3,5.29,5.3,32600.0
2018-01-10 09:35:34.150000,5.3,5.29,5.3,32600.0
2018-01-10 09:35:39.077000,5.3,5.29,5.3,32600.0
2018-01-10 09:35:46.265000,5.3,5.29,5.3,32600.0
2018-01-10 09:35:50.698000,5.3,5.29,5.3,32600.0
2018-01-10 09:35:55.612000,5.3,5.29,5.3,32600.0
2018-01-10 09:36:01.178000,5.3,5.29,5.3,32600.0
2018-01-10 09:36:06.059000,5.3,5.29,5.3,32600.0
2018-01-10 09:36:12.359000,5.3,5.29,5.3,32600.0
2018-01-10 09:36:16.199000,5.3,5.29,5.3,32600.0
2018-01-10 09:36:21.137000,5.3,5.29,5.3,32600.0
2018-01-10 09:36:25.763000,5.3,5.29,5.3,32600.0
2018-01-10 09:36:30.625000,5.3,5.29,5.3,32600.0
2018-01-10 09:36:35.739000,5.3,5.29,5.3,32600.0
2018-01-10 09:36:40.528000,5.3,5.29,5.3,32600.0
2018-01-10 09:36:45.201000,5.3,5.29,5.3,32600.0
2018-01-10 09:36:49.465000,5.3,5.29,5.3,32600.0
2018-01-10 09:36:54.272000,5.3,5.29,5.3,32600.0
2018-01-10 09:36:59.433000,5.3,5.29,5.3,32600.0
2018-01-10 09:37:04.058000,5.3,5.29,5.3,32600.0
2018-01-10 09:37:13.387000,5.3,5.29,5.3,32600.0
2018-01-10 09:37:18.357000,5.3,5.29,5.3,32600.0
2018-01-10 09:37:22.860000,5.3,5.29,5.3,32600.0
2018-01-10 09:37:28.132000,5.3,5.29,5.3,32600.0
2018-01-10 09:37:33.054000,5.3,5.29,5.3,32600.0
2018-01-10 09:37:37.346000,5.3,5.29,5.3,32600.0
2018-01-10 09:37:42.345000,5.3,5.29,5.3,32600.0
2018-01-10 09:37:47.780000,5.3,5.29,5.3,32600.0
2018-01-10 09:37:51.880000,5.3,5.29,5.3,32600.0
2018-01-10 09:37:56.971000,5.29,5.29,5.3,50400.0
2018-01-10 09:38:02.364000,5.29,5.29,5.3,50400.0
2018-01-10 09:38:09.482000,5.29,5.29,5.3,50400.0
2018-01-10 09:38:14.014000,5.29,5.29,5.3,50400.0
2018-01-10 09:38:18.889000,5.29,5.29,5.3,50400.0
2018-01-10 09:38:23.685000,5.29,5.29,5.3,50400.0
2018-01-10 09:38:28.432000,5.29,5.29,5.3,50400.0
2018-01-10 09:38:33.236000,5.29,5.29,5.3,50400.0
2018-01-10 09:38:38.120000,5.29,5.29,5.3,50400.0
2018-01-10 09:38:42.768000,5.29,5.29,5.3,50400.0
2018-01-10 09:38:47.519000,5.29,5.29,5.3,50400.0
2018-01-10 09:38:51.909000,5.29,5.29,5.3,50400.0
2018-01-10 09:38:56.003000,5.29,5.29,5.3,50400.0
2018-01-10 09:39:00.643000,5.29,5.29,5.3,50400.0
2018-01-10 09:39:04.877000,5.29,5.29,5.3,50400.0
2018-01-10 09:39:12.565000,5.29,5.29,5.3,50400.0
2018-01-10 09:39:23.686000,5.29,5.29,5.3,50400.0
2018-01-10 09:39:28.372000,5.29,5.29,5.3,50400.0
2018-01-10 09:39:33.282000,5.29,5.29,5.3,50400.0
2018-01-10 09:39:37.208000,5.29,5.29,5.3,50400.0
2018-01-10 09:39:41.982000,5.29,5.29,5.3,50400.0
2018-01-10 09:39:46.081000,5.29,5.29,5.3,50400.0
2018-01-10 09:39:50.301000,5.29,5.29,5.3,50400.0
2018-01-10 09:39:55.162000,5.29,5.29,5.3,50400.0
2018-01-10 09:39:59.689000,5.29,5.29,5.3,50400.0
2018-01-10 09:40:04.454000,5.29,5.29,5.3,50400.0
2018-01-10 09:40:09.801000,5.29,5.29,5.3,50400.0
2018-01-10 09:40:15.142000,5.29,5.29,5.3,50400.0
2018-01-10 09:40:20.473000,5.29,5.29,5.3,50400.0
2018-01-10 09:40:25.170000,5.29,5.29,5.3,50400.0
2018-01-10 09:40:30.112000,5.29,5.29,5.3,50400.0
2018-01-10 09:40:34.855000,5.29,5.29,5.3,50400.0
2018-01-10 09:40:39.236000,5.29,5.29,5.3,50400.0
2018-01-10 09:40:44.345000,5.29,5.29,5.3,50400.0
2018-01-10 09:40:48.985000,5.29,5.29,5.3,50400.0
2018-01-10 09:40:53.459000,5.29,5.29,5.3,50400.0
2018-01-10 09:40:58.179000,5.29,5.29,5.3,50400.0
2018-01-10 09:41:02.364000,5.29,5.29,5.3,50400.0
2018-01-10 09:41:09.628000,5.29,5.29,5.3,50400.0
2018-01-10 09:41:12.905000,5.29,5.29,5.3,50400.0
2018-01-10 09:41:17.827000,5.29,5.29,5.3,50400.0
2018-01-10 09:41:22.931000,5.3,5.29,5.3,71400.0
2018-01-10 09:41:28.102000,5.3,5.29,5.3,71400.0
2018-01-10 09:41:31.951000,5.3,5.29,5.3,71400.0
2018-01-10 09:41:36.865000,5.3,5.29,5.3,71400.0
2018-01-10 09:41:40.910000,5.3,5.29,5.3,71400.0
2018-01-10 09:41:45.613000,5.3,5.29,5.3,71400.0
2018-01-10 09:41:50.528000,5.3,5.29,5.3,71400.0
2018-01-10 09:41:55.927000,5.3,5.29,5.3,71400.0
2018-01-10 09:42:00.333000,5.3,5.29,5.3,71400.0
2018-01-10 09:42:07.896000,5.3,5.29,5.3,71400.0
2018-01-10 09:42:12.865000,5.3,5.29,5.3,71400.0
2018-01-10 09:42:20.220000,5.3,5.29,5.3,71400.0
2018-01-10 09:42:24.990000,5.3,5.29,5.3,71400.0
2018-01-10 09:42:30.223000,5.3,5.29,5.3,71400.0
2018-01-10 09:42:35.462000,5.3,5.29,5.3,71400.0
2018-01-10 09:42:39.704000,5.3,5.29,5.3,71400.0
2018-01-10 09:42:44.584000,5.3,5.29,5.3,71400.0
2018-01-10 09:42:49.693000,5.3,5.29,5.3,71400.0
2018-01-10 09:42:55.430000,5.3,5.29,5.3,91400.0
2018-01-10 09:43:00.474000,5.3,5.29,5.3,91400.0
2018-01-10 09:44:22.680000,,,,
2018-01-10 09:48:40.329000,5.31,5.3,5.31,273400.0
2018-01-10 09:48:45.845000,5.31,5.3,5.31,273400.0
2018-01-10 09:48:50.888000,5.31,5.3,5.31,273400.0
2018-01-10 09:48:55.440000,5.31,5.3,5.31,273400.0
2018-01-10 09:49:00.400000,5.31,5.3,5.31,273400.0
2018-01-10 09:49:03.960000,5.31,5.3,5.31,584400.0
2018-01-10 09:49:09.015000,5.31,5.3,5.31,584400.0
2018-01-10 09:49:13.822000,5.31,5.3,5.31,584400.0
2018-01-10 09:49:19.656000,5.31,5.3,5.31,584400.0
2018-01-10 09:49:24.059000,5.31,5.3,5.31,584400.0
2018-01-10 09:49:29.060000,5.31,5.3,5.31,584400.0
2018-01-10 09:49:58.298000,5.31,5.3,5.31,584400.0
2018-01-10 09:50:42.270000,5.31,5.29,5.31,584400.0
2018-01-10 09:50:47.130000,5.31,5.29,5.31,584400.0
2018-01-10 09:50:52.630000,5.31,5.29,5.31,584400.0
2018-01-10 09:50:56.983000,5.31,5.29,5.31,584400.0
2018-01-10 09:51:01.450000,5.31,5.29,5.31,584400.0
2018-01-10 09:51:06.548000,5.31,5.29,5.31,584400.0
2018-01-10 09:51:11.105000,5.31,5.29,5.31,584400.0
2018-01-10 09:51:16.032000,5.31,5.29,5.31,584400.0
2018-01-10 09:51:19.988000,5.31,5.29,5.31,584400.0
2018-01-10 09:51:23.828000,5.31,5.29,5.31,584400.0
2018-01-10 09:51:28.088000,5.31,5.29,5.31,584400.0
2018-01-10 09:51:32.286000,5.31,5.29,5.31,584400.0
2018-01-10 09:51:35.461000,5.31,5.29,5.31,584400.0
2018-01-10 09:51:40.599000,5.31,5.29,5.31,584400.0
2018-01-10 09:51:44.446000,5.31,5.29,5.31,584400.0
2018-01-10 09:51:48.571000,5.31,5.29,5.31,584400.0
2018-01-10 09:51:53.101000,5.31,5.29,5.31,584400.0
2018-01-10 09:51:57.134000,5.31,5.29,5.31,584400.0
2018-01-10 09:51:59.693000,5.31,5.29,5.31,584400.0
2018-01-10 09:52:08.076000,5.31,5.29,5.31,584400.0
2018-01-10 09:52:12.760000,5.31,5.29,5.31,584400.0
2018-01-10 09:52:16.866000,5.31,5.29,5.31,584400.0
2018-01-10 09:52:20.499000,5.31,5.29,5.31,584400.0
2018-01-10 09:52:24.372000,5.31,5.29,5.31,584400.0
2018-01-10 09:52:28.534000,5.31,5.29,5.31,584400.0
2018-01-10 09:52:31.556000,5.31,5.29,5.31,584400.0
2018-01-10 09:52:35.935000,5.31,5.29,5.31,584400.0
2018-01-10 09:52:39.459000,5.31,5.29,5.31,584400.0
2018-01-10 09:52:43.744000,5.31,5.29,5.31,584400.0
2018-01-10 09:52:48.242000,5.31,5.29,5.31,584400.0
2018-01-10 09:52:52.931000,5.31,5.29,5.31,584400.0
2018-01-10 09:52:57.945000,5.31,5.29,5.31,584400.0
2018-01-10 09:53:02.164000,5.31,5.29,5.31,584400.0
2018-01-10 09:53:07.460000,5.31,5.29,5.31,584400.0
2018-01-10 09:53:11.742000,5.31,5.29,5.31,584400.0
2018-01-10 09:53:19.927000,5.31,5.29,5.31,584400.0
2018-01-10 09:53:24.694000,5.31,5.29,5.31,584400.0
2018-01-10 09:53:29.517000,5.31,5.29,5.31,584400.0
2018-01-10 09:53:34.009000,5.31,5.29,5.31,584400.0
2018-01-10 09:53:39.048000,5.31,5.29,5.31,584400.0
2018-01-10 09:53:43.701000,5.31,5.29,5.31,584400.0
2018-01-10 09:53:47.900000,5.31,5.29,5.31,584400.0
2018-01-10 09:53:51.433000,5.31,5.29,5.31,584400.0
2018-01-10 09:53:55.684000,5.31,5.29,5.31,584400.0
2018-01-10 09:53:59.787000,5.31,5.29,5.31,584400.0
2018-01-10 09:54:03.842000,5.31,5.29,5.31,584400.0
2018-01-10 09:54:07.616000,5.31,5.29,5.31,584400.0
2018-01-10 09:54:11.522000,5.31,5.29,5.31,584400.0
2018-01-10 09:54:17.603000,5.31,5.29,5.31,584400.0
2018-01-10 09:54:21.759000,5.31,5.29,5.31,584400.0
2018-01-10 09:54:25.795000,5.31,5.29,5.31,584400.0
2018-01-10 09:54:29.930000,5.31,5.29,5.31,584400.0
2018-01-10 09:54:34.720000,5.31,5.29,5.31,584400.0
2018-01-10 09:54:38.162000,5.31,5.29,5.31,584400.0
2018-01-10 09:54:42.536000,5.31,5.29,5.31,584400.0
2018-01-10 09:54:47.570000,5.31,5.29,5.31,584400.0
2018-01-10 09:54:50.757000,5.31,5.29,5.31,584400.0
2018-01-10 09:54:54.961000,5.3,5.29,5.3,604400.0
2018-01-10 09:54:59.833000,5.3,5.29,5.3,604400.0
2018-01-10 09:55:04.637000,5.3,5.29,5.3,604400.0
2018-01-10 09:55:08.935000,5.3,5.29,5.3,604400.0
2018-01-10 09:55:12.942000,5.3,5.29,5.3,604400.0
2018-01-10 09:55:22.187000,5.3,5.29,5.3,604400.0
2018-01-10 09:55:27.245000,5.3,5.29,5.3,604400.0
2018-01-10 09:55:31.477000,5.3,5.29,5.3,604400.0
2018-01-10 09:55:35.620000,5.3,5.29,5.3,604400.0
2018-01-10 09:55:39.772000,5.3,5.29,5.3,604400.0
2018-01-10 09:55:46.215000,5.3,5.29,5.3,604400.0
2018-01-10 09:55:50.885000,5.3,5.29,5.3,604400.0
2018-01-10 09:55:55.167000,5.3,5.29,5.3,604400.0
2018-01-10 09:55:59.633000,5.3,5.29,5.3,604400.0
2018-01-10 10:01:18.519000,5.29,5.29,5.3,614400.0
2018-01-10 10:01:22.257000,5.29,5.29,5.3,614400.0
2018-01-10 10:01:26.442000,5.29,5.29,5.3,614400.0
2018-01-10 10:01:31.204000,5.29,5.29,5.3,614400.0
2018-01-10 10:01:35.164000,5.29,5.29,5.3,614400.0
2018-01-10 10:01:38.269000,5.29,5.29,5.3,614400.0
2018-01-10 10:01:42.699000,5.29,5.29,5.3,614400.0
2018-01-10 10:01:47.785000,5.29,5.29,5.3,614400.0
2018-01-10 10:01:52.936000,5.29,5.29,5.3,614400.0
2018-01-10 10:01:57.144000,5.29,5.29,5.3,614400.0
2018-01-10 10:02:02.192000,5.29,5.29,5.3,614400.0
2018-01-10 10:02:06.979000,5.29,5.29,5.3,614400.0
2018-01-10 10:02:11.735000,5.29,5.29,5.3,614400.0
2018-01-10 10:02:16.861000,5.29,5.29,5.3,614400.0
2018-01-10 10:02:21.521000,5.29,5.29,5.3,614400.0
2018-01-10 10:02:26.954000,5.29,5.29,5.3,614400.0
2018-01-10 10:02:31.471000,5.29,5.29,5.3,614400.0
2018-01-10 10:02:36.066000,5.29,5.29,5.3,614400.0
2018-01-10 10:02:40.659000,5.29,5.29,5.3,614400.0
2018-01-10 10:02:45.111000,5.29,5.29,5.3,614400.0
2018-01-10 10:02:49.769000,5.29,5.29,5.3,614400.0
2018-01-10 10:02:53.249000,5.29,5.29,5.3,614400.0
2018-01-10 10:02:57.815000,5.29,5.29,5.3,614400.0
2018-01-10 10:03:02.489000,5.29,5.29,5.3,614400.0
2018-01-10 10:03:06.957000,5.29,5.29,5.3,614400.0
2018-01-10 10:03:11.439000,5.29,5.29,5.3,614400.0
2018-01-10 10:03:16.424000,5.29,5.29,5.3,614400.0
2018-01-10 10:03:21.300000,5.29,5.29,5.3,614400.0
2018-01-10 10:03:25.675000,5.29,5.29,5.3,614400.0
2018-01-10 10:03:30.243000,5.29,5.29,5.3,614400.0
2018-01-10 10:03:35.114000,5.29,5.29,5.3,614400.0
2018-01-10 10:03:39.474000,5.29,5.29,5.3,614400.0
2018-01-10 10:03:44.022000,5.29,5.29,5.3,614400.0
2018-01-10 10:03:48.891000,5.29,5.29,5.3,614400.0
2018-01-10 10:03:53.350000,5.29,5.29,5.3,614400.0
2018-01-10 10:03:57.445000,5.29,5.29,5.3,614400.0
2018-01-10 10:04:02.273000,5.29,5.29,5.3,614400.0
2018-01-10 10:04:06.568000,5.29,5.29,5.3,614400.0
2018-01-10 10:04:10.818000,5.29,5.29,5.3,614400.0
2018-01-10 10:04:15.292000,5.29,5.29,5.3,614400.0
2018-01-10 10:04:19.729000,5.29,5.29,5.3,614400.0
2018-01-10 10:04:24.580000,5.29,5.29,5.3,614400.0
2018-01-10 10:04:29.294000,5.29,5.29,5.3,614400.0
2018-01-10 10:04:34.595000,5.29,5.29,5.3,614400.0
2018-01-10 10:04:38.905000,5.29,5.29,5.3,614400.0
2018-01-10 10:04:43.563000,5.29,5.29,5.3,614400.0
2018-01-10 10:04:48.637000,5.29,5.29,5.3,614400.0
2018-01-10 10:04:52.614000,5.29,5.29,5.3,614400.0
2018-01-10 10:04:56.942000,5.29,5.29,5.3,614400.0
2018-01-10 10:05:01.207000,5.29,5.29,5.3,614400.0
2018-01-10 10:05:05.336000,5.29,5.29,5.3,614400.0
2018-01-10 10:05:09.903000,5.29,5.29,5.3,614400.0
2018-01-10 10:05:15.895000,5.29,5.29,5.3,614400.0
2018-01-10 10:05:20.944000,5.29,5.29,5.3,614400.0
2018-01-10 10:05:24.484000,5.29,5.29,5.3,614400.0
2018-01-10 10:05:28.210000,5.29,5.29,5.3,614400.0
2018-01-10 10:05:32.868000,5.29,5.29,5.3,614400.0
2018-01-10 10:05:37.767000,5.29,5.29,5.3,614400.0
2018-01-10 10:05:42.570000,5.29,5.29,5.3,614400.0
2018-01-10 10:05:47.468000,5.29,5.29,5.3,614400.0
2018-01-10 10:05:55.776000,5.29,5.29,5.3,614400.0
2018-01-10 10:06:00.670000,5.29,5.29,5.3,614400.0
2018-01-10 10:06:04.802000,5.29,5.29,5.3,614400.0
2018-01-10 10:06:09.301000,5.29,5.29,5.3,614400.0
2018-01-10 10:06:13.861000,5.29,5.29,5.3,614400.0
2018-01-10 10:06:19.024000,5.29,5.29,5.3,614400.0
2018-01-10 10:06:23.650000,5.29,5.29,5.3,614400.0
2018-01-10 10:06:28.110000,5.29,5.29,5.3,614400.0
2018-01-10 10:06:32.212000,5.29,5.29,5.3,614400.0
2018-01-10 10:06:37.091000,5.29,5.29,5.3,614400.0
2018-01-10 10:06:41.711000,5.29,5.29,5.3,614400.0
2018-01-10 10:06:46.661000,5.29,5.29,5.3,614400.0
2018-01-10 10:06:51.491000,5.29,5.29,5.3,614400.0
2018-01-10 10:06:56.321000,5.29,5.29,5.3,614400.0
2018-01-10 10:07:01.033000,5.29,5.29,5.3,614400.0
2018-01-10 10:07:05.834000,5.29,5.29,5.3,614400.0
2018-01-10 10:07:12.029000,5.29,5.29,5.3,614400.0
2018-01-10 10:07:17.180000,5.29,5.29,5.3,614400.0
2018-01-10 10:07:20.878000,5.29,5.29,5.3,614400.0
2018-01-10 10:07:25.531000,5.29,5.29,5.3,614400.0
2018-01-10 10:07:30.453000,5.29,5.29,5.3,614400.0
2018-01-10 10:07:34.529000,5.29,5.29,5.3,614400.0
2018-01-10 10:07:38.076000,5.29,5.29,5.3,614400.0
2018-01-10 10:07:42.996000,5.29,5.29,5.3,614400.0
2018-01-10 10:07:47.336000,5.29,5.29,5.3,614400.0
2018-01-10 10:07:52.024000,5.29,5.29,5.3,614400.0
2018-01-10 10:07:57.040000,5.29,5.29,5.3,614400.0
2018-01-10 10:08:01.808000,5.29,5.29,5.3,614400.0
2018-01-10 10:08:09.062000,5.29,5.29,5.3,614400.0
2018-01-10 10:08:14.246000,5.29,5.29,5.3,614400.0
2018-01-10 10:08:18.872000,5.29,5.29,5.3,614400.0
2018-01-10 10:08:24.330000,5.29,5.29,5.3,614400.0
2018-01-10 10:08:29.382000,5.29,5.29,5.3,614400.0
2018-01-10 10:08:34.216000,5.29,5.29,5.3,614400.0
2018-01-10 10:08:39.125000,5.29,5.29,5.3,614400.0
2018-01-10 10:08:43.128000,5.29,5.29,5.3,614400.0
2018-01-10 10:08:47.560000,5.29,5.29,5.3,614400.0
2018-01-10 10:08:51.604000,5.29,5.29,5.3,614400.0
2018-01-10 10:08:56.416000,5.29,5.29,5.3,614400.0
2018-01-10 10:09:01.261000,5.29,5.29,5.3,614400.0
2018-01-10 10:09:06.482000,5.29,5.29,5.3,614400.0
2018-01-10 10:09:10.985000,5.29,5.29,5.3,614400.0
2018-01-10 10:09:15.067000,5.29,5.29,5.3,614400.0
2018-01-10 10:09:19.515000,5.29,5.29,5.3,614400.0
2018-01-10 10:09:23.879000,5.29,5.29,5.3,614400.0
2018-01-10 10:09:28.831000,5.29,5.29,5.3,614400.0
2018-01-10 10:09:33.764000,5.29,5.29,5.3,614400.0
2018-01-10 10:09:38.503000,5.29,5.29,5.3,614400.0
2018-01-10 10:09:42.636000,5.29,5.29,5.3,614400.0
2018-01-10 10:09:47.371000,5.29,5.29,5.3,614400.0
2018-01-10 10:09:51.959000,5.29,5.29,5.3,614400.0
2018-01-10 10:09:56.621000,5.29,5.29,5.3,614400.0
2018-01-10 10:10:01.655000,5.29,5.29,5.3,614400.0
2018-01-10 10:10:05.858000,5.29,5.29,5.3,614400.0
2018-01-10 10:10:12.639000,5.29,5.29,5.3,614400.0
2018-01-10 10:10:18.383000,5.29,5.29,5.3,614400.0
2018-01-10 10:10:23.037000,5.29,5.29,5.3,614400.0
2018-01-10 10:10:27.279000,5.29,5.29,5.3,614400.0
2018-01-10 10:10:31.591000,5.29,5.29,5.3,614400.0
2018-01-10 10:10:36.010000,5.29,5.29,5.3,614400.0
2018-01-10 10:10:40.457000,5.29,5.29,5.3,614400.0
2018-01-10 10:10:45.702000,5.29,5.29,5.3,614400.0
2018-01-10 10:10:50.174000,5.29,5.29,5.3,614400.0
2018-01-10 10:10:53.984000,5.29,5.29,5.3,614400.0
2018-01-10 10:10:58.762000,5.29,5.29,5.3,614400.0
2018-01-10 10:11:03.218000,5.29,5.29,5.3,614400.0
2018-01-10 10:11:06.666000,5.29,5.29,5.3,614400.0
2018-01-10 10:11:11.204000,5.29,5.29,5.3,618400.0
2018-01-10 10:11:14.766000,5.29,5.29,5.3,618400.0
2018-01-10 10:11:18.873000,5.29,5.29,5.3,618400.0
2018-01-10 10:11:24.155000,5.29,5.29,5.3,618400.0
2018-01-10 10:11:29.238000,5.29,5.29,5.3,650000.0
2018-01-10 10:11:33.696000,5.29,5.29,5.3,650000.0
2018-01-10 10:11:38.634000,5.29,5.29,5.3,650000.0
2018-01-10 10:11:43.721000,5.29,5.29,5.3,650000.0
2018-01-10 10:11:48.674000,5.29,5.29,5.3,650000.0
2018-01-10 10:11:53.455000,5.29,5.29,5.3,650000.0
2018-01-10 10:11:57.994000,5.29,5.29,5.3,650000.0
2018-01-10 10:12:02.298000,5.29,5.29,5.3,650000.0
2018-01-10 10:12:07.266000,5.29,5.28,5.3,670000.0
2018-01-10 10:12:15.117000,5.29,5.28,5.3,670000.0
2018-01-10 10:12:20.521000,5.29,5.28,5.3,670000.0
2018-01-10 10:12:24.918000,5.29,5.28,5.29,670000.0
2018-01-10 10:12:28.971000,5.29,5.28,5.29,670000.0
2018-01-10 10:12:33.786000,5.29,5.28,5.29,670000.0
2018-01-10 10:12:38.378000,5.29,5.28,5.29,670000.0
2018-01-10 10:12:42.790000,5.29,5.28,5.29,670000.0
2018-01-10 10:12:47.204000,5.29,5.28,5.29,670000.0
2018-01-10 10:12:52.047000,5.29,5.28,5.29,670000.0
2018-01-10 10:12:55.914000,5.29,5.28,5.29,670000.0
2018-01-10 10:12:59.743000,5.29,5.28,5.29,670000.0
2018-01-10 10:13:08.112000,5.29,5.28,5.29,670000.0
2018-01-10 10:13:16.420000,5.29,5.28,5.29,670000.0
2018-01-10 10:13:22.297000,5.29,5.28,5.29,670000.0
2018-01-10 10:13:27.062000,5.29,5.28,5.29,670000.0
2018-01-10 10:13:31.462000,5.29,5.28,5.29,670000.0
2018-01-10 10:13:36.035000,5.29,5.28,5.29,670000.0
2018-01-10 10:13:40.701000,5.29,5.28,5.29,670000.0
2018-01-10 10:13:45.222000,5.29,5.28,5.29,670000.0
2018-01-10 10:13:50.318000,5.29,5.28,5.29,670000.0
2018-01-10 10:13:55.128000,5.29,5.28,5.29,670000.0
2018-01-10 10:14:00.316000,5.29,5.28,5.29,670000.0
2018-01-10 10:14:05.098000,5.29,5.28,5.29,670000.0
2018-01-10 10:14:12.887000,5.29,5.28,5.29,670000.0
2018-01-10 10:14:16.611000,5.29,5.28,5.29,670000.0
2018-01-10 10:14:22.236000,5.29,5.28,5.29,670000.0
2018-01-10 10:14:26.192000,5.29,5.28,5.29,670000.0
2018-01-10 10:14:31.181000,5.29,5.28,5.29,670000.0
2018-01-10 10:14:36.198000,5.29,5.28,5.3,675000.0
2018-01-10 10:14:41.317000,5.29,5.29,5.3,690000.0
2018-01-10 10:14:46.852000,5.29,5.29,5.3,690000.0
2018-01-10 10:14:51.702000,5.29,5.29,5.3,690000.0
2018-01-10 10:14:55.897000,5.29,5.29,5.3,690000.0
2018-01-10 10:15:00.705000,5.29,5.29,5.3,690000.0
2018-01-10 10:15:05.402000,5.29,5.29,5.3,690000.0
2018-01-10 10:15:11.561000,5.29,5.29,5.3,690000.0
2018-01-10 10:15:15.985000,5.29,5.29,5.3,690000.0
2018-01-10 10:15:20.667000,5.29,5.29,5.3,690000.0
2018-01-10 10:15:24.625000,5.29,5.29,5.3,710000.0
2018-01-10 10:15:29.317000,5.29,5.29,5.3,710000.0
2018-01-10 10:15:33.596000,5.29,5.29,5.3,710000.0
2018-01-10 10:15:37.487000,5.29,5.29,5.3,710000.0
2018-01-10 10:15:42.628000,5.29,5.29,5.3,710000.0
2018-01-10 10:15:47.282000,5.29,5.29,5.3,710000.0
2018-01-10 10:15:51.693000,5.29,5.29,5.3,710000.0
2018-01-10 10:15:56.464000,5.29,5.29,5.3,710000.0
2018-01-10 10:16:00.592000,5.29,5.28,5.3,710000.0
2018-01-10 10:16:05.214000,5.29,5.28,5.3,750000.0
2018-01-10 10:16:10.148000,5.29,5.28,5.3,750000.0
2018-01-10 10:16:14.886000,5.29,5.28,5.3,750000.0
2018-01-10 10:16:19.692000,5.29,5.28,5.3,750000.0
2018-01-10 10:16:23.948000,5.29,5.28,5.3,750000.0
2018-01-10 10:16:28.727000,5.29,5.29,5.3,790000.0
2018-01-10 10:16:33.748000,5.29,5.29,5.3,790000.0
2018-01-10 10:16:38.551000,5.29,5.29,5.3,790000.0
2018-01-10 10:16:43.193000,5.29,5.29,5.3,790000.0
2018-01-10 10:16:47.012000,5.29,5.29,5.3,790000.0
2018-01-10 10:16:51.854000,5.29,5.29,5.3,790000.0
2018-01-10 10:16:56.505000,5.29,5.29,5.3,790000.0
2018-01-10 10:17:01.495000,5.29,5.28,5.3,830000.0
2018-01-10 10:17:07.645000,5.29,5.28,5.3,830000.0
2018-01-10 10:17:13.910000,5.29,5.28,5.3,830000.0
2018-01-10 10:17:18.117000,5.29,5.29,5.3,830000.0
2018-01-10 10:17:22.645000,5.29,5.29,5.3,830000.0
2018-01-10 10:17:27.395000,5.29,5.28,5.29,850000.0
2018-01-10 10:17:32.112000,5.29,5.28,5.29,850000.0
2018-01-10 10:17:36.850000,5.29,5.28,5.29,850000.0
2018-01-10 10:17:41.465000,5.29,5.28,5.29,850000.0
2018-01-10 10:17:46.362000,5.29,5.28,5.29,850000.0
2018-01-10 10:17:51.212000,5.29,5.28,5.29,850000.0
2018-01-10 10:17:55.768000,5.29,5.28,5.29,850000.0
2018-01-10 10:18:00.081000,5.29,5.28,5.29,850000.0
2018-01-10 10:18:04.201000,5.29,5.28,5.29,850000.0
2018-01-10 10:18:08.243000,5.29,5.28,5.29,850000.0
2018-01-10 10:18:14.393000,5.29,5.28,5.3,850000.0
2018-01-10 10:18:22.096000,5.29,5.28,5.3,850000.0
2018-01-10 10:18:26.007000,5.29,5.28,5.3,850000.0
2018-01-10 10:18:30.433000,5.29,5.28,5.3,850000.0
2018-01-10 10:18:35.403000,5.29,5.28,5.3,850000.0
2018-01-10 10:18:40.244000,5.29,5.28,5.3,850000.0
2018-01-10 10:18:43.917000,5.29,5.28,5.3,850000.0
2018-01-10 10:18:48.290000,5.29,5.28,5.3,850000.0
2018-01-10 10:18:52.366000,5.29,5.28,5.3,850000.0
2018-01-10 10:18:57.272000,5.29,5.28,5.3,850000.0
2018-01-10 10:19:02.010000,5.29,5.28,5.3,870000.0
2018-01-10 10:19:05.755000,5.29,5.28,5.3,870000.0
2018-01-10 10:19:11.060000,5.29,5.28,5.3,870000.0
2018-01-10 10:19:15.817000,5.29,5.28,5.3,870000.0
2018-01-10 10:19:19.371000,5.29,5.28,5.3,870000.0
2018-01-10 10:19:24.058000,5.29,5.28,5.3,870000.0
2018-01-10 10:19:28.664000,5.29,5.28,5.3,870000.0
2018-01-10 10:19:32.838000,5.29,5.28,5.3,870000.0
2018-01-10 10:19:37.586000,5.29,5.28,5.3,870000.0
2018-01-10 10:19:41.750000,5.29,5.28,5.3,870000.0
2018-01-10 10:19:46.357000,5.29,5.28,5.3,870000.0
2018-01-10 10:19:50.261000,5.29,5.28,5.3,870000.0
2018-01-10 10:19:54.664000,5.29,5.28,5.3,870000.0
2018-01-10 10:19:59.332000,5.29,5.28,5.3,870000.0
2018-01-10 10:20:04.585000,5.29,5.28,5.3,870000.0
2018-01-10 10:20:12.400000,5.29,5.28,5.3,870000.0
2018-01-10 10:20:17.683000,5.29,5.28,5.3,870000.0
2018-01-10 10:20:22.857000,5.29,5.28,5.3,870000.0
2018-01-10 10:20:27.934000,5.29,5.28,5.3,870000.0
2018-01-10 10:20:32.226000,5.29,5.28,5.3,870000.0
2018-01-10 10:20:36.358000,5.29,5.28,5.3,870000.0
2018-01-10 10:20:40.278000,5.29,5.28,5.3,870000.0
2018-01-10 10:20:45.671000,5.29,5.28,5.3,870000.0
2018-01-10 10:20:51.225000,5.29,5.28,5.3,870000.0
2018-01-10 10:20:56.154000,5.29,5.28,5.3,870000.0
2018-01-10 10:21:01.185000,5.29,5.28,5.3,870000.0
2018-01-10 10:21:06.483000,5.29,5.28,5.3,870000.0
2018-01-10 10:21:12.572000,5.29,5.28,5.3,870000.0
2018-01-10 10:21:17.509000,5.29,5.28,5.3,870000.0
2018-01-10 10:21:22.351000,5.29,5.28,5.3,870000.0
2018-01-10 10:21:26.600000,5.29,5.28,5.3,870000.0
2018-01-10 10:21:31.429000,5.29,5.28,5.3,870000.0
2018-01-10 10:21:36.561000,5.29,5.28,5.3,870000.0
2018-01-10 10:21:41.371000,5.29,5.28,5.3,870000.0
2018-01-10 10:21:46.930000,5.29,5.28,5.3,870000.0
2018-01-10 10:21:51.389000,5.29,5.28,5.3,870000.0
2018-01-10 10:21:56.361000,5.29,5.28,5.3,870000.0
2018-01-10 10:22:01.191000,5.29,5.28,5.3,870000.0
2018-01-10 10:22:06.287000,5.29,5.28,5.3,870000.0
2018-01-10 10:22:10.654000,5.29,5.28,5.3,870000.0
2018-01-10 10:22:16.306000,5.29,5.28,5.3,870000.0
2018-01-10 10:22:20.306000,5.29,5.28,5.3,870000.0
2018-01-10 10:22:24.408000,5.29,5.28,5.3,870000.0
2018-01-10 10:22:28.621000,5.29,5.28,5.3,870000.0
2018-01-10 10:22:32.911000,5.29,5.28,5.3,870000.0
2018-01-10 10:22:37.818000,5.29,5.28,5.3,870000.0
2018-01-10 10:22:41.982000,5.29,5.28,5.3,870000.0
2018-01-10 10:22:46.048000,5.29,5.28,5.3,870000.0
2018-01-10 10:22:51.714000,5.29,5.28,5.3,870000.0
2018-01-10 10:22:56.835000,5.29,5.28,5.3,870000.0
2018-01-10 10:23:01.656000,5.29,5.28,5.3,870000.0
2018-01-10 10:23:06.424000,5.29,5.28,5.3,870000.0
2018-01-10 10:23:11.003000,5.29,5.28,5.3,870000.0
2018-01-10 10:23:15.807000,5.29,5.28,5.3,870000.0
2018-01-10 10:23:22.520000,5.29,5.28,5.3,870000.0
2018-01-10 10:23:27.513000,5.29,5.28,5.3,870000.0
2018-01-10 10:23:32.685000,5.29,5.28,5.3,870000.0
2018-01-10 10:23:36.868000,5.29,5.28,5.3,870000.0
2018-01-10 10:23:41.707000,5.29,5.28,5.3,870000.0
2018-01-10 10:23:45.329000,5.29,5.28,5.3,870000.0
2018-01-10 10:23:50.111000,5.29,5.28,5.3,870000.0
2018-01-10 10:23:54.532000,5.29,5.28,5.29,870000.0
2018-01-10 10:23:58.996000,5.29,5.28,5.29,870000.0
2018-01-10 10:24:03.200000,5.29,5.28,5.29,870000.0
2018-01-10 10:24:06.880000,5.29,5.28,5.29,870000.0
2018-01-10 10:24:12.125000,5.29,5.28,5.29,870000.0
2018-01-10 10:24:15.925000,5.29,5.28,5.29,870000.0
2018-01-10 10:24:20.498000,5.29,5.28,5.29,870000.0
2018-01-10 10:24:24.964000,5.29,5.28,5.29,870000.0
2018-01-10 10:24:29.815000,5.29,5.28,5.29,870000.0
2018-01-10 10:24:34.626000,5.29,5.28,5.29,870000.0
2018-01-10 10:24:39.361000,5.29,5.28,5.29,870000.0
2018-01-10 10:24:44.334000,5.29,5.28,5.29,870000.0
2018-01-10 10:24:49.007000,5.29,5.28,5.29,870000.0
2018-01-10 10:24:53.249000,5.29,5.28,5.29,870000.0
2018-01-10 10:24:57.608000,5.29,5.28,5.29,870000.0
2018-01-10 10:25:02.084000,5.29,5.28,5.29,870000.0
2018-01-10 10:25:06.637000,5.29,5.28,5.29,870000.0
2018-01-10 10:25:12.890000,5.29,5.28,5.29,870000.0
2018-01-10 10:25:17.129000,5.29,5.28,5.29,870000.0
2018-01-10 10:25:21.447000,5.29,5.28,5.29,870000.0
2018-01-10 10:25:24.862000,5.29,5.28,5.29,870000.0
2018-01-10 10:25:29.270000,5.29,5.28,5.29,870000.0
2018-01-10 10:25:34.308000,5.29,5.28,5.29,870000.0
2018-01-10 10:25:38.345000,5.29,5.28,5.29,870000.0
2018-01-10 10:25:43.545000,5.29,5.28,5.29,870000.0
2018-01-10 10:25:49.068000,5.29,5.28,5.29,870000.0
2018-01-10 10:25:54.222000,5.29,5.28,5.29,870000.0
2018-01-10 10:25:59.359000,5.29,5.28,5.29,890000.0
2018-01-10 10:26:04.159000,5.29,5.28,5.29,890000.0
2018-01-10 10:26:08.267000,5.29,5.28,5.29,890000.0
2018-01-10 10:26:15.927000,5.29,5.28,5.29,890000.0
2018-01-10 10:26:20.536000,5.29,5.28,5.29,890000.0
2018-01-10 10:26:25.613000,5.29,5.28,5.29,890000.0
2018-01-10 10:26:29.610000,5.29,5.28,5.29,890000.0
2018-01-10 10:26:34.298000,5.29,5.28,5.29,890000.0
2018-01-10 10:26:38.360000,5.29,5.28,5.29,890000.0
2018-01-10 10:26:42.764000,5.29,5.28,5.29,890000.0
2018-01-10 10:26:47.623000,5.29,5.28,5.29,890000.0
2018-01-10 10:26:52.471000,5.29,5.28,5.29,890000.0
2018-01-10 10:26:57.380000,5.29,5.28,5.29,890000.0
2018-01-10 10:27:02.368000,5.29,5.28,5.29,890000.0
2018-01-10 10:27:07.228000,5.29,5.28,5.29,890000.0
2018-01-10 10:27:12.237000,5.29,5.28,5.29,890000.0
2018-01-10 10:27:19.728000,5.29,5.29,5.3,890000.0
2018-01-10 10:27:24.550000,5.29,5.29,5.3,890000.0
2018-01-10 10:27:29.762000,5.29,5.29,5.3,890000.0
2018-01-10 10:27:34.461000,5.29,5.29,5.3,890000.0
2018-01-10 10:27:39.180000,5.29,5.29,5.3,890000.0
2018-01-10 10:27:42.678000,5.29,5.29,5.3,890000.0
2018-01-10 10:27:46.729000,5.29,5.29,5.3,890000.0
2018-01-10 10:27:51.549000,5.29,5.29,5.3,890000.0
2018-01-10 10:27:56.084000,5.29,5.29,5.3,890000.0
2018-01-10 10:28:00.568000,5.29,5.29,5.3,890000.0
2018-01-10 10:28:04.644000,5.29,5.29,5.3,890000.0
2018-01-10 10:28:09.040000,5.29,5.29,5.3,890000.0
2018-01-10 10:28:14.206000,5.29,5.29,5.3,890000.0
2018-01-10 10:28:19.335000,5.29,5.29,5.3,890000.0
2018-01-10 10:28:23.752000,5.29,5.29,5.3,890000.0
2018-01-10 10:28:28.097000,5.29,5.29,5.3,890000.0
2018-01-10 10:28:32.824000,5.29,5.29,5.3,890000.0
2018-01-10 10:28:37.823000,5.29,5.29,5.3,890000.0
2018-01-10 10:28:42.629000,5.29,5.29,5.3,890000.0
2018-01-10 10:28:47.633000,5.29,5.29,5.3,890000.0
2018-01-10 10:28:51.952000,5.29,5.29,5.3,890000.0
2018-01-10 10:28:58.223000,5.29,5.29,5.3,890000.0
2018-01-10 10:29:08.942000,5.29,5.28,5.29,930000.0
2018-01-10 10:29:13.317000,5.29,5.28,5.29,930000.0
2018-01-10 10:29:16.937000,5.29,5.28,5.29,930000.0
2018-01-10 10:29:20.896000,5.29,5.28,5.29,930000.0
2018-01-10 10:29:25.677000,5.29,5.28,5.29,930000.0
2018-01-10 10:29:30.847000,5.29,5.28,5.29,930000.0
2018-01-10 10:29:35.878000,5.29,5.28,5.29,930000.0
2018-01-10 10:29:40.666000,5.29,5.28,5.29,930000.0
2018-01-10 10:29:45.540000,5.29,5.28,5.29,930000.0
2018-01-10 10:29:50.553000,5.29,5.28,5.29,930000.0
2018-01-10 10:29:55.398000,5.29,5.28,5.29,930000.0
2018-01-10 10:30:00.154000,5.29,5.28,5.29,930000.0
2018-01-10 10:30:03.786000,5.29,5.28,5.29,930000.0
2018-01-10 10:30:08.758000,5.29,5.28,5.29,930000.0
2018-01-10 10:30:14.087000,5.29,5.28,5.29,930000.0
2018-01-10 10:30:18.380000,5.29,5.28,5.29,930000.0
2018-01-10 10:30:23.694000,5.29,5.28,5.29,930000.0
2018-01-10 10:30:28.773000,5.29,5.28,5.29,930000.0
2018-01-10 10:30:32.692000,5.29,5.28,5.29,930000.0
2018-01-10 10:30:36.417000,5.29,5.28,5.29,930000.0
2018-01-10 10:30:40.483000,5.29,5.28,5.29,930000.0
2018-01-10 10:30:44.569000,5.29,5.28,5.29,930000.0
2018-01-10 10:30:49.354000,5.29,5.28,5.29,930000.0
2018-01-10 10:30:53.081000,5.29,5.28,5.29,930000.0
2018-01-10 10:30:57.612000,5.29,5.28,5.29,930000.0
2018-01-10 10:31:02.006000,5.29,5.28,5.29,930000.0
2018-01-10 10:31:07.137000,5.29,5.28,5.29,930000.0
2018-01-10 10:31:15.367000,5.29,5.28,5.29,930000.0
2018-01-10 10:31:20.553000,5.29,5.28,5.29,930000.0
2018-01-10 10:31:24.680000,5.29,5.28,5.29,930000.0
2018-01-10 10:31:28.466000,5.29,5.28,5.29,930000.0
2018-01-10 10:31:32.956000,5.29,5.28,5.29,930000.0
2018-01-10 10:31:37.783000,5.29,5.28,5.29,930000.0
2018-01-10 10:31:41.938000,5.29,5.28,5.29,930000.0
2018-01-10 10:31:46.371000,5.29,5.28,5.29,930000.0
2018-01-10 10:31:50.339000,5.29,5.28,5.29,930000.0
2018-01-10 10:31:53.822000,5.29,5.28,5.29,930000.0
2018-01-10 10:31:58.522000,5.29,5.28,5.29,930000.0
2018-01-10 10:32:03.397000,5.29,5.28,5.29,930000.0
2018-01-10 10:32:07.879000,5.29,5.28,5.29,930000.0
2018-01-10 10:32:16.080000,5.29,5.28,5.29,930000.0
2018-01-10 10:32:20.418000,5.29,5.28,5.29,930000.0
2018-01-10 10:32:24.772000,5.29,5.28,5.29,970000.0
2018-01-10 10:32:29.434000,5.29,5.28,5.29,970000.0
2018-01-10 10:32:34.354000,5.29,5.28,5.29,970000.0
2018-01-10 10:32:38.475000,5.29,5.28,5.29,970000.0
2018-01-10 10:32:43.361000,5.29,5.28,5.29,970000.0
2018-01-10 10:32:48.168000,5.29,5.28,5.29,970000.0
2018-01-10 10:32:52.305000,5.29,5.28,5.29,970000.0
2018-01-10 10:32:57.136000,5.29,5.28,5.29,970000.0
2018-01-10 10:33:01.945000,5.29,5.28,5.29,970000.0
2018-01-10 10:33:07.563000,5.29,5.28,5.3,980000.0
2018-01-10 10:33:12.312000,5.29,5.28,5.3,980000.0
2018-01-10 10:33:19.186000,5.29,5.28,5.3,980000.0
2018-01-10 10:33:23.425000,5.29,5.28,5.3,980000.0
2018-01-10 10:33:27.577000,5.29,5.28,5.3,980000.0
2018-01-10 10:33:30.603000,5.29,5.28,5.3,980000.0
2018-01-10 10:33:34.931000,5.29,5.28,5.3,980000.0
2018-01-10 10:33:40.042000,5.29,5.28,5.3,980000.0
2018-01-10 10:33:44.682000,5.29,5.28,5.3,980000.0
2018-01-10 10:33:49.699000,5.29,5.28,5.3,980000.0
2018-01-10 10:33:54.990000,5.29,5.28,5.3,980000.0
2018-01-10 10:33:59.622000,5.29,5.28,5.3,980000.0
2018-01-10 10:34:05.446000,5.29,5.28,5.3,980000.0
2018-01-10 10:34:09.666000,5.29,5.28,5.3,980000.0
2018-01-10 10:34:15.707000,5.29,5.28,5.3,980000.0
2018-01-10 10:34:19.885000,5.29,5.28,5.3,980000.0
2018-01-10 10:34:24.651000,5.29,5.28,5.3,980000.0
2018-01-10 10:34:29.259000,5.29,5.28,5.3,980000.0
2018-01-10 10:34:34.071000,5.29,5.28,5.3,980000.0
2018-01-10 10:34:39.284000,5.29,5.28,5.3,980000.0
2018-01-10 10:34:43.900000,5.29,5.28,5.3,980000.0
2018-01-10 10:34:48.100000,5.29,5.28,5.3,980000.0
2018-01-10 10:34:52.254000,5.29,5.28,5.3,980000.0
2018-01-10 10:34:56.426000,5.29,5.28,5.3,1000000.0
2018-01-10 10:35:01.894000,5.29,5.28,5.3,1000000.0
2018-01-10 10:35:07.012000,5.29,5.28,5.3,1000000.0
2018-01-10 10:35:12.627000,5.29,5.28,5.3,1000000.0
2018-01-10 10:35:17.114000,5.29,5.28,5.3,1000000.0
2018-01-10 10:35:21.301000,5.29,5.28,5.3,1000000.0
2018-01-10 10:35:26.281000,5.29,5.28,5.3,1000000.0
2018-01-10 10:35:30.638000,5.29,5.28,5.3,1000000.0
2018-01-10 10:35:35.576000,5.29,5.28,5.3,1020000.0
2018-01-10 10:35:40.434000,5.29,5.28,5.3,1020000.0
2018-01-10 10:35:45.216000,5.29,5.28,5.3,1020000.0
2018-01-10 10:35:50.031000,5.29,5.28,5.3,1020000.0
2018-01-10 10:35:54.120000,5.29,5.28,5.3,1020000.0
2018-01-10 10:35:58.514000,5.29,5.28,5.3,1020000.0
2018-01-10 10:36:03.090000,5.29,5.28,5.3,1020000.0
2018-01-10 10:36:08.305000,5.29,5.28,5.3,1020000.0
2018-01-10 10:36:14.264000,5.29,5.28,5.3,1020000.0
2018-01-10 10:36:20.814000,5.29,5.28,5.3,1020000.0
2018-01-10 10:36:25.342000,5.29,5.28,5.3,1020000.0
2018-01-10 10:36:29.902000,5.29,5.28,5.3,1020000.0
2018-01-10 10:36:33.995000,5.29,5.28,5.3,1020000.0
2018-01-10 10:36:38.933000,5.29,5.28,5.3,1020000.0
2018-01-10 10:36:43.981000,5.29,5.28,5.3,1020000.0
2018-01-10 10:36:48.065000,5.29,5.28,5.3,1020000.0
2018-01-10 10:36:52.154000,5.29,5.28,5.3,1020000.0
2018-01-10 10:36:56.825000,5.29,5.28,5.3,1020000.0
2018-01-10 10:37:02.283000,5.29,5.28,5.3,1020000.0
2018-01-10 10:37:06.497000,5.29,5.28,5.3,1020000.0
2018-01-10 10:37:11.204000,5.29,5.28,5.3,1020000.0
2018-01-10 10:37:15.876000,5.29,5.28,5.3,1020000.0
2018-01-10 10:37:20.437000,5.29,5.28,5.3,1020000.0
2018-01-10 10:37:24.489000,5.29,5.28,5.3,1020000.0
2018-01-10 10:37:28.982000,5.29,5.28,5.3,1020000.0
2018-01-10 10:37:33.935000,5.29,5.28,5.3,1020000.0
2018-01-10 10:37:38.952000,5.29,5.28,5.3,1020000.0
2018-01-10 10:37:43.823000,5.29,5.28,5.3,1020000.0
2018-01-10 10:37:47.800000,5.29,5.28,5.3,1020000.0
2018-01-10 10:37:51.376000,5.29,5.28,5.3,1020000.0
2018-01-10 10:37:56.090000,5.29,5.28,5.3,1020000.0
2018-01-10 10:38:01.175000,5.29,5.28,5.3,1020000.0
2018-01-10 10:38:06.283000,5.29,5.28,5.3,1020000.0
2018-01-10 10:38:13.238000,5.29,5.28,5.3,1020000.0
2018-01-10 10:38:17.224000,5.29,5.28,5.3,1020000.0
2018-01-10 10:38:22.001000,5.29,5.28,5.3,1020000.0
2018-01-10 10:38:25.864000,5.29,5.28,5.3,1020000.0
2018-01-10 10:38:30.641000,5.29,5.28,5.3,1020000.0
2018-01-10 10:38:35.164000,5.29,5.28,5.3,1020000.0
2018-01-10 10:38:39.816000,5.29,5.28,5.3,1020000.0
2018-01-10 10:38:43.939000,5.29,5.28,5.3,1020000.0
2018-01-10 10:38:48.939000,5.29,5.28,5.3,1020000.0
2018-01-10 10:38:53.701000,5.29,5.28,5.3,1020000.0
2018-01-10 10:38:58.732000,5.29,5.28,5.3,1020000.0
2018-01-10 10:39:03.455000,5.29,5.28,5.3,1020000.0
2018-01-10 10:39:09.220000,5.29,5.28,5.3,1020000.0
2018-01-10 10:39:14.532000,5.29,5.28,5.3,1020000.0
2018-01-10 10:39:19.960000,5.29,5.28,5.3,1020000.0
2018-01-10 10:39:24.765000,5.29,5.28,5.3,1020000.0
2018-01-10 10:39:29.028000,5.29,5.28,5.3,1020000.0
2018-01-10 10:39:33.775000,5.29,5.28,5.3,1020000.0
2018-01-10 10:39:37.863000,5.29,5.28,5.3,1020000.0
2018-01-10 10:39:42.609000,5.29,5.28,5.3,1020000.0
2018-01-10 10:39:46.869000,5.29,5.28,5.29,1060000.0
2018-01-10 10:39:51.222000,5.29,5.28,5.29,1060000.0
2018-01-10 10:39:56.069000,5.29,5.28,5.29,1060000.0
2018-01-10 10:39:59.688000,5.29,5.28,5.29,1060000.0
2018-01-10 10:40:03.455000,5.29,5.28,5.29,1060000.0
2018-01-10 10:40:11.113000,5.29,5.28,5.29,1060000.0
2018-01-10 10:40:16.103000,5.29,5.28,5.29,1060000.0
2018-01-10 10:40:21.009000,5.29,5.28,5.29,1060000.0
2018-01-10 10:40:26.754000,5.29,5.28,5.29,1060000.0
2018-01-10 10:40:30.760000,5.29,5.28,5.29,1060000.0
2018-01-10 10:40:34.927000,5.29,5.28,5.29,1060000.0
2018-01-10 10:40:40.182000,5.29,5.28,5.29,1060000.0
2018-01-10 10:40:45.126000,5.29,5.28,5.29,1060000.0
2018-01-10 10:40:49.408000,5.29,5.28,5.29,1060000.0
2018-01-10 10:40:54.315000,5.29,5.28,5.29,1060000.0
2018-01-10 10:40:58.586000,5.29,5.28,5.29,1060000.0
2018-01-10 10:41:01.571000,5.29,5.28,5.29,1060000.0
2018-01-10 10:41:05.719000,5.29,5.28,5.29,1060000.0
2018-01-10 10:41:10.096000,5.29,5.28,5.29,1060000.0
2018-01-10 10:41:14.238000,5.29,5.28,5.29,1060000.0
2018-01-10 10:41:19.794000,5.29,5.28,5.29,1060000.0
2018-01-10 10:41:24.611000,5.29,5.28,5.29,1060000.0
2018-01-10 10:41:29.144000,5.29,5.28,5.29,1060000.0
2018-01-10 10:41:35.116000,5.29,5.28,5.29,1060000.0
2018-01-10 10:41:40.441000,5.29,5.28,5.29,1060000.0
2018-01-10 10:41:45.049000,5.29,5.28,5.29,1060000.0
2018-01-10 10:41:48.834000,5.29,5.28,5.29,1060000.0
2018-01-10 10:41:54.206000,5.29,5.28,5.29,1060000.0
2018-01-10 10:41:58.987000,5.29,5.28,5.29,1060000.0
2018-01-10 10:42:06.006000,5.29,5.28,5.29,1060000.0
2018-01-10 10:42:10.382000,5.29,5.28,5.29,1060000.0
2018-01-10 10:42:14.887000,5.29,5.28,5.29,1060000.0
2018-01-10 10:42:18.804000,5.29,5.28,5.29,1060000.0
2018-01-10 10:42:23.477000,5.29,5.28,5.29,1060000.0
2018-01-10 10:42:27.946000,5.29,5.28,5.29,1060000.0
2018-01-10 10:42:33.638000,5.29,5.28,5.29,1060000.0
2018-01-10 10:42:38.425000,5.29,5.28,5.29,1060000.0
2018-01-10 10:42:42.556000,5.29,5.28,5.29,1060000.0
2018-01-10 10:42:47.553000,5.29,5.28,5.29,1060000.0
2018-01-10 10:42:52.043000,5.29,5.28,5.29,1060000.0
2018-01-10 10:42:56.946000,5.29,5.28,5.29,1060000.0
2018-01-10 10:43:03.500000,5.29,5.28,5.29,1060000.0
2018-01-10 10:43:11.210000,5.29,5.28,5.29,1060000.0
2018-01-10 10:43:16.191000,5.29,5.28,5.29,1060000.0
2018-01-10 10:43:21.191000,5.29,5.28,5.29,1060000.0
2018-01-10 10:43:25.973000,5.29,5.28,5.29,1060000.0
2018-01-10 10:43:29.677000,5.29,5.28,5.29,1060000.0
2018-01-10 10:43:34.420000,5.29,5.28,5.29,1060000.0
2018-01-10 10:43:39.825000,5.29,5.28,5.29,1060000.0
2018-01-10 10:43:44.094000,5.29,5.28,5.29,1060000.0
2018-01-10 10:43:48.781000,5.29,5.28,5.29,1060000.0
2018-01-10 10:43:53.780000,5.29,5.28,5.29,1060000.0
2018-01-10 10:43:58.581000,5.29,5.28,5.29,1060000.0
2018-01-10 10:44:03.465000,5.29,5.28,5.29,1060000.0
2018-01-10 10:44:08.040000,5.29,5.28,5.29,1060000.0
2018-01-10 10:44:15.820000,5.29,5.28,5.29,1060000.0
2018-01-10 10:44:21.468000,5.29,5.28,5.29,1060000.0
2018-01-10 10:44:26.295000,5.29,5.28,5.29,1060000.0
2018-01-10 10:44:31.317000,5.29,5.28,5.29,1060000.0
2018-01-10 10:44:36.057000,5.29,5.28,5.29,1060000.0
2018-01-10 10:44:40.898000,5.29,5.28,5.29,1060000.0
2018-01-10 10:44:45.727000,5.29,5.28,5.29,1060000.0
2018-01-10 10:44:50.044000,5.29,5.28,5.29,1060000.0
2018-01-10 10:44:55.026000,5.29,5.28,5.29,1060000.0
2018-01-10 10:44:59.901000,5.29,5.28,5.29,1060000.0
2018-01-10 10:45:06.285000,5.29,5.28,5.29,1060000.0
2018-01-10 10:45:10.162000,5.29,5.28,5.29,1060000.0
2018-01-10 10:45:15.342000,5.29,5.28,5.29,1060000.0
2018-01-10 10:45:20.603000,5.29,5.28,5.29,1060000.0
2018-01-10 10:45:25.572000,5.29,5.28,5.29,1060000.0
2018-01-10 10:45:29.918000,5.29,5.28,5.29,1060000.0
2018-01-10 10:45:34.727000,5.29,5.28,5.29,1060000.0
2018-01-10 10:45:39.531000,5.29,5.28,5.29,1060000.0
2018-01-10 10:45:44.478000,5.29,5.28,5.29,1060000.0
2018-01-10 10:45:48.900000,5.29,5.28,5.29,1060000.0
2018-01-10 10:45:53.072000,5.29,5.28,5.29,1060000.0
2018-01-10 10:45:57.591000,5.29,5.28,5.29,1060000.0
2018-01-10 10:46:02.658000,5.29,5.28,5.29,1060000.0
2018-01-10 10:46:07.871000,5.29,5.28,5.29,1060000.0
2018-01-10 10:46:13.069000,5.29,5.28,5.29,1060000.0
2018-01-10 10:46:18.324000,5.29,5.28,5.29,1060000.0
2018-01-10 10:46:22.556000,5.29,5.28,5.29,1060000.0
2018-01-10 10:46:26.934000,5.29,5.28,5.29,1060000.0
2018-01-10 10:46:31.400000,5.29,5.28,5.29,1060000.0
2018-01-10 10:46:36.057000,5.29,5.28,5.29,1060000.0
2018-01-10 10:46:39.870000,5.29,5.28,5.29,1060000.0
2018-01-10 10:46:44.481000,5.28,5.28,5.29,1060600.0
2018-01-10 10:46:49.197000,5.28,5.28,5.29,1060600.0
2018-01-10 10:46:54.068000,5.28,5.28,5.29,1060600.0
2018-01-10 10:46:58.669000,5.28,5.28,5.29,1060600.0
2018-01-10 10:47:04.256000,5.28,5.28,5.29,1060600.0
2018-01-10 10:47:11.822000,5.28,5.28,5.29,1060600.0
2018-01-10 10:47:17.028000,5.28,5.28,5.29,1060600.0
2018-01-10 10:47:21.025000,5.28,5.28,5.29,1060600.0
2018-01-10 10:47:25.964000,5.28,5.28,5.29,1060600.0
2018-01-10 10:47:29.946000,5.28,5.28,5.29,1060600.0
2018-01-10 10:47:34.466000,5.28,5.28,5.29,1060600.0
2018-01-10 10:47:39.101000,5.28,5.28,5.29,1060600.0
2018-01-10 10:47:43.199000,5.28,5.28,5.29,1060600.0
2018-01-10 10:47:48.088000,5.28,5.28,5.29,1060600.0
2018-01-10 10:47:52.911000,5.28,5.28,5.29,1060600.0
2018-01-10 10:47:57.031000,5.28,5.28,5.29,1060600.0
2018-01-10 10:48:01.719000,5.28,5.28,5.29,1060600.0
2018-01-10 10:48:06.092000,5.28,5.28,5.29,1060600.0
2018-01-10 10:48:10.907000,5.28,5.28,5.29,1060600.0
2018-01-10 10:48:15.572000,5.28,5.28,5.29,1060600.0
2018-01-10 10:48:20.228000,5.28,5.28,5.29,1060600.0
2018-01-10 10:48:25.262000,5.28,5.28,5.29,1060600.0
2018-01-10 10:48:30.432000,5.28,5.28,5.29,1060600.0
2018-01-10 10:48:35.057000,5.28,5.28,5.29,1060600.0
2018-01-10 10:48:39.220000,5.28,5.28,5.29,1060600.0
2018-01-10 10:48:43.961000,5.28,5.28,5.29,1060600.0
2018-01-10 10:48:48.102000,5.28,5.28,5.29,1060600.0
2018-01-10 10:48:52.273000,5.28,5.28,5.29,1060600.0
2018-01-10 10:48:56.045000,5.28,5.28,5.29,1060600.0
2018-01-10 10:48:59.961000,5.28,5.28,5.29,1060600.0
2018-01-10 10:49:04.236000,5.28,5.28,5.29,1060600.0
2018-01-10 10:49:13.267000,5.28,5.28,5.29,1060600.0
2018-01-10 10:49:21.391000,5.28,5.28,5.29,1060600.0
2018-01-10 10:49:25.628000,5.28,5.28,5.29,1060600.0
2018-01-10 10:49:30.558000,5.28,5.28,5.29,1060600.0
2018-01-10 10:49:35.263000,5.28,5.28,5.29,1060600.0
2018-01-10 10:49:39.707000,5.28,5.28,5.29,1060600.0
2018-01-10 10:49:44.589000,5.28,5.28,5.29,1060600.0
2018-01-10 10:49:49.608000,5.28,5.28,5.29,1060600.0
2018-01-10 10:49:54.164000,5.28,5.28,5.29,1060600.0
2018-01-10 10:49:59.035000,5.28,5.28,5.29,1060600.0
2018-01-10 10:50:05.513000,5.28,5.28,5.29,1060600.0
2018-01-10 10:50:09.892000,5.28,5.28,5.29,1060600.0
2018-01-10 10:50:13.939000,5.28,5.28,5.29,1060600.0
2018-01-10 10:50:21.105000,5.28,5.28,5.29,1060600.0
2018-01-10 10:50:26.324000,5.28,5.28,5.29,1060600.0
2018-01-10 10:50:31.264000,5.28,5.28,5.29,1060600.0
2018-01-10 10:50:35.074000,5.28,5.28,5.29,1060600.0
2018-01-10 10:50:39.550000,5.28,5.28,5.29,1060600.0
2018-01-10 10:50:44.019000,5.28,5.28,5.29,1060600.0
2018-01-10 10:50:49.137000,5.28,5.28,5.29,1060600.0
2018-01-10 10:50:53.839000,5.28,5.28,5.29,1060600.0
2018-01-10 10:50:59.023000,5.28,5.28,5.29,1060600.0
2018-01-10 10:51:03.520000,5.28,5.28,5.29,1060600.0
2018-01-10 10:51:07.378000,5.28,5.28,5.29,1060600.0
2018-01-10 10:51:11.955000,5.28,5.28,5.29,1060600.0
2018-01-10 10:51:17.066000,5.28,5.28,5.29,1060600.0
2018-01-10 10:51:22.460000,5.28,5.28,5.29,1060600.0
2018-01-10 10:51:27.034000,5.28,5.28,5.29,1060600.0
2018-01-10 10:51:32.079000,5.28,5.28,5.29,1060600.0
2018-01-10 10:51:36.911000,5.28,5.28,5.29,1060600.0
2018-01-10 10:51:40.781000,5.28,5.28,5.29,1060600.0
2018-01-10 10:51:44.691000,5.28,5.28,5.29,1060600.0
2018-01-10 10:51:49.623000,5.28,5.28,5.29,1060600.0
2018-01-10 10:51:54.283000,5.28,5.28,5.29,1060600.0
2018-01-10 10:51:59.811000,5.28,5.28,5.29,1060600.0
2018-01-10 10:52:03.751000,5.28,5.28,5.29,1060600.0
2018-01-10 10:52:08.389000,5.28,5.28,5.29,1060600.0
2018-01-10 10:52:12.554000,5.28,5.28,5.29,1060600.0
2018-01-10 10:52:20.224000,5.28,5.28,5.29,1070500.0
2018-01-10 10:52:24.771000,5.28,5.28,5.29,1070500.0
2018-01-10 10:52:29.709000,5.28,5.28,5.29,1070500.0
2018-01-10 10:52:34.551000,5.28,5.28,5.29,1070500.0
2018-01-10 10:52:39.364000,5.28,5.28,5.29,1070500.0
2018-01-10 10:52:44.675000,5.28,5.28,5.29,1070500.0
2018-01-10 10:52:48.739000,5.28,5.28,5.29,1070500.0
2018-01-10 10:52:53.109000,5.28,5.28,5.29,1070500.0
2018-01-10 10:52:58.130000,5.28,5.28,5.29,1070500.0
2018-01-10 10:53:02.878000,5.28,5.28,5.29,1070500.0
2018-01-10 10:53:07.920000,5.28,5.28,5.29,1070500.0
2018-01-10 10:53:13.843000,5.28,5.28,5.29,1070500.0
2018-01-10 10:53:18.685000,5.28,5.28,5.29,1070500.0
2018-01-10 10:53:23.580000,5.28,5.28,5.29,1070500.0
2018-01-10 10:53:28.176000,5.28,5.28,5.29,1070500.0
2018-01-10 10:53:32.981000,5.28,5.28,5.29,1070500.0
2018-01-10 10:53:36.988000,5.28,5.28,5.29,1070500.0
2018-01-10 10:53:41.909000,5.28,5.28,5.29,1070500.0
2018-01-10 10:53:47.176000,5.28,5.28,5.29,1070500.0
2018-01-10 10:53:51.893000,5.29,5.28,5.29,1081300.0
2018-01-10 10:53:56.811000,5.29,5.28,5.29,1081300.0
2018-01-10 10:54:01.380000,5.29,5.28,5.29,1081300.0
2018-01-10 10:54:05.937000,5.29,5.28,5.29,1081300.0
2018-01-10 10:54:10.726000,5.29,5.28,5.29,1081300.0
2018-01-10 10:54:14.583000,5.29,5.28,5.29,1081300.0
2018-01-10 10:54:19.073000,5.29,5.28,5.29,1081300.0
2018-01-10 10:54:24.278000,5.29,5.28,5.29,1081300.0
2018-01-10 10:54:29.061000,5.29,5.28,5.29,1081300.0
2018-01-10 10:54:34.296000,5.29,5.28,5.29,1081300.0
2018-01-10 10:54:38.645000,5.29,5.28,5.29,1081300.0
2018-01-10 10:54:43.444000,5.29,5.28,5.29,1081300.0
2018-01-10 10:54:47.737000,5.29,5.28,5.29,1081300.0
2018-01-10 10:54:52.097000,5.29,5.28,5.29,1081300.0
2018-01-10 10:54:56.906000,5.29,5.28,5.29,1081300.0
2018-01-10 10:55:01.143000,5.29,5.28,5.29,1081300.0
2018-01-10 10:55:10.613000,5.29,5.28,5.29,1081300.0
2018-01-10 10:55:15.420000,5.29,5.28,5.29,1081300.0
2018-01-10 10:55:19.843000,5.29,5.28,5.29,1081300.0
2018-01-10 10:55:23.179000,5.29,5.28,5.29,1081300.0
2018-01-10 10:55:26.224000,5.29,5.28,5.29,1081300.0
2018-01-10 10:55:31.082000,5.29,5.28,5.29,1081300.0
2018-01-10 10:55:36.337000,5.29,5.28,5.29,1081300.0
2018-01-10 10:55:41.004000,5.29,5.28,5.29,1081300.0
2018-01-10 10:55:46.004000,5.29,5.28,5.29,1081300.0
2018-01-10 10:55:50.509000,5.29,5.28,5.29,1081300.0
2018-01-10 10:55:54.444000,5.29,5.28,5.29,1081300.0
2018-01-10 10:55:59.382000,5.29,5.28,5.29,1081300.0
2018-01-10 10:56:05.226000,5.29,5.28,5.29,1081300.0
2018-01-10 10:56:12.209000,5.29,5.28,5.29,1081300.0
2018-01-10 10:56:17.469000,5.29,5.28,5.29,1081300.0
2018-01-10 10:56:22.301000,5.29,5.28,5.29,1081300.0
2018-01-10 10:56:27.684000,5.29,5.28,5.29,1081300.0
2018-01-10 10:56:33.005000,5.29,5.28,5.29,1081300.0
2018-01-10 10:56:38.283000,5.29,5.28,5.29,1081300.0
2018-01-10 10:56:43.381000,5.29,5.28,5.29,1081300.0
2018-01-10 10:56:47.213000,5.29,5.28,5.29,1081300.0
2018-01-10 10:56:52.617000,5.29,5.28,5.29,1081300.0
2018-01-10 10:56:57.914000,5.29,5.28,5.29,1081300.0
2018-01-10 10:57:02.692000,5.29,5.28,5.29,1081300.0
2018-01-10 10:57:10.945000,5.29,5.28,5.29,1081300.0
2018-01-10 10:57:18.111000,5.29,5.28,5.29,1081300.0
2018-01-10 10:57:23.328000,5.29,5.28,5.29,1081300.0
2018-01-10 10:57:28.134000,5.29,5.28,5.29,1081300.0
2018-01-10 10:57:32.382000,5.29,5.28,5.29,1081300.0
2018-01-10 10:57:39.147000,5.29,5.28,5.29,1081300.0
2018-01-10 10:57:44.103000,5.29,5.28,5.29,1081300.0
2018-01-10 10:57:49.136000,5.29,5.28,5.29,1081300.0
2018-01-10 10:57:54.376000,5.29,5.28,5.29,1081300.0
2018-01-10 10:57:59.077000,5.29,5.28,5.29,1081300.0
2018-01-10 10:58:03.189000,5.29,5.28,5.29,1081300.0
2018-01-10 10:58:07.993000,5.29,5.28,5.29,1081300.0
2018-01-10 10:58:12.874000,5.29,5.28,5.29,1081300.0
2018-01-10 10:58:17.909000,5.29,5.28,5.29,1081300.0
2018-01-10 10:58:23.069000,5.29,5.28,5.29,1081300.0
2018-01-10 10:58:27.482000,5.29,5.28,5.29,1081300.0
2018-01-10 10:58:32.006000,5.29,5.28,5.29,1081300.0
2018-01-10 10:58:36.834000,5.29,5.28,5.29,1081300.0
2018-01-10 10:58:40.771000,5.29,5.28,5.29,1081300.0
2018-01-10 10:58:45.166000,5.29,5.28,5.29,1081300.0
2018-01-10 10:58:48.799000,5.29,5.28,5.29,1081300.0
2018-01-10 10:58:53.778000,5.29,5.28,5.29,1081300.0
2018-01-10 10:58:58.626000,5.29,5.28,5.29,1081300.0
2018-01-10 10:59:03.527000,5.29,5.28,5.29,1081300.0
2018-01-10 10:59:08.501000,5.29,5.28,5.29,1081300.0
2018-01-10 10:59:17.005000,5.29,5.28,5.29,1081300.0
2018-01-10 10:59:21.868000,5.29,5.28,5.29,1081300.0
2018-01-10 10:59:26.709000,5.29,5.28,5.29,1081300.0
2018-01-10 10:59:31.791000,5.29,5.28,5.29,1081300.0
2018-01-10 10:59:36.555000,5.29,5.28,5.29,1081300.0
2018-01-10 10:59:41.211000,5.29,5.28,5.29,1081300.0
2018-01-10 10:59:46.539000,5.29,5.28,5.29,1081300.0
2018-01-10 10:59:51.524000,5.29,5.28,5.29,1081300.0
2018-01-10 10:59:56.024000,5.29,5.28,5.29,1081300.0
2018-01-10 11:00:00.960000,5.29,5.28,5.29,1081300.0
2018-01-10 11:00:05.607000,5.29,5.28,5.29,1081300.0
2018-01-10 11:00:14.363000,5.29,5.28,5.29,1081300.0
2018-01-10 11:00:19.887000,5.29,5.28,5.29,1081300.0
2018-01-10 11:00:23.828000,5.29,5.28,5.29,1081300.0
2018-01-10 11:00:27.875000,5.29,5.28,5.29,1081300.0
2018-01-10 11:00:30.869000,5.29,5.28,5.29,1081300.0
2018-01-10 11:00:34.988000,5.29,5.28,5.29,1081300.0
2018-01-10 11:00:39.570000,5.29,5.28,5.29,1081300.0
2018-01-10 11:00:44.788000,5.29,5.28,5.29,1081300.0
2018-01-10 11:00:49.113000,5.29,5.28,5.29,1081300.0
2018-01-10 11:00:53.215000,5.29,5.28,5.29,1081300.0
2018-01-10 11:00:57.667000,5.29,5.28,5.29,1081300.0
2018-01-10 11:01:01.995000,5.29,5.28,5.29,1087300.0
2018-01-10 11:01:07.437000,5.29,5.28,5.29,1087300.0
2018-01-10 11:01:11.713000,5.29,5.28,5.29,1087300.0
2018-01-10 11:01:16.323000,5.29,5.28,5.29,1087300.0
2018-01-10 11:01:21.026000,5.29,5.28,5.29,1087300.0
2018-01-10 11:01:25.251000,5.29,5.28,5.29,1087300.0
2018-01-10 11:01:30.153000,5.29,5.28,5.29,1087300.0
2018-01-10 11:01:33.700000,5.29,5.28,5.29,1087300.0
2018-01-10 11:01:38.452000,5.29,5.28,5.29,1087300.0
2018-01-10 11:01:42.967000,5.29,5.28,5.29,1087300.0
2018-01-10 11:01:48.285000,5.29,5.28,5.29,1087300.0
2018-01-10 11:01:53.614000,5.29,5.28,5.29,1087300.0
2018-01-10 11:01:57.660000,5.29,5.28,5.29,1087300.0
2018-01-10 11:02:02.332000,5.29,5.28,5.29,1087300.0
2018-01-10 11:02:13.092000,5.29,5.28,5.29,1087300.0
2018-01-10 11:02:20.436000,5.29,5.28,5.29,1087300.0
2018-01-10 11:02:25.518000,5.29,5.28,5.29,1087300.0
2018-01-10 11:02:30.582000,5.29,5.28,5.29,1087300.0
2018-01-10 11:02:34.389000,5.29,5.28,5.29,1087300.0
2018-01-10 11:02:38.556000,5.29,5.28,5.29,1087300.0
2018-01-10 11:02:42.498000,5.29,5.28,5.29,1087300.0
2018-01-10 11:02:48.245000,5.29,5.28,5.29,1087300.0
2018-01-10 11:02:53.426000,5.29,5.28,5.29,1087300.0
2018-01-10 11:02:58.061000,5.29,5.28,5.29,1087300.0
2018-01-10 11:03:02.404000,5.29,5.28,5.29,1087300.0
2018-01-10 11:03:10.897000,5.29,5.28,5.29,1087300.0
2018-01-10 11:03:15.932000,5.29,5.28,5.29,1087300.0
2018-01-10 11:03:20.139000,5.29,5.28,5.29,1087300.0
2018-01-10 11:03:24.281000,5.29,5.28,5.29,1087300.0
2018-01-10 11:03:29.300000,5.29,5.28,5.29,1087300.0
2018-01-10 11:03:34.320000,5.29,5.28,5.29,1087300.0
2018-01-10 11:03:39.391000,5.29,5.28,5.29,1087300.0
2018-01-10 11:03:43.831000,5.29,5.28,5.29,1087300.0
2018-01-10 11:03:48.556000,5.29,5.28,5.29,1087300.0
2018-01-10 11:03:53.798000,5.29,5.28,5.29,1087300.0
2018-01-10 11:03:59.065000,5.29,5.28,5.29,1087300.0
2018-01-10 11:04:03.137000,5.29,5.28,5.29,1087300.0
2018-01-10 11:04:09.704000,5.29,5.28,5.29,1087300.0
2018-01-10 11:04:17.076000,5.29,5.28,5.29,1087300.0
2018-01-10 11:04:23.201000,5.29,5.28,5.29,1087300.0
2018-01-10 11:04:28.252000,5.29,5.28,5.29,1087300.0
2018-01-10 11:04:32.720000,5.29,5.28,5.29,1087300.0
2018-01-10 11:04:37.700000,5.29,5.28,5.29,1087300.0
2018-01-10 11:04:41.853000,5.29,5.28,5.29,1087300.0
2018-01-10 11:04:46.825000,5.29,5.28,5.29,1087300.0
2018-01-10 11:04:51.437000,5.29,5.28,5.29,1087300.0
2018-01-10 11:04:56.719000,5.29,5.28,5.29,1087300.0
2018-01-10 11:05:02.374000,5.29,5.28,5.29,1087300.0
2018-01-10 11:05:09.603000,5.29,5.28,5.29,1087300.0
2018-01-10 11:05:12.748000,5.29,5.28,5.29,1087300.0
2018-01-10 11:05:17.261000,5.29,5.28,5.29,1087300.0
2018-01-10 11:05:22.110000,5.29,5.28,5.29,1087300.0
2018-01-10 11:05:27.610000,5.29,5.28,5.29,1087300.0
2018-01-10 11:05:33.066000,5.29,5.28,5.29,1087300.0
2018-01-10 11:05:38.234000,5.29,5.28,5.29,1087300.0
2018-01-10 11:05:42.425000,5.29,5.28,5.29,1087300.0
2018-01-10 11:05:47.867000,5.29,5.28,5.29,1087300.0
2018-01-10 11:05:51.562000,5.29,5.28,5.29,1087300.0
2018-01-10 11:05:55.649000,5.29,5.28,5.29,1087300.0
2018-01-10 11:05:59.131000,5.29,5.28,5.29,1087300.0
2018-01-10 11:06:03.782000,5.29,5.28,5.29,1087300.0
2018-01-10 11:06:07.767000,5.29,5.28,5.29,1087300.0
2018-01-10 11:06:14.643000,5.29,5.28,5.29,1087300.0
2018-01-10 11:06:19.432000,5.29,5.28,5.29,1087300.0
2018-01-10 11:06:24.488000,5.29,5.28,5.29,1087300.0
2018-01-10 11:06:29.863000,5.29,5.28,5.29,1087300.0
2018-01-10 11:06:35.378000,5.29,5.28,5.29,1087300.0
2018-01-10 11:06:40.433000,5.29,5.28,5.29,1087300.0
2018-01-10 11:06:45.248000,5.29,5.28,5.29,1087300.0
2018-01-10 11:06:49.721000,5.29,5.28,5.29,1087300.0
2018-01-10 11:06:53.580000,5.29,5.28,5.29,1087300.0
2018-01-10 11:06:58.389000,5.29,5.28,5.29,1087300.0
2018-01-10 11:07:02.611000,5.29,5.28,5.29,1087300.0
2018-01-10 11:07:07.314000,5.29,5.28,5.29,1087300.0
2018-01-10 11:07:13.142000,5.29,5.28,5.29,1087300.0
2018-01-10 11:07:18.113000,5.29,5.28,5.29,1087300.0
2018-01-10 11:07:22.281000,5.29,5.28,5.29,1087300.0
2018-01-10 11:07:27.564000,5.29,5.28,5.29,1087300.0
2018-01-10 11:07:32.449000,5.29,5.28,5.29,1087300.0
2018-01-10 11:07:37.864000,5.29,5.28,5.29,1087300.0
2018-01-10 11:07:42.724000,5.29,5.28,5.29,1087300.0
2018-01-10 11:07:47.721000,5.29,5.28,5.29,1087300.0
2018-01-10 11:07:52.051000,5.29,5.28,5.29,1087300.0
2018-01-10 11:07:55.792000,5.29,5.28,5.29,1087300.0
2018-01-10 11:07:59.161000,5.29,5.28,5.29,1087300.0
2018-01-10 11:08:03.643000,5.29,5.28,5.29,1087300.0
2018-01-10 11:08:09.257000,5.29,5.28,5.29,1087300.0
2018-01-10 11:08:13.805000,5.29,5.28,5.29,1087300.0
2018-01-10 11:08:18.989000,5.29,5.28,5.29,1087300.0
2018-01-10 11:08:23.982000,5.29,5.28,5.29,1087300.0
2018-01-10 11:08:28.927000,5.29,5.28,5.29,1087300.0
2018-01-10 11:08:33.240000,5.29,5.28,5.29,1087300.0
2018-01-10 11:08:37.003000,5.29,5.28,5.29,1087300.0
2018-01-10 11:08:42.034000,5.29,5.28,5.29,1087300.0
2018-01-10 11:08:47.239000,5.29,5.28,5.29,1087300.0
2018-01-10 11:08:52.082000,5.29,5.28,5.29,1087300.0
2018-01-10 11:08:57.035000,5.29,5.28,5.29,1087300.0
2018-01-10 11:09:00.574000,5.29,5.28,5.29,1087300.0
2018-01-10 11:09:05.413000,5.29,5.28,5.29,1087300.0
2018-01-10 11:09:12.674000,5.29,5.28,5.29,1087300.0
2018-01-10 11:09:19.067000,5.29,5.28,5.29,1087300.0
2018-01-10 11:09:24.746000,5.29,5.28,5.29,1087300.0
2018-01-10 11:09:29.179000,5.29,5.28,5.29,1087300.0
2018-01-10 11:09:33.289000,5.29,5.28,5.29,1087300.0
2018-01-10 11:09:38.146000,5.29,5.28,5.29,1087300.0
2018-01-10 11:09:42.936000,5.29,5.28,5.29,1087300.0
2018-01-10 11:09:47.716000,5.29,5.28,5.29,1087300.0
2018-01-10 11:09:52.596000,5.29,5.28,5.29,1087300.0
2018-01-10 11:09:57.927000,5.29,5.28,5.29,1087300.0
2018-01-10 11:10:04.712000,5.28,5.28,5.29,1092300.0
2018-01-10 11:10:10.871000,5.28,5.28,5.29,1092300.0
2018-01-10 11:10:17.177000,5.28,5.28,5.29,1092300.0
2018-01-10 11:10:23.646000,5.28,5.28,5.29,1092300.0
2018-01-10 11:10:27.953000,5.28,5.28,5.29,1092300.0
2018-01-10 11:10:31.762000,5.28,5.28,5.29,1092300.0
2018-01-10 11:10:38.380000,5.28,5.28,5.29,1092300.0
2018-01-10 11:10:43.856000,5.28,5.28,5.29,1092300.0
2018-01-10 11:10:52.365000,5.28,5.28,5.29,1092300.0
2018-01-10 11:10:56.040000,5.28,5.28,5.29,1092300.0
2018-01-10 11:11:01.003000,5.28,5.28,5.29,1092300.0
2018-01-10 11:11:06.228000,5.28,5.28,5.29,1092300.0
2018-01-10 11:11:11.558000,5.28,5.28,5.29,1092300.0
2018-01-10 11:11:17.862000,5.28,5.28,5.29,1092300.0
2018-01-10 11:11:24.322000,5.28,5.28,5.29,1092300.0
2018-01-10 11:11:29.325000,5.28,5.28,5.29,1092300.0
2018-01-10 11:11:34.057000,5.28,5.28,5.29,1092300.0
2018-01-10 11:11:38.889000,5.28,5.28,5.29,1092300.0
2018-01-10 11:11:44.063000,5.28,5.28,5.29,1092300.0
2018-01-10 11:11:49.724000,5.28,5.28,5.29,1092300.0
2018-01-10 11:11:53.962000,5.28,5.28,5.29,1092300.0
2018-01-10 11:11:58.927000,5.28,5.28,5.29,1092300.0
2018-01-10 11:12:03.351000,5.28,5.28,5.29,1092300.0
2018-01-10 11:12:11.057000,5.28,5.28,5.29,1092300.0
2018-01-10 11:12:16.014000,5.28,5.28,5.29,1092300.0
2018-01-10 11:12:20.734000,5.28,5.28,5.29,1092300.0
2018-01-10 11:12:25.525000,5.28,5.28,5.29,1092300.0
2018-01-10 11:12:29.407000,5.28,5.28,5.29,1092300.0
2018-01-10 11:12:33.131000,5.28,5.28,5.29,1092300.0
2018-01-10 11:12:37.209000,5.28,5.28,5.29,1092300.0
2018-01-10 11:12:42.430000,5.28,5.28,5.29,1092300.0
2018-01-10 11:12:47.194000,5.28,5.28,5.29,1092300.0
2018-01-10 11:12:51.652000,5.28,5.28,5.29,1092300.0
2018-01-10 11:12:56.086000,5.28,5.28,5.29,1092300.0
2018-01-10 11:13:00.473000,5.28,5.28,5.29,1092300.0
2018-01-10 11:13:05.240000,5.28,5.28,5.29,1092300.0
2018-01-10 11:13:10.129000,5.28,5.28,5.29,1092300.0
2018-01-10 11:13:15.069000,5.28,5.28,5.29,1092300.0
2018-01-10 11:13:19.247000,5.28,5.28,5.29,1092300.0
2018-01-10 11:13:24.111000,5.28,5.28,5.29,1092300.0
2018-01-10 11:13:28.672000,5.28,5.28,5.29,1092300.0
2018-01-10 11:13:33.268000,5.28,5.28,5.29,1092300.0
2018-01-10 11:13:37.555000,5.28,5.28,5.29,1092300.0
2018-01-10 11:13:42.822000,5.28,5.28,5.29,1092300.0
2018-01-10 11:13:47.993000,5.28,5.28,5.29,1092300.0
2018-01-10 11:13:53.030000,5.28,5.28,5.29,1092300.0
2018-01-10 11:13:57.417000,5.28,5.28,5.29,1092300.0
2018-01-10 11:14:02.383000,5.28,5.28,5.29,1092300.0
2018-01-10 11:14:07.025000,5.28,5.28,5.29,1092300.0
2018-01-10 11:14:11.017000,5.28,5.28,5.29,1092300.0
2018-01-10 11:14:15.277000,5.28,5.28,5.29,1092300.0
2018-01-10 11:14:19.987000,5.28,5.28,5.29,1092300.0
2018-01-10 11:14:24.673000,5.28,5.28,5.29,1092300.0
2018-01-10 11:14:29.463000,5.28,5.28,5.29,1092300.0
2018-01-10 11:14:33.980000,5.28,5.28,5.29,1092300.0
2018-01-10 11:14:37.399000,5.28,5.28,5.29,1092300.0
2018-01-10 11:14:42.239000,5.28,5.28,5.29,1092300.0
2018-01-10 11:14:46.447000,5.28,5.28,5.29,1092300.0
2018-01-10 11:14:50.643000,5.28,5.28,5.29,1092300.0
2018-01-10 11:14:55.861000,5.28,5.28,5.29,1092300.0
2018-01-10 11:15:00.606000,5.28,5.28,5.29,1092300.0
2018-01-10 11:15:04.687000,5.28,5.28,5.29,1092300.0
2018-01-10 11:15:12.243000,5.28,5.28,5.29,1092300.0
2018-01-10 11:15:17.177000,5.28,5.28,5.29,1092300.0
2018-01-10 11:15:22.281000,5.28,5.28,5.29,1092300.0
2018-01-10 11:15:26.910000,5.28,5.28,5.29,1092300.0
2018-01-10 11:15:31.156000,5.28,5.28,5.29,1092300.0
2018-01-10 11:15:36.135000,5.28,5.28,5.29,1092300.0
2018-01-10 11:15:41.547000,5.28,5.28,5.29,1092300.0
2018-01-10 11:15:45.418000,5.28,5.28,5.29,1092300.0
2018-01-10 11:15:50.957000,5.28,5.28,5.29,1092300.0
2018-01-10 11:15:55.207000,5.28,5.28,5.29,1092300.0
2018-01-10 11:15:59.873000,5.28,5.28,5.29,1092300.0
2018-01-10 11:16:03.995000,5.28,5.28,5.29,1092300.0
2018-01-10 11:16:12.366000,5.28,5.28,5.29,1092300.0
2018-01-10 11:16:20.938000,5.28,5.28,5.29,1092300.0
2018-01-10 11:16:25.327000,5.28,5.28,5.29,1092300.0
2018-01-10 11:16:30.139000,5.28,5.28,5.29,1092300.0
2018-01-10 11:16:35.593000,5.28,5.28,5.29,1092300.0
2018-01-10 11:16:40.287000,5.28,5.28,5.29,1092300.0
2018-01-10 11:16:44.375000,5.28,5.28,5.29,1092300.0
2018-01-10 11:16:49.688000,5.28,5.28,5.29,1092300.0
2018-01-10 11:16:54.428000,5.28,5.28,5.29,1092300.0
2018-01-10 11:16:59.624000,5.28,5.28,5.29,1092300.0
2018-01-10 11:17:03.857000,5.28,5.28,5.29,1092300.0
2018-01-10 11:17:08.700000,5.28,5.28,5.29,1092300.0
2018-01-10 11:17:17.256000,5.28,5.28,5.29,1092300.0
2018-01-10 11:17:22.313000,5.28,5.28,5.29,1092300.0
2018-01-10 11:17:27.276000,5.28,5.28,5.29,1092300.0
2018-01-10 11:17:32.318000,5.28,5.28,5.29,1092300.0
2018-01-10 11:17:37.249000,5.28,5.28,5.29,1092300.0
2018-01-10 11:17:41.980000,5.28,5.28,5.29,1092300.0
2018-01-10 11:17:46.552000,5.28,5.28,5.29,1092300.0
2018-01-10 11:17:51.675000,5.28,5.28,5.29,1092300.0
2018-01-10 11:17:56.537000,5.28,5.28,5.29,1092300.0
2018-01-10 11:18:01.228000,5.28,5.28,5.29,1092300.0
2018-01-10 11:18:05.873000,5.28,5.28,5.29,1092300.0
2018-01-10 11:18:12.594000,5.28,5.28,5.29,1092300.0
2018-01-10 11:18:17.110000,5.28,5.28,5.29,1092300.0
2018-01-10 11:18:22.328000,5.28,5.28,5.29,1092300.0
2018-01-10 11:18:26.817000,5.28,5.28,5.29,1092300.0
2018-01-10 11:18:31.985000,5.28,5.28,5.29,1092300.0
2018-01-10 11:18:36.099000,5.28,5.28,5.29,1092300.0
2018-01-10 11:18:40.367000,5.28,5.28,5.29,1092300.0
2018-01-10 11:18:44.750000,5.28,5.28,5.29,1092300.0
2018-01-10 11:18:49.180000,5.28,5.28,5.29,1092300.0
2018-01-10 11:18:53.343000,5.28,5.28,5.29,1092300.0
2018-01-10 11:18:57.816000,5.28,5.28,5.29,1092300.0
2018-01-10 11:19:02.589000,5.28,5.28,5.29,1092300.0
2018-01-10 11:19:09.644000,5.28,5.28,5.29,1092300.0
2018-01-10 11:19:16.976000,5.28,5.28,5.29,1098300.0
2018-01-10 11:19:21.161000,5.28,5.28,5.29,1098300.0
2018-01-10 11:19:26.322000,5.28,5.28,5.29,1098300.0
2018-01-10 11:19:31.232000,5.28,5.28,5.29,1098300.0
2018-01-10 11:19:35.695000,5.28,5.28,5.29,1098300.0
2018-01-10 11:19:40.677000,5.28,5.28,5.29,1098300.0
2018-01-10 11:19:45.630000,5.28,5.28,5.29,1098300.0
2018-01-10 11:19:49.951000,5.28,5.28,5.29,1098300.0
2018-01-10 11:19:54.902000,5.28,5.28,5.29,1098300.0
2018-01-10 11:20:00.145000,5.28,5.28,5.29,1098300.0
2018-01-10 11:20:05.424000,5.28,5.28,5.29,1098300.0
2018-01-10 11:20:11.317000,5.28,5.28,5.29,1110300.0
2018-01-10 11:20:16.054000,5.28,5.28,5.29,1110300.0
2018-01-10 11:20:20.720000,5.28,5.28,5.29,1110300.0
2018-01-10 11:20:25.237000,5.28,5.28,5.29,1110300.0
2018-01-10 11:20:29.985000,5.28,5.28,5.29,1110300.0
2018-01-10 11:20:34.525000,5.28,5.28,5.29,1110300.0
2018-01-10 11:20:38.802000,5.28,5.28,5.29,1110300.0
2018-01-10 11:20:42.612000,5.28,5.28,5.29,1110300.0
2018-01-10 11:20:47.361000,5.28,5.28,5.29,1110300.0
2018-01-10 11:20:52.251000,5.28,5.28,5.29,1110300.0
2018-01-10 11:20:57.274000,5.28,5.28,5.29,1110300.0
2018-01-10 11:21:02.538000,5.28,5.28,5.29,1110300.0
2018-01-10 11:21:07.081000,5.28,5.28,5.29,1110300.0
2018-01-10 11:21:12.892000,5.28,5.28,5.29,1110300.0
2018-01-10 11:21:17.987000,5.28,5.28,5.29,1110300.0
2018-01-10 11:21:22.180000,5.28,5.28,5.29,1110300.0
2018-01-10 11:21:26.723000,5.28,5.28,5.29,1110300.0
2018-01-10 11:21:31.178000,5.28,5.28,5.29,1110300.0
2018-01-10 11:21:35.677000,5.28,5.28,5.29,1110300.0
2018-01-10 11:21:40.755000,5.28,5.28,5.29,1110300.0
2018-01-10 11:21:45.097000,5.28,5.28,5.29,1110300.0
2018-01-10 11:21:49.383000,5.28,5.28,5.29,1110300.0
2018-01-10 11:21:53.757000,5.28,5.28,5.29,1110300.0
2018-01-10 11:21:58.456000,5.28,5.28,5.29,1110300.0
2018-01-10 11:22:03.565000,5.28,5.28,5.29,1110300.0
2018-01-10 11:22:09.881000,5.28,5.28,5.29,1110300.0
2018-01-10 11:22:14.115000,5.28,5.28,5.29,1110300.0
2018-01-10 11:22:18.253000,5.28,5.28,5.29,1110300.0
2018-01-10 11:22:22.334000,5.28,5.28,5.29,1110300.0
2018-01-10 11:22:27.131000,5.28,5.28,5.29,1110300.0
2018-01-10 11:22:31.819000,5.29,5.28,5.29,1120300.0
2018-01-10 11:22:36.554000,5.29,5.28,5.29,1120300.0
2018-01-10 11:22:41.760000,5.29,5.28,5.29,1120300.0
2018-01-10 11:22:46.586000,5.29,5.28,5.29,1120300.0
2018-01-10 11:22:50.567000,5.29,5.28,5.29,1120300.0
2018-01-10 11:22:54.828000,5.29,5.28,5.29,1120300.0
2018-01-10 11:22:59.601000,5.29,5.28,5.29,1120300.0
2018-01-10 11:23:03.814000,5.29,5.28,5.29,1120300.0
2018-01-10 11:23:08.488000,5.29,5.28,5.29,1120300.0
2018-01-10 11:23:12.898000,5.29,5.28,5.29,1120300.0
2018-01-10 11:23:17.227000,5.29,5.28,5.29,1120300.0
2018-01-10 11:23:22.741000,5.29,5.28,5.29,1120300.0
2018-01-10 11:23:27.662000,5.29,5.28,5.29,1120300.0
2018-01-10 11:23:32.290000,5.29,5.28,5.29,1120300.0
2018-01-10 11:23:37.079000,5.29,5.28,5.29,1120300.0
2018-01-10 11:23:41.230000,5.29,5.28,5.29,1120300.0
2018-01-10 11:23:45.368000,5.29,5.28,5.29,1120300.0
2018-01-10 11:23:49.725000,5.29,5.28,5.29,1120300.0
2018-01-10 11:23:54.003000,5.29,5.28,5.29,1120300.0
2018-01-10 11:23:59.367000,5.29,5.28,5.29,1120300.0
2018-01-10 11:24:03.442000,5.29,5.28,5.29,1120300.0
2018-01-10 11:24:07.790000,5.29,5.28,5.29,1120300.0
2018-01-10 11:24:12.983000,5.29,5.28,5.29,1120300.0
2018-01-10 11:24:17.874000,5.29,5.28,5.29,1120300.0
2018-01-10 11:24:22.248000,5.29,5.28,5.29,1120300.0
2018-01-10 11:24:27.463000,5.29,5.28,5.29,1120300.0
2018-01-10 11:24:31.790000,5.29,5.28,5.29,1120300.0
2018-01-10 11:24:36.678000,5.29,5.28,5.29,1120300.0
2018-01-10 11:24:41.289000,5.29,5.28,5.29,1120300.0
2018-01-10 11:24:45.476000,5.29,5.28,5.29,1120300.0
2018-01-10 11:24:50.301000,5.29,5.28,5.29,1120300.0
2018-01-10 11:24:54.330000,5.28,5.28,5.29,1220900.0
2018-01-10 11:24:58.791000,5.28,5.28,5.29,1220900.0
2018-01-10 11:25:02.091000,5.28,5.28,5.29,1220900.0
2018-01-10 11:25:07.109000,5.28,5.27,5.29,1372300.0
2018-01-10 11:25:13.043000,5.28,5.27,5.29,1372300.0
2018-01-10 11:25:17.243000,5.28,5.27,5.29,1372300.0
2018-01-10 11:25:21.527000,5.28,5.27,5.29,1372300.0
2018-01-10 11:25:26.470000,5.28,5.27,5.29,1372300.0
2018-01-10 11:25:30.474000,5.28,5.27,5.29,1372300.0
2018-01-10 11:25:35.430000,5.28,5.27,5.29,1372300.0
2018-01-10 11:25:39.933000,5.28,5.27,5.29,1372300.0
2018-01-10 11:25:43.320000,5.28,5.27,5.29,1372300.0
2018-01-10 11:25:48.028000,5.28,5.27,5.29,1372300.0
2018-01-10 11:25:52.347000,5.28,5.27,5.29,1372300.0
2018-01-10 11:25:56.564000,5.28,5.27,5.29,1372300.0
2018-01-10 11:26:00.697000,5.28,5.27,5.29,1372300.0
2018-01-10 11:26:06.497000,5.28,5.27,5.29,1372300.0
2018-01-10 11:26:10.371000,5.28,5.28,5.29,1402300.0
2018-01-10 11:26:14.572000,5.28,5.28,5.29,1402300.0
2018-01-10 11:26:19.629000,5.28,5.28,5.29,1402300.0
2018-01-10 11:26:27.255000,5.28,5.28,5.29,1402300.0
2018-01-10 11:26:33.618000,5.28,5.28,5.29,1402300.0
2018-01-10 11:26:37.809000,5.28,5.28,5.29,1402300.0
2018-01-10 11:26:41.088000,5.28,5.28,5.29,1402300.0
2018-01-10 11:26:45.575000,5.28,5.28,5.29,1402300.0
2018-01-10 11:26:50.122000,5.28,5.28,5.29,1402300.0
2018-01-10 11:26:54.658000,5.28,5.28,5.29,1402300.0
2018-01-10 11:26:59.354000,5.28,5.28,5.29,1402300.0
2018-01-10 11:27:04.182000,5.28,5.28,5.29,1402300.0
2018-01-10 11:27:08.931000,5.28,5.28,5.29,1402300.0
2018-01-10 11:27:12.981000,5.28,5.28,5.29,1402300.0
2018-01-10 11:27:17.299000,5.28,5.28,5.29,1402300.0
2018-01-10 11:27:22.234000,5.28,5.28,5.29,1402300.0
2018-01-10 11:27:26.904000,5.28,5.28,5.29,1402300.0
2018-01-10 11:27:31.261000,5.28,5.28,5.29,1402300.0
2018-01-10 11:27:36.074000,5.28,5.28,5.29,1402300.0
2018-01-10 11:27:40.996000,5.28,5.28,5.29,1402300.0
2018-01-10 11:27:45.525000,5.28,5.28,5.29,1402300.0
2018-01-10 11:27:50.466000,5.28,5.28,5.29,1402300.0
2018-01-10 11:27:55.438000,5.28,5.28,5.29,1402300.0
2018-01-10 11:28:00.013000,5.28,5.28,5.29,1402300.0
2018-01-10 11:28:05.300000,5.28,5.28,5.29,1402300.0
2018-01-10 11:28:10.667000,5.28,5.28,5.29,1402300.0
2018-01-10 11:28:18.116000,5.28,5.28,5.29,1402300.0
2018-01-10 11:28:23.509000,5.28,5.28,5.29,1402300.0
2018-01-10 11:28:28.729000,5.28,5.28,5.29,1402300.0
2018-01-10 11:28:32.805000,5.28,5.28,5.29,1402300.0
2018-01-10 11:28:37.248000,5.28,5.28,5.29,1402300.0
2018-01-10 11:28:42.077000,5.28,5.28,5.29,1402300.0
2018-01-10 11:28:46.814000,5.28,5.28,5.29,1402300.0
2018-01-10 11:28:51.311000,5.28,5.28,5.29,1402300.0
2018-01-10 11:28:55.968000,5.28,5.28,5.29,1402300.0
2018-01-10 11:29:00.669000,5.28,5.28,5.29,1402300.0
2018-01-10 11:29:06.092000,5.28,5.28,5.29,1402300.0
2018-01-10 11:29:14.748000,5.28,5.28,5.29,1402300.0
2018-01-10 11:29:20.358000,5.28,5.28,5.29,1402300.0
2018-01-10 11:29:25.215000,5.28,5.28,5.29,1402300.0
2018-01-10 11:29:30.015000,5.28,5.28,5.29,1402300.0
2018-01-10 11:29:34.392000,5.28,5.28,5.29,1402300.0
2018-01-10 11:29:39.450000,5.28,5.28,5.29,1402300.0
2018-01-10 11:29:44.420000,5.28,5.28,5.29,1402300.0
2018-01-10 11:29:48.829000,5.28,5.28,5.29,1402300.0
2018-01-10 11:29:53.675000,5.28,5.28,5.29,1402300.0
2018-01-10 11:29:57.892000,5.28,5.28,5.29,1402300.0
2018-01-10 11:30:02.932000,5.28,5.28,5.29,1402300.0
2018-01-10 11:30:09.983000,5.28,5.28,5.29,1402300.0
2018-01-10 11:30:14.137000,5.28,5.28,5.29,1402300.0
2018-01-10 11:30:19.169000,5.28,5.28,5.29,1402300.0
2018-01-10 11:30:22.975000,5.28,5.28,5.29,1402300.0
2018-01-10 11:30:26.540000,5.28,5.28,5.29,1402300.0
2018-01-10 11:30:30.328000,5.28,5.28,5.29,1402300.0
2018-01-10 11:30:35.110000,5.28,5.28,5.29,1402300.0
2018-01-10 11:30:39.371000,5.28,5.28,5.29,1402300.0
2018-01-10 11:30:43.155000,5.28,5.28,5.29,1402300.0
2018-01-10 11:30:48.140000,5.28,5.28,5.29,1402300.0
2018-01-10 11:30:53.041000,5.28,5.28,5.29,1402300.0
2018-01-10 11:30:57.288000,5.27,5.27,5.28,1409800.0
2018-01-10 11:31:03.068000,5.27,5.27,5.28,1409800.0
2018-01-10 11:31:07.314000,5.27,5.27,5.28,1409800.0
2018-01-10 11:31:11.719000,5.27,5.27,5.28,1409800.0
2018-01-10 11:31:16.241000,5.27,5.27,5.28,1409800.0
2018-01-10 11:31:20.817000,5.27,5.27,5.28,1409800.0
2018-01-10 11:31:25.251000,5.27,5.27,5.28,1409800.0
2018-01-10 11:31:30.251000,5.27,5.27,5.28,1409800.0
2018-01-10 11:31:34.956000,5.27,5.27,5.28,1409800.0
2018-01-10 11:31:38.922000,5.27,5.27,5.28,1409800.0
2018-01-10 11:31:43.573000,5.27,5.26,5.28,1409800.0
2018-01-10 11:31:48.486000,5.27,5.26,5.28,1409800.0
2018-01-10 11:31:52.539000,5.27,5.26,5.28,1409800.0
2018-01-10 11:31:57.761000,5.27,5.26,5.28,1409800.0
2018-01-10 11:32:02.266000,5.27,5.26,5.28,1409800.0
2018-01-10 11:32:06.500000,5.27,5.26,5.28,1409800.0
2018-01-10 11:32:11.450000,5.27,5.26,5.28,1416000.0
2018-01-10 11:32:15.752000,5.27,5.26,5.28,1416000.0
2018-01-10 11:32:20.752000,5.27,5.26,5.28,1416000.0
2018-01-10 11:32:25.692000,5.27,5.26,5.28,1416000.0
2018-01-10 11:32:30.477000,5.27,5.26,5.28,1666000.0
2018-01-10 11:32:35.654000,5.27,5.26,5.28,1666000.0
2018-01-10 11:32:39.859000,5.27,5.26,5.28,1666000.0
2018-01-10 11:32:43.268000,5.27,5.26,5.28,1666000.0
2018-01-10 11:32:47.964000,5.27,5.27,5.28,1744000.0
2018-01-10 11:32:52.972000,5.27,5.27,5.28,1744000.0
2018-01-10 11:32:56.627000,5.27,5.27,5.28,1744000.0
2018-01-10 11:33:01.468000,5.27,5.27,5.28,1744000.0
2018-01-10 11:33:05.861000,5.27,5.27,5.28,1744000.0
2018-01-10 11:33:10.176000,5.27,5.27,5.28,1744000.0
2018-01-10 11:33:14.343000,5.27,5.27,5.28,1744000.0
2018-01-10 11:33:20.752000,5.27,5.27,5.28,1744000.0
2018-01-10 11:33:24.971000,5.27,5.27,5.28,1744000.0
2018-01-10 11:33:28.955000,5.27,5.27,5.28,1744000.0
2018-01-10 11:33:32.282000,5.27,5.27,5.28,1744000.0
2018-01-10 11:33:37.830000,5.27,5.27,5.28,1744000.0
2018-01-10 11:33:42.845000,5.27,5.27,5.28,1744000.0
2018-01-10 11:33:47.646000,5.27,5.27,5.28,1744000.0
2018-01-10 11:33:52.984000,5.27,5.27,5.28,1744000.0
2018-01-10 11:33:57.844000,5.27,5.27,5.28,1744000.0
2018-01-10 11:34:02.435000,5.27,5.27,5.28,1744000.0
2018-01-10 11:34:06.689000,5.27,5.27,5.28,1744000.0
2018-01-10 11:34:12.051000,5.27,5.27,5.28,1744000.0
2018-01-10 11:34:16.819000,5.27,5.27,5.28,1764000.0
2018-01-10 11:34:23.368000,5.27,5.27,5.28,1764000.0
2018-01-10 11:34:27.835000,5.27,5.27,5.28,1764000.0
2018-01-10 11:34:31.975000,5.27,5.27,5.28,1764000.0
2018-01-10 11:34:36.559000,5.27,5.27,5.28,1764000.0
2018-01-10 11:34:41.345000,5.27,5.27,5.28,1764000.0
2018-01-10 11:34:45.715000,5.27,5.27,5.28,1764000.0
2018-01-10 11:34:50.865000,5.27,5.27,5.28,1764000.0
2018-01-10 11:34:55.692000,5.27,5.27,5.28,1764000.0
2018-01-10 11:35:00.549000,5.27,5.27,5.28,1764000.0
2018-01-10 11:35:05.603000,5.27,5.27,5.28,1764000.0
2018-01-10 11:35:14.111000,5.27,5.27,5.28,1764000.0
2018-01-10 11:35:19.255000,5.27,5.27,5.28,1764000.0
2018-01-10 11:35:24.347000,5.27,5.26,5.28,1793000.0
2018-01-10 11:35:29.238000,5.27,5.26,5.28,1793000.0
2018-01-10 11:35:33.447000,5.27,5.26,5.28,1793000.0
2018-01-10 11:35:37.635000,5.27,5.26,5.28,1793000.0
2018-01-10 11:35:42.678000,5.27,5.26,5.28,1793000.0
2018-01-10 11:35:47.327000,5.27,5.26,5.28,1793000.0
2018-01-10 11:35:51.480000,5.27,5.26,5.28,1793000.0
2018-01-10 11:35:56.333000,5.27,5.26,5.28,1793000.0
2018-01-10 11:36:00.662000,5.27,5.26,5.28,1793000.0
2018-01-10 11:36:05.473000,5.27,5.26,5.28,1793000.0
2018-01-10 11:36:10.147000,5.27,5.26,5.28,1793000.0
2018-01-10 11:36:15.256000,5.27,5.26,5.28,1793000.0
2018-01-10 11:36:21.058000,5.27,5.26,5.28,1793000.0
2018-01-10 11:36:25.660000,5.27,5.26,5.28,1793000.0
2018-01-10 11:36:30.635000,5.27,5.26,5.28,1793000.0
2018-01-10 11:36:34.659000,5.27,5.26,5.28,1793000.0
2018-01-10 11:36:39.221000,5.27,5.26,5.28,1793000.0
2018-01-10 11:36:43.484000,5.27,5.26,5.28,1793000.0
2018-01-10 11:36:48.306000,5.27,5.26,5.28,1793000.0
2018-01-10 11:36:52.244000,5.27,5.26,5.28,1793000.0
2018-01-10 11:36:57.303000,5.27,5.26,5.28,1793000.0
2018-01-10 11:37:05.548000,5.27,5.26,5.28,1793000.0
2018-01-10 11:37:09.982000,5.27,5.26,5.28,1793000.0
2018-01-10 11:37:14.879000,5.27,5.26,5.28,1793000.0
2018-01-10 11:37:21.209000,5.27,5.26,5.28,1793000.0
2018-01-10 11:37:25.102000,5.27,5.26,5.28,1793000.0
2018-01-10 11:37:30.169000,5.27,5.26,5.28,1793000.0
2018-01-10 11:37:34.303000,5.27,5.26,5.27,1803000.0
2018-01-10 11:37:39.236000,5.27,5.26,5.27,1803000.0
2018-01-10 11:37:43.774000,5.27,5.26,5.27,1803000.0
2018-01-10 11:37:48.302000,5.27,5.26,5.27,1803000.0
2018-01-10 11:37:53.478000,5.27,5.26,5.27,1803000.0
2018-01-10 11:37:58.579000,5.27,5.26,5.27,1803000.0
2018-01-10 11:38:03.543000,5.27,5.26,5.27,1803000.0
2018-01-10 11:38:09.740000,5.27,5.26,5.27,1803000.0
2018-01-10 11:38:13.709000,5.27,5.26,5.27,1803000.0
2018-01-10 11:38:17.800000,5.27,5.26,5.27,1803000.0
2018-01-10 11:38:21.465000,5.27,5.26,5.27,1803000.0
2018-01-10 11:38:26.046000,5.27,5.26,5.27,1803000.0
2018-01-10 11:38:30.412000,5.27,5.26,5.27,1803000.0
2018-01-10 11:38:35.329000,5.27,5.26,5.27,1803000.0
2018-01-10 11:38:39.099000,5.27,5.26,5.27,1803000.0
2018-01-10 11:38:43.683000,5.27,5.26,5.27,1803000.0
2018-01-10 11:38:48.175000,5.27,5.26,5.27,1803000.0
2018-01-10 11:38:53.006000,5.27,5.26,5.27,1803000.0
2018-01-10 11:38:56.585000,5.27,5.26,5.27,1803000.0
2018-01-10 11:39:01.495000,5.27,5.26,5.27,1803000.0
2018-01-10 11:39:06.086000,5.26,5.25,5.26,1865800.0
2018-01-10 11:39:11.915000,5.26,5.25,5.26,1865800.0
2018-01-10 11:39:16.268000,5.26,5.25,5.26,1865800.0
2018-01-10 11:39:20.681000,5.26,5.25,5.26,1865800.0
2018-01-10 11:39:25.167000,5.26,5.25,5.26,1865800.0
2018-01-10 11:39:29.936000,5.26,5.25,5.26,1865800.0
2018-01-10 11:39:34.665000,5.26,5.25,5.26,1865800.0
2018-01-10 11:39:39.371000,5.26,5.25,5.26,1865800.0
2018-01-10 11:39:44.278000,5.26,5.25,5.26,1865800.0
2018-01-10 11:39:48.544000,5.26,5.25,5.26,1865800.0
2018-01-10 11:39:53.341000,5.26,5.25,5.26,1865800.0
2018-01-10 11:39:58.325000,5.26,5.25,5.26,1865800.0
2018-01-10 11:40:03.364000,5.26,5.25,5.26,1865800.0
2018-01-10 11:40:07.557000,5.26,5.25,5.26,1865800.0
2018-01-10 11:40:16.017000,5.26,5.25,5.26,1865800.0
2018-01-10 11:40:20.227000,5.26,5.25,5.26,1885800.0
2018-01-10 11:40:25.070000,5.26,5.25,5.26,1885800.0
2018-01-10 11:40:30.090000,5.26,5.25,5.26,1885800.0
2018-01-10 11:40:33.425000,5.26,5.25,5.26,1885800.0
2018-01-10 11:40:37.417000,5.26,5.25,5.26,1885800.0
2018-01-10 11:40:41.858000,5.26,5.25,5.26,1885800.0
2018-01-10 11:40:46.763000,5.26,5.25,5.26,1885800.0
2018-01-10 11:40:51.761000,5.26,5.25,5.26,1885800.0
2018-01-10 11:40:56.872000,5.26,5.25,5.26,1885800.0
2018-01-10 11:41:01.841000,5.26,5.25,5.26,1885800.0
2018-01-10 11:41:12.569000,5.26,5.25,5.26,1885800.0
2018-01-10 11:41:17.466000,5.25,5.25,5.26,1961900.0
2018-01-10 11:41:21.609000,5.25,5.25,5.26,1961900.0
2018-01-10 11:41:27.039000,5.25,5.25,5.26,1961900.0
2018-01-10 11:41:31.795000,5.25,5.25,5.26,1961900.0
2018-01-10 11:41:37.059000,5.25,5.25,5.26,1961900.0
2018-01-10 11:41:40.890000,5.25,5.25,5.26,1961900.0
2018-01-10 11:41:44.841000,5.25,5.25,5.26,1961900.0
2018-01-10 11:41:49.179000,5.25,5.24,5.25,2165800.0
2018-01-10 11:41:53.867000,5.25,5.24,5.25,2165800.0
2018-01-10 11:41:58.496000,5.25,5.24,5.25,2165800.0
2018-01-10 11:42:04.194000,5.25,5.24,5.25,2165800.0
2018-01-10 11:42:08.874000,5.25,5.24,5.26,2167800.0
2018-01-10 11:42:13.251000,5.25,5.24,5.26,2167800.0
2018-01-10 11:42:18.719000,5.25,5.24,5.26,2167800.0
2018-01-10 11:42:23.543000,5.25,5.24,5.26,2167800.0
2018-01-10 11:42:27.404000,5.25,5.24,5.26,2167800.0
2018-01-10 11:42:32.226000,5.25,5.24,5.26,2167800.0
2018-01-10 11:42:36.129000,5.25,5.24,5.26,2167800.0
2018-01-10 11:42:40.183000,5.25,5.24,5.26,2167800.0
2018-01-10 11:42:44.825000,5.25,5.24,5.26,2167800.0
2018-01-10 11:42:50.433000,5.25,5.24,5.26,2167800.0
2018-01-10 11:42:55.620000,5.25,5.24,5.26,2167800.0
2018-01-10 11:42:59.366000,5.25,5.24,5.26,2167800.0
2018-01-10 11:43:04.017000,5.25,5.24,5.26,2167800.0
2018-01-10 11:43:08.890000,5.25,5.24,5.26,2167800.0
2018-01-10 11:43:16.994000,5.25,5.24,5.26,2167800.0
2018-01-10 11:43:22.113000,5.24,5.24,5.26,2187800.0
2018-01-10 11:43:27.186000,5.24,5.24,5.26,2187800.0
2018-01-10 11:43:30.763000,5.24,5.24,5.26,2187800.0
2018-01-10 11:43:36.014000,5.24,5.24,5.26,2187800.0
2018-01-10 11:43:40.762000,5.24,5.24,5.26,2187800.0
2018-01-10 11:43:45.373000,5.24,5.24,5.26,2187800.0
2018-01-10 11:43:49.489000,5.24,5.24,5.26,2187800.0
2018-01-10 11:43:53.413000,5.24,5.24,5.26,2187800.0
2018-01-10 11:43:58.859000,5.24,5.24,5.26,2187800.0
2018-01-10 11:44:06.490000,5.24,5.24,5.26,2187800.0
2018-01-10 11:44:12.129000,5.24,5.24,5.26,2187800.0
2018-01-10 11:44:16.960000,5.25,5.25,5.26,2192700.0
2018-01-10 11:44:23.595000,5.25,5.25,5.26,2192700.0
2018-01-10 11:44:27.252000,5.25,5.25,5.26,2192700.0
2018-01-10 11:44:31.311000,5.25,5.25,5.26,2192700.0
2018-01-10 11:44:36.032000,5.25,5.25,5.26,2192700.0
2018-01-10 11:44:41.065000,5.25,5.25,5.26,2192700.0
2018-01-10 11:44:45.749000,5.25,5.25,5.26,2192700.0
2018-01-10 11:44:50.356000,5.25,5.25,5.26,2192700.0
2018-01-10 11:44:54.628000,5.25,5.25,5.26,2192700.0
2018-01-10 11:44:59.437000,5.25,5.25,5.26,2192700.0
2018-01-10 11:45:04.072000,5.25,5.25,5.26,2192700.0
2018-01-10 11:45:09.108000,5.25,5.25,5.26,2192700.0
2018-01-10 11:45:13.226000,5.25,5.25,5.26,2192700.0
2018-01-10 11:45:17.557000,5.25,5.25,5.26,2192700.0
2018-01-10 11:45:21.038000,5.25,5.25,5.26,2192700.0
2018-01-10 11:45:25.419000,5.25,5.25,5.26,2192700.0
2018-01-10 11:45:29.809000,5.25,5.25,5.26,2192700.0
2018-01-10 11:45:34.190000,5.25,5.25,5.26,2192700.0
2018-01-10 11:45:38.504000,5.25,5.25,5.26,2192700.0
2018-01-10 11:45:42.554000,5.25,5.25,5.26,2192700.0
2018-01-10 11:45:46.268000,5.25,5.25,5.26,2192700.0
2018-01-10 11:45:50.390000,5.25,5.25,5.26,2192700.0
2018-01-10 11:45:53.207000,5.25,5.25,5.26,2192700.0
2018-01-10 11:45:56.306000,5.25,5.25,5.26,2192700.0
2018-01-10 11:46:00.405000,5.25,5.25,5.26,2192700.0
2018-01-10 11:46:04.537000,5.26,5.25,5.26,2212700.0
2018-01-10 11:46:09.938000,5.26,5.25,5.26,2212700.0
2018-01-10 11:46:14.127000,5.26,5.25,5.26,2212700.0
2018-01-10 11:46:19.358000,5.26,5.25,5.26,2212700.0
2018-01-10 11:46:23.835000,5.26,5.25,5.26,2212700.0
2018-01-10 11:46:27.222000,5.26,5.25,5.26,2212700.0
2018-01-10 11:46:36.249000,5.26,5.25,5.26,2212700.0
2018-01-10 11:46:39.978000,5.26,5.25,5.26,2212700.0
2018-01-10 11:46:43.771000,5.26,5.25,5.26,2212700.0
2018-01-10 11:46:47.251000,5.26,5.25,5.26,2212700.0
2018-01-10 11:46:51.341000,5.26,5.25,5.26,2212700.0
2018-01-10 11:46:55.813000,5.26,5.25,5.26,2212700.0
2018-01-10 11:46:59.946000,5.26,5.25,5.26,2212700.0
2018-01-10 11:47:03.487000,5.26,5.25,5.26,2212700.0
2018-01-10 11:47:09.256000,5.26,5.25,5.26,2212700.0
2018-01-10 11:47:17.203000,5.26,5.25,5.26,2212700.0
2018-01-10 11:47:21.297000,5.26,5.25,5.27,2212700.0
2018-01-10 11:47:25.058000,5.26,5.25,5.26,2212700.0
2018-01-10 11:47:28.567000,5.26,5.25,5.26,2212700.0
2018-01-10 11:47:33.517000,5.26,5.25,5.27,2212700.0
2018-01-10 11:47:37.423000,5.26,5.25,5.26,2212700.0
2018-01-10 11:47:41.267000,5.26,5.25,5.26,2217700.0
2018-01-10 11:47:45.410000,5.26,5.25,5.26,2217700.0
2018-01-10 11:47:49.037000,5.26,5.25,5.26,2217700.0
2018-01-10 11:47:52.480000,5.26,5.25,5.26,2217700.0
2018-01-10 11:47:56.527000,5.26,5.25,5.26,2217700.0
2018-01-10 11:48:00.142000,5.26,5.25,5.26,2217700.0
2018-01-10 11:48:03.707000,5.26,5.25,5.26,2217700.0
2018-01-10 11:48:07.568000,5.26,5.25,5.26,2217700.0
2018-01-10 11:48:11.897000,5.26,5.25,5.26,2217700.0
2018-01-10 11:48:15.705000,5.26,5.25,5.26,2217700.0
2018-01-10 11:48:18.859000,5.26,5.25,5.26,2217700.0
2018-01-10 11:48:22.550000,5.26,5.25,5.26,2217700.0
2018-01-10 11:48:26.268000,5.26,5.25,5.26,2217700.0
2018-01-10 11:48:29.901000,5.26,5.25,5.26,2217700.0
2018-01-10 11:48:33.374000,5.26,5.25,5.26,2219200.0
2018-01-10 11:48:37.101000,5.26,5.25,5.26,2219200.0
2018-01-10 11:48:41.033000,5.26,5.25,5.26,2219200.0
2018-01-10 11:48:45.084000,5.26,5.25,5.26,2219200.0
2018-01-10 11:48:47.907000,5.26,5.25,5.26,2219200.0
2018-01-10 11:48:50.878000,5.26,5.25,5.26,2219200.0
2018-01-10 11:48:54.060000,5.26,5.25,5.26,2219200.0
2018-01-10 11:48:58.376000,5.26,5.25,5.26,2219200.0
2018-01-10 11:49:02.238000,5.26,5.25,5.26,2219200.0
2018-01-10 11:49:05.851000,5.26,5.25,5.26,2219200.0
2018-01-10 11:49:09.229000,5.26,5.25,5.26,2219200.0
2018-01-10 11:49:13.169000,5.26,5.25,5.26,2219200.0
2018-01-10 11:49:17.085000,5.26,5.25,5.26,2219200.0
2018-01-10 11:49:21.036000,5.26,5.25,5.26,2219200.0
2018-01-10 11:49:24.625000,5.26,5.25,5.26,2219200.0
2018-01-10 11:49:28.458000,5.26,5.25,5.26,2219200.0
2018-01-10 11:49:32.309000,5.26,5.25,5.26,2219200.0
2018-01-10 11:49:36.413000,5.26,5.25,5.26,2219200.0
2018-01-10 11:49:39.629000,5.26,5.25,5.26,2219200.0
2018-01-10 11:49:43.468000,5.26,5.25,5.26,2219200.0
2018-01-10 11:49:47.201000,5.26,5.25,5.26,2219200.0
2018-01-10 11:49:50.598000,5.26,5.25,5.26,2219200.0
2018-01-10 11:49:54.616000,5.26,5.25,5.26,2219200.0
2018-01-10 11:49:57.675000,5.26,5.25,5.26,2219200.0
2018-01-10 11:50:01.871000,5.26,5.25,5.26,2219200.0
2018-01-10 11:50:05.171000,5.26,5.25,5.26,2219200.0
2018-01-10 11:50:09.014000,5.26,5.25,5.26,2219200.0
2018-01-10 11:50:13.565000,5.26,5.25,5.26,2219200.0
2018-01-10 11:50:20.567000,5.26,5.25,5.26,2219200.0
2018-01-10 11:50:24.591000,5.26,5.25,5.26,2219200.0
2018-01-10 11:50:27.837000,5.26,5.25,5.26,2219200.0
2018-01-10 11:50:31.693000,5.26,5.25,5.26,2219200.0
2018-01-10 11:50:35.388000,5.26,5.25,5.26,2219200.0
2018-01-10 11:50:39.228000,5.26,5.25,5.26,2219200.0
2018-01-10 11:50:42.312000,5.26,5.25,5.26,2219200.0
2018-01-10 11:50:46.435000,5.26,5.25,5.26,2219200.0
2018-01-10 11:50:50.147000,5.26,5.25,5.26,2219200.0
2018-01-10 11:50:54.043000,5.26,5.25,5.26,2219200.0
2018-01-10 11:50:58.345000,5.26,5.25,5.26,2219200.0
2018-01-10 11:51:02.208000,5.26,5.25,5.26,2219200.0
2018-01-10 11:51:06.244000,5.26,5.25,5.26,2219200.0
2018-01-10 11:51:10.251000,5.26,5.25,5.26,2219200.0
2018-01-10 11:51:13.729000,5.26,5.25,5.26,2219200.0
2018-01-10 11:51:17.444000,5.26,5.25,5.26,2219200.0
2018-01-10 11:51:20.725000,5.26,5.25,5.26,2219200.0
2018-01-10 11:51:23.979000,5.26,5.25,5.26,2219200.0
2018-01-10 11:51:27.317000,5.26,5.25,5.26,2219200.0
2018-01-10 11:51:31.407000,5.26,5.25,5.26,2219200.0
2018-01-10 11:51:35.143000,5.26,5.25,5.26,2219200.0
2018-01-10 11:51:38.652000,5.26,5.25,5.26,2219200.0
2018-01-10 11:51:42.109000,5.26,5.25,5.26,2219200.0
2018-01-10 11:51:45.836000,5.26,5.25,5.26,2219200.0
2018-01-10 11:51:49.615000,5.26,5.25,5.26,2219200.0
2018-01-10 11:51:53.457000,5.26,5.25,5.26,2219200.0
2018-01-10 11:51:57.256000,5.26,5.25,5.26,2219200.0
2018-01-10 11:52:00.945000,5.26,5.25,5.26,2219200.0
2018-01-10 11:52:05.188000,5.26,5.25,5.26,2219200.0
2018-01-10 11:52:09.258000,5.26,5.25,5.26,2219200.0
2018-01-10 11:52:15.742000,5.26,5.25,5.26,2219200.0
2018-01-10 11:52:19.291000,5.26,5.25,5.26,2219200.0
2018-01-10 11:52:23.214000,5.26,5.25,5.26,2219200.0
2018-01-10 11:52:26.666000,5.26,5.25,5.26,2219200.0
2018-01-10 11:52:30.073000,5.26,5.25,5.26,2219200.0
2018-01-10 11:52:33.712000,5.26,5.25,5.26,2219200.0
2018-01-10 11:52:37.418000,5.26,5.25,5.26,2219200.0
2018-01-10 11:52:41.086000,5.26,5.25,5.26,2219200.0
2018-01-10 11:52:45.038000,5.26,5.25,5.26,2219200.0
2018-01-10 11:52:48.808000,5.26,5.25,5.26,2219200.0
2018-01-10 11:52:52.406000,5.26,5.25,5.26,2219200.0
2018-01-10 11:52:55.543000,5.26,5.25,5.26,2219200.0
2018-01-10 11:52:59.339000,5.26,5.25,5.26,2219200.0
2018-01-10 11:53:03.012000,5.26,5.25,5.26,2219200.0
2018-01-10 11:53:06.712000,5.26,5.25,5.26,2219200.0
2018-01-10 11:53:13.199000,5.26,5.25,5.26,2219200.0
2018-01-10 11:53:19.107000,5.26,5.25,5.26,2219200.0
2018-01-10 11:53:23.042000,5.26,5.25,5.26,2219200.0
2018-01-10 11:53:26.857000,5.26,5.25,5.26,2219200.0
2018-01-10 11:53:30.742000,5.26,5.25,5.26,2219200.0
2018-01-10 11:53:34.892000,5.26,5.25,5.26,2219200.0
2018-01-10 11:53:38.756000,5.26,5.25,5.26,2219200.0
2018-01-10 11:53:41.932000,5.26,5.25,5.26,2219200.0
2018-01-10 11:53:45.868000,5.26,5.25,5.26,2219200.0
2018-01-10 11:53:49.722000,5.26,5.25,5.26,2219200.0
2018-01-10 11:53:53.606000,5.26,5.25,5.26,2219200.0
2018-01-10 11:53:57.311000,5.26,5.25,5.26,2219200.0
2018-01-10 11:54:00.443000,5.26,5.25,5.26,2219200.0
2018-01-10 11:54:03.668000,5.26,5.25,5.26,2219200.0
2018-01-10 11:54:07.715000,5.26,5.25,5.26,2219200.0
2018-01-10 11:54:11.480000,5.26,5.25,5.26,2219200.0
2018-01-10 11:54:15.475000,5.26,5.25,5.26,2229200.0
2018-01-10 11:54:20.405000,5.26,5.25,5.26,2229200.0
2018-01-10 11:54:24.561000,5.26,5.25,5.26,2229200.0
2018-01-10 11:54:27.887000,5.26,5.25,5.26,2229200.0
2018-01-10 11:54:31.197000,5.26,5.25,5.26,2229200.0
2018-01-10 11:54:34.986000,5.26,5.25,5.26,2229200.0
2018-01-10 11:54:39.137000,5.26,5.25,5.26,2229200.0
2018-01-10 11:54:43.106000,5.26,5.25,5.26,2229200.0
2018-01-10 11:54:47.090000,5.26,5.25,5.26,2229200.0
2018-01-10 11:54:50.965000,5.26,5.25,5.26,2229200.0
2018-01-10 11:54:55.164000,5.26,5.25,5.26,2229200.0
2018-01-10 11:54:58.316000,5.26,5.25,5.26,2229200.0
2018-01-10 11:55:03.474000,5.26,5.25,5.26,2229200.0
2018-01-10 11:55:07.465000,5.26,5.25,5.26,2229200.0
2018-01-10 11:55:15.738000,5.26,5.25,5.26,2229200.0
2018-01-10 11:55:19.940000,5.26,5.25,5.26,2229200.0
2018-01-10 11:55:22.889000,5.26,5.25,5.26,2229200.0
2018-01-10 11:55:27.011000,5.26,5.25,5.26,2229200.0
2018-01-10 11:55:30.827000,5.26,5.25,5.26,2229200.0
2018-01-10 11:55:34.771000,5.26,5.25,5.26,2229200.0
2018-01-10 11:55:38.186000,5.26,5.25,5.26,2229200.0
2018-01-10 11:55:41.730000,5.26,5.25,5.26,2229200.0
2018-01-10 11:55:45.727000,5.26,5.25,5.26,2229200.0
2018-01-10 11:55:49.390000,5.26,5.25,5.26,2229200.0
2018-01-10 11:55:53.519000,5.26,5.25,5.26,2229200.0
2018-01-10 11:55:57.717000,5.26,5.25,5.26,2229200.0
2018-01-10 11:56:01.199000,5.26,5.25,5.26,2229200.0
2018-01-10 11:56:04.171000,5.26,5.25,5.26,2229200.0
2018-01-10 11:56:07.370000,5.26,5.25,5.26,2229200.0
2018-01-10 11:56:11.074000,5.26,5.25,5.26,2229200.0
2018-01-10 11:56:17.078000,5.26,5.25,5.26,2229200.0
2018-01-10 11:56:21.292000,5.26,5.25,5.26,2229200.0
2018-01-10 11:56:24.947000,5.26,5.25,5.26,2229200.0
2018-01-10 11:56:28.529000,5.26,5.25,5.26,2229200.0
2018-01-10 11:56:32.515000,5.26,5.25,5.26,2229200.0
2018-01-10 11:56:36.669000,5.26,5.25,5.26,2229200.0
2018-01-10 11:56:39.704000,5.26,5.25,5.26,2229200.0
2018-01-10 11:56:43.390000,5.26,5.25,5.26,2229200.0
2018-01-10 11:56:46.855000,5.26,5.25,5.26,2229200.0
2018-01-10 11:56:50.814000,5.26,5.25,5.26,2236700.0
2018-01-10 11:56:55.065000,5.26,5.25,5.26,2236700.0
2018-01-10 11:56:58.765000,5.26,5.25,5.26,2236700.0
2018-01-10 11:57:05.963000,5.26,5.25,5.26,2236700.0
2018-01-10 11:57:11.293000,5.26,5.25,5.26,2236700.0
2018-01-10 11:57:17.814000,5.26,5.25,5.26,2236700.0
2018-01-10 11:57:22.204000,5.26,5.25,5.26,2236700.0
2018-01-10 11:57:25.942000,5.26,5.25,5.26,2236700.0
2018-01-10 11:57:29.635000,5.26,5.25,5.26,2236700.0
2018-01-10 11:57:32.984000,5.26,5.25,5.26,2236700.0
2018-01-10 11:57:36.840000,5.26,5.25,5.26,2236700.0
2018-01-10 11:57:40.067000,5.26,5.25,5.26,2236700.0
2018-01-10 11:57:43.371000,5.26,5.25,5.26,2236700.0
2018-01-10 11:57:46.984000,5.26,5.25,5.26,2236700.0
2018-01-10 11:57:50.362000,5.26,5.25,5.26,2236700.0
2018-01-10 11:57:54.619000,5.26,5.25,5.26,2236700.0
2018-01-10 11:57:58.603000,5.26,5.25,5.26,2236700.0
2018-01-10 11:58:02.219000,5.26,5.25,5.26,2236700.0
2018-01-10 11:58:06.592000,5.26,5.25,5.26,2236700.0
2018-01-10 11:58:16.889000,5.26,5.25,5.26,2236700.0
2018-01-10 11:58:20.437000,5.26,5.25,5.26,2236700.0
2018-01-10 11:58:24.221000,5.26,5.25,5.26,2236700.0
2018-01-10 11:58:28.294000,5.26,5.25,5.26,2236700.0
2018-01-10 11:58:32.251000,5.26,5.25,5.26,2236700.0
2018-01-10 11:58:36.090000,5.26,5.25,5.26,2236700.0
2018-01-10 11:58:40.256000,5.26,5.25,5.26,2236700.0
2018-01-10 11:58:43.936000,5.26,5.25,5.26,2236700.0
2018-01-10 11:58:48.076000,5.26,5.25,5.26,2236700.0
2018-01-10 11:58:51.483000,5.26,5.25,5.26,2236700.0
2018-01-10 11:58:55.272000,5.26,5.25,5.26,2236700.0
2018-01-10 11:58:58.428000,5.26,5.25,5.26,2236700.0
2018-01-10 11:59:04.065000,5.26,5.25,5.26,2236700.0
2018-01-10 11:59:07.822000,5.26,5.25,5.26,2236700.0
2018-01-10 11:59:11.217000,5.26,5.25,5.26,2236700.0
2018-01-10 11:59:19.243000,5.26,5.25,5.26,2236700.0
2018-01-10 11:59:22.845000,5.26,5.25,5.26,2236700.0
2018-01-10 11:59:26.858000,5.26,5.25,5.26,2256700.0
2018-01-10 11:59:29.940000,5.26,5.25,5.26,2256700.0
2018-01-10 11:59:33.800000,5.26,5.25,5.26,2256700.0
2018-01-10 11:59:37.634000,5.26,5.25,5.26,2256700.0
2018-01-10 11:59:41.160000,5.26,5.25,5.26,2256700.0
2018-01-10 11:59:44.928000,5.26,5.25,5.26,2256700.0
2018-01-10 11:59:48.430000,5.26,5.25,5.26,2256700.0
2018-01-10 11:59:52.354000,5.26,5.25,5.26,2256700.0
2018-01-10 11:59:56.220000,5.26,5.25,5.26,2256700.0
2018-01-10 11:59:59.596000,5.26,5.25,5.26,2256700.0
2018-01-10 12:00:03.485000,5.26,5.25,5.26,2256700.0
2018-01-10 12:00:07.385000,5.26,5.25,5.26,2256700.0
2018-01-10 12:00:11.390000,5.26,5.25,5.26,2256700.0
2018-01-10 12:00:15.487000,5.26,5.25,5.26,2256700.0
2018-01-10 12:00:20.820000,5.26,5.25,5.26,2256700.0
2018-01-10 12:00:24.755000,5.26,5.25,5.26,2256700.0
2018-01-10 12:00:28.503000,5.26,5.25,5.26,2256700.0
2018-01-10 12:00:32.160000,5.26,5.25,5.26,2256700.0
