time,price,bid,ask,volume
2018-01-12 09:40:20.220000,31.5,31.45,31.5,2604968.0
2018-01-12 09:40:23.662000,31.5,31.45,31.5,2604968.0
2018-01-12 09:40:27.174000,31.5,31.45,31.5,2604968.0
2018-01-12 09:40:30.360000,31.5,31.45,31.5,2604968.0
2018-01-12 09:40:33.654000,31.5,31.45,31.5,2604968.0
2018-01-12 09:40:36.724000,31.5,31.45,31.5,2604968.0
2018-01-12 09:40:39.866000,31.5,31.45,31.5,2604968.0
2018-01-12 09:40:42.788000,31.5,31.45,31.5,2604968.0
2018-01-12 09:40:46.143000,31.5,31.45,31.5,2604968.0
2018-01-12 09:40:49.106000,31.5,31.45,31.5,2604968.0
2018-01-12 09:40:52.210000,31.5,31.45,31.5,2604968.0
2018-01-12 09:40:55.440000,31.5,31.45,31.5,2604968.0
2018-01-12 09:40:58.375000,31.5,31.45,31.5,2604968.0
2018-01-12 09:41:01.441000,31.5,31.45,31.5,2604968.0
2018-01-12 09:41:04.988000,31.5,31.45,31.5,2680968.0
2018-01-12 09:41:08.399000,31.5,31.45,31.5,2680968.0
2018-01-12 09:41:11.520000,31.5,31.45,31.5,2680968.0
2018-01-12 09:41:18.539000,31.5,31.45,31.5,2680968.0
2018-01-12 09:41:22.437000,31.5,31.45,31.5,2680968.0
2018-01-12 09:41:25.742000,31.5,31.45,31.5,2680968.0
2018-01-12 09:41:28.558000,31.5,31.45,31.5,2680968.0
2018-01-12 09:41:31.537000,31.5,31.45,31.5,2680968.0
2018-01-12 09:41:34.522000,31.5,31.45,31.5,2680968.0
2018-01-12 09:41:37.646000,31.5,31.45,31.5,2680968.0
2018-01-12 09:41:40.743000,31.5,31.45,31.5,2680968.0
2018-01-12 09:41:44.200000,31.5,31.45,31.5,2680968.0
2018-01-12 09:41:47.125000,31.5,31.45,31.5,2680968.0
2018-01-12 09:41:50.333000,31.5,31.45,31.5,2680968.0
2018-01-12 09:41:53.416000,31.5,31.45,31.5,2680968.0
2018-01-12 09:41:56.632000,31.5,31.45,31.5,2680968.0
2018-01-12 09:41:59.698000,31.5,31.45,31.5,2680968.0
2018-01-12 09:42:02.781000,31.5,31.45,31.5,2680968.0
2018-01-12 09:42:05.894000,31.5,31.45,31.5,2680968.0
2018-01-12 09:42:09.022000,31.5,31.45,31.5,2680968.0
2018-01-12 09:42:12.114000,31.5,31.45,31.5,2680968.0
2018-01-12 09:42:15.457000,31.5,31.45,31.5,2680968.0
2018-01-12 09:42:18.507000,31.5,31.45,31.5,2680968.0
2018-01-12 09:42:21.822000,31.5,31.45,31.5,2680968.0
2018-01-12 09:42:25.303000,31.5,31.45,31.5,2680968.0
2018-01-12 09:42:28.478000,31.5,31.45,31.5,2680968.0
2018-01-12 09:42:31.729000,31.5,31.45,31.5,2680968.0
2018-01-12 09:42:34.663000,31.5,31.45,31.5,2680968.0
2018-01-12 09:42:37.965000,31.5,31.45,31.5,2680968.0
2018-01-12 09:42:41.023000,31.5,31.45,31.5,2680968.0
2018-01-12 09:42:44.137000,31.5,31.45,31.5,2680968.0
2018-01-12 09:42:47.028000,31.5,31.5,31.55,2683468.0
2018-01-12 09:42:50.693000,31.5,31.5,31.55,2683468.0
2018-01-12 09:42:53.713000,31.5,31.5,31.55,2683468.0
2018-01-12 09:42:56.873000,31.5,31.5,31.55,2683468.0
2018-01-12 09:42:59.959000,31.5,31.5,31.55,2683468.0
2018-01-12 09:43:03.229000,31.5,31.5,31.55,2683468.0
2018-01-12 09:43:06.443000,31.5,31.5,31.55,2683468.0
2018-01-12 09:43:09.712000,31.5,31.5,31.55,2683468.0
2018-01-12 09:43:13.839000,31.5,31.5,31.55,2683468.0
2018-01-12 09:43:16.931000,31.5,31.5,31.55,2683468.0
2018-01-12 09:43:20.201000,31.5,31.5,31.55,2683468.0
2018-01-12 09:43:23.246000,31.5,31.5,31.55,2683468.0
2018-01-12 09:43:26.492000,31.5,31.5,31.55,2683468.0
2018-01-12 09:43:29.795000,31.5,31.5,31.55,2683468.0
2018-01-12 09:43:32.777000,31.5,31.5,31.55,2683468.0
2018-01-12 09:43:35.929000,31.5,31.5,31.55,2683468.0
2018-01-12 09:43:38.927000,31.5,31.5,31.55,2683468.0
2018-01-12 09:43:41.955000,31.5,31.5,31.55,2683468.0
2018-01-12 09:43:45.286000,31.5,31.5,31.55,2683468.0
2018-01-12 09:43:48.401000,31.5,31.5,31.55,2683468.0
2018-01-12 09:43:51.586000,31.5,31.5,31.55,2683468.0
2018-01-12 09:43:54.772000,31.5,31.5,31.55,2683468.0
2018-01-12 09:43:57.979000,31.5,31.5,31.55,2683468.0
2018-01-12 09:44:01.022000,31.5,31.5,31.55,2683468.0
2018-01-12 09:44:04.449000,31.5,31.5,31.55,2683468.0
2018-01-12 09:44:07.495000,31.5,31.5,31.55,2683468.0
2018-01-12 09:44:10.633000,31.5,31.5,31.55,2683468.0
2018-01-12 09:44:15.161000,31.5,31.5,31.55,2683468.0
2018-01-12 09:44:18.298000,31.5,31.5,31.55,2683468.0
2018-01-12 09:44:21.509000,31.5,31.5,31.55,2683468.0
2018-01-12 09:44:24.770000,31.5,31.5,31.55,2683468.0
2018-01-12 09:44:27.621000,31.5,31.5,31.55,2683468.0
2018-01-12 09:44:30.867000,31.5,31.5,31.55,2683468.0
2018-01-12 09:44:33.889000,31.5,31.5,31.55,2683468.0
2018-01-12 09:44:36.823000,31.5,31.5,31.55,2694468.0
2018-01-12 09:44:39.880000,31.5,31.5,31.55,2694468.0
2018-01-12 09:44:42.678000,31.5,31.5,31.55,2694468.0
2018-01-12 09:44:46.041000,31.5,31.5,31.55,2694468.0
2018-01-12 09:44:49.059000,31.5,31.5,31.55,2694468.0
2018-01-12 09:44:51.957000,31.5,31.5,31.55,2694468.0
2018-01-12 09:44:54.864000,31.5,31.5,31.55,2694468.0
2018-01-12 09:44:57.680000,31.5,31.5,31.55,2694468.0
2018-01-12 09:45:00.458000,31.5,31.5,31.55,2694468.0
2018-01-12 09:45:07.057000,31.5,31.5,31.55,2694468.0
2018-01-12 09:45:10.105000,31.55,31.5,31.55,2891968.0
2018-01-12 09:45:13.050000,31.55,31.5,31.55,2891968.0
2018-01-12 09:45:15.949000,31.55,31.5,31.55,2891968.0
2018-01-12 09:45:21.689000,31.55,31.5,31.55,2891968.0
2018-01-12 09:45:24.825000,31.55,31.5,31.55,2891968.0
2018-01-12 09:45:28.013000,31.55,31.5,31.55,2891968.0
2018-01-12 09:45:30.805000,31.55,31.5,31.55,2891968.0
2018-01-12 09:45:33.745000,31.55,31.5,31.55,2891968.0
2018-01-12 09:45:36.541000,31.55,31.5,31.55,2891968.0
2018-01-12 09:45:39.763000,31.55,31.5,31.55,2891968.0
2018-01-12 09:45:42.981000,31.55,31.5,31.55,2891968.0
2018-01-12 09:45:46.070000,31.55,31.5,31.55,2891968.0
2018-01-12 09:45:49.065000,31.55,31.5,31.55,2891968.0
2018-01-12 09:45:52.259000,31.55,31.5,31.55,2891968.0
2018-01-12 09:45:55.603000,31.55,31.5,31.55,2891968.0
2018-01-12 09:45:58.550000,31.55,31.5,31.55,2891968.0
2018-01-12 09:46:01.432000,31.55,31.5,31.55,5695298.0
2018-01-12 09:46:04.628000,31.55,31.5,31.55,5695298.0
2018-01-12 09:46:07.679000,31.55,31.5,31.55,5695298.0
2018-01-12 09:46:10.534000,31.55,31.5,31.55,5695298.0
2018-01-12 09:46:13.567000,31.55,31.5,31.55,5695298.0
2018-01-12 09:46:16.521000,31.55,31.5,31.55,5695298.0
2018-01-12 09:46:19.935000,31.55,31.5,31.55,5695298.0
2018-01-12 09:46:22.736000,31.55,31.5,31.55,5695298.0
2018-01-12 09:46:25.683000,31.55,31.5,31.55,5695298.0
2018-01-12 09:46:28.803000,31.55,31.5,31.55,5695298.0
2018-01-12 09:46:31.558000,31.5,31.5,31.55,5717798.0
2018-01-12 09:46:34.610000,31.5,31.5,31.55,5717798.0
2018-01-12 09:46:37.544000,31.5,31.5,31.55,5717798.0
2018-01-12 09:46:40.468000,31.5,31.5,31.55,5717798.0
2018-01-12 09:46:43.416000,31.5,31.5,31.55,5717798.0
2018-01-12 09:46:46.340000,31.5,31.5,31.55,5717798.0
2018-01-12 09:46:48.906000,31.5,31.5,31.55,5717798.0
2018-01-12 09:46:51.730000,31.5,31.5,31.55,5717798.0
2018-01-12 09:46:54.569000,31.5,31.5,31.55,5717798.0
2018-01-12 09:46:57.351000,31.5,31.5,31.55,5717798.0
2018-01-12 09:47:00.344000,31.5,31.5,31.55,5717798.0
2018-01-12 09:47:03.589000,31.5,31.5,31.55,5717798.0
2018-01-12 09:47:06.386000,31.5,31.5,31.55,5717798.0
2018-01-12 09:47:09.360000,31.5,31.5,31.55,5717798.0
2018-01-12 09:47:12.131000,31.5,31.5,31.55,5717798.0
2018-01-12 09:47:14.950000,31.5,31.5,31.55,5717798.0
2018-01-12 09:47:18.008000,31.5,31.5,31.55,5717798.0
2018-01-12 09:47:20.965000,31.5,31.5,31.55,5717798.0
2018-01-12 09:47:23.610000,31.5,31.5,31.55,5717798.0
2018-01-12 09:47:26.291000,31.5,31.5,31.55,5719798.0
2018-01-12 09:47:29.112000,31.5,31.5,31.55,5719798.0
2018-01-12 09:47:31.949000,31.5,31.5,31.55,5719798.0
2018-01-12 09:47:34.971000,31.5,31.5,31.55,5719798.0
2018-01-12 09:47:38.265000,31.5,31.5,31.55,5719798.0
2018-01-12 09:47:41.167000,31.5,31.5,31.55,5719798.0
2018-01-12 09:47:44.041000,31.5,31.5,31.55,5719798.0
2018-01-12 09:47:47.040000,31.5,31.5,31.55,5719798.0
2018-01-12 09:47:49.924000,31.5,31.5,31.55,5719798.0
2018-01-12 09:47:52.735000,31.5,31.5,31.55,5719798.0
2018-01-12 09:47:55.652000,31.5,31.5,31.55,5719798.0
2018-01-12 09:47:58.469000,31.5,31.5,31.55,5719798.0
2018-01-12 09:48:01.358000,31.5,31.5,31.55,5719798.0
2018-01-12 09:48:05.262000,31.5,31.5,31.55,5807298.0
2018-01-12 09:48:08.095000,31.5,31.5,31.55,5807298.0
2018-01-12 09:48:11.060000,31.5,31.5,31.55,5807298.0
2018-01-12 09:48:14.006000,31.5,31.5,31.55,5807298.0
2018-01-12 09:48:16.818000,31.5,31.5,31.55,5807298.0
2018-01-12 09:48:20.982000,31.5,31.5,31.55,5807298.0
2018-01-12 09:48:24.007000,31.5,31.5,31.55,5807298.0
2018-01-12 09:48:27.217000,31.5,31.5,31.55,5807298.0
2018-01-12 09:48:30.257000,31.5,31.5,31.55,5807298.0
2018-01-12 09:48:33.179000,31.5,31.5,31.55,5807298.0
2018-01-12 09:48:36.138000,31.5,31.5,31.55,5807298.0
2018-01-12 09:48:39.223000,31.5,31.5,31.55,5807298.0
2018-01-12 09:48:42.257000,31.5,31.5,31.55,5807298.0
2018-01-12 09:48:45.199000,31.5,31.5,31.55,5807298.0
2018-01-12 09:48:47.993000,31.5,31.5,31.55,5807298.0
2018-01-12 09:48:51.186000,31.5,31.5,31.55,5807298.0
2018-01-12 09:48:54.228000,31.5,31.5,31.55,5807298.0
2018-01-12 09:48:57.264000,31.5,31.5,31.55,5807298.0
2018-01-12 09:49:00.112000,31.5,31.5,31.55,5807298.0
2018-01-12 09:49:03.412000,31.5,31.5,31.55,5807298.0
2018-01-12 09:49:06.546000,31.5,31.5,31.55,5807298.0
2018-01-12 09:49:09.747000,31.5,31.5,31.55,5807298.0
2018-01-12 09:49:12.837000,31.5,31.5,31.55,5807298.0
2018-01-12 09:49:15.834000,31.5,31.5,31.55,5807298.0
2018-01-12 09:49:18.887000,31.5,31.5,31.55,5807298.0
2018-01-12 09:49:22.078000,31.5,31.5,31.55,5807298.0
2018-01-12 09:49:25.145000,31.5,31.5,31.55,5807298.0
2018-01-12 09:49:28.304000,31.5,31.5,31.55,5807298.0
2018-01-12 09:49:31.233000,31.5,31.5,31.55,5807298.0
2018-01-12 09:49:34.316000,31.5,31.5,31.55,5807298.0
2018-01-12 09:49:37.162000,31.5,31.5,31.55,5807298.0
2018-01-12 09:49:40.173000,31.5,31.5,31.55,5807298.0
2018-01-12 09:49:43.075000,31.5,31.5,31.55,5807298.0
2018-01-12 09:49:45.897000,31.5,31.5,31.55,5807298.0
2018-01-12 09:49:48.963000,31.5,31.5,31.55,5807298.0
2018-01-12 09:49:51.857000,31.5,31.5,31.55,5807298.0
2018-01-12 09:49:54.744000,31.5,31.5,31.55,5807298.0
2018-01-12 09:49:57.821000,31.5,31.5,31.55,5807298.0
2018-01-12 09:50:00.724000,31.5,31.5,31.55,5807298.0
2018-01-12 09:50:05.190000,31.5,31.5,31.55,5807298.0
2018-01-12 09:50:08.195000,31.5,31.5,31.55,5807298.0
2018-01-12 09:50:11.280000,31.55,31.5,31.55,5867298.0
2018-01-12 09:50:14.181000,31.55,31.5,31.55,5867298.0
2018-01-12 09:50:17.455000,31.55,31.5,31.55,5867298.0
2018-01-12 09:50:20.646000,31.55,31.5,31.55,5867298.0
2018-01-12 09:50:23.572000,31.55,31.5,31.55,5867298.0
2018-01-12 09:50:27.003000,31.55,31.5,31.55,5867298.0
2018-01-12 09:50:30.097000,31.55,31.55,31.6,6134798.0
2018-01-12 09:50:33.081000,31.55,31.55,31.6,6134798.0
2018-01-12 09:50:36.156000,31.55,31.55,31.6,6134798.0
2018-01-12 09:50:39.120000,31.55,31.55,31.6,6134798.0
2018-01-12 09:50:42.204000,31.55,31.55,31.6,6134798.0
2018-01-12 09:50:45.171000,31.55,31.55,31.6,6134798.0
2018-01-12 09:50:48.113000,31.55,31.55,31.6,6134798.0
2018-01-12 09:50:51.041000,31.55,31.55,31.6,6134798.0
2018-01-12 09:50:54.293000,31.55,31.55,31.6,6134798.0
2018-01-12 09:50:57.277000,31.55,31.55,31.6,6134798.0
2018-01-12 09:51:00.514000,31.55,31.55,31.6,6134798.0
2018-01-12 09:51:03.667000,31.55,31.5,31.55,7890298.0
2018-01-12 09:51:06.844000,31.55,31.5,31.55,7890298.0
2018-01-12 09:51:15.391000,31.55,31.5,31.55,7890298.0
2018-01-12 09:51:18.448000,31.55,31.5,31.55,7890298.0
2018-01-12 09:51:21.657000,31.55,31.5,31.55,7890298.0
2018-01-12 09:51:24.745000,31.55,31.5,31.55,7890298.0
2018-01-12 09:51:27.800000,31.55,31.5,31.55,7890298.0
2018-01-12 09:51:31.070000,31.55,31.5,31.55,7890298.0
2018-01-12 09:51:34.192000,31.55,31.5,31.55,7890298.0
2018-01-12 09:51:37.302000,31.55,31.5,31.55,7890298.0
2018-01-12 09:51:40.249000,31.55,31.5,31.55,7890298.0
2018-01-12 09:51:43.163000,31.55,31.5,31.55,7890298.0
2018-01-12 09:51:46.488000,31.55,31.5,31.55,7890298.0
2018-01-12 09:51:49.514000,31.55,31.5,31.55,7890298.0
2018-01-12 09:51:52.431000,31.55,31.5,31.55,7890298.0
2018-01-12 09:51:55.259000,31.55,31.5,31.55,7890298.0
2018-01-12 09:51:58.399000,31.55,31.5,31.55,7890298.0
2018-01-12 09:52:01.438000,31.55,31.5,31.55,7890298.0
2018-01-12 09:52:04.456000,31.55,31.5,31.55,7890298.0
2018-01-12 09:52:07.374000,31.55,31.5,31.55,7890298.0
2018-01-12 09:52:11.042000,31.55,31.5,31.55,7890298.0
2018-01-12 09:52:13.817000,31.55,31.5,31.55,7890298.0
2018-01-12 09:52:18.286000,31.55,31.5,31.55,7890298.0
2018-01-12 09:52:21.078000,31.55,31.5,31.55,7890298.0
2018-01-12 09:52:24.074000,31.55,31.5,31.55,7890298.0
2018-01-12 09:52:26.988000,31.55,31.5,31.55,7890298.0
2018-01-12 09:52:29.877000,31.55,31.5,31.55,7890298.0
2018-01-12 09:52:33.106000,31.55,31.5,31.55,7890298.0
2018-01-12 09:52:35.983000,31.55,31.5,31.55,7993298.0
2018-01-12 09:52:39.014000,31.55,31.5,31.55,7993298.0
2018-01-12 09:52:41.867000,31.55,31.5,31.55,7993298.0
2018-01-12 09:52:44.935000,31.55,31.5,31.55,7993298.0
2018-01-12 09:52:47.811000,31.55,31.5,31.55,7993298.0
2018-01-12 09:52:50.882000,31.55,31.5,31.55,7993298.0
2018-01-12 09:52:53.730000,31.55,31.5,31.55,7993298.0
2018-01-12 09:52:56.834000,31.55,31.5,31.55,7993298.0
2018-01-12 09:52:59.748000,31.55,31.5,31.55,7993298.0
2018-01-12 09:53:02.867000,31.55,31.5,31.55,7993298.0
2018-01-12 09:53:05.752000,31.55,31.5,31.55,7993298.0
2018-01-12 09:53:09.197000,31.55,31.5,31.55,7993298.0
2018-01-12 09:53:12.317000,31.55,31.5,31.55,7993298.0
2018-01-12 09:53:15.469000,31.55,31.5,31.55,7993298.0
2018-01-12 09:53:18.651000,31.55,31.5,31.55,7993298.0
2018-01-12 09:53:23.042000,31.55,31.5,31.55,7993298.0
2018-01-12 09:53:25.952000,31.55,31.5,31.55,7993298.0
2018-01-12 09:53:28.857000,31.55,31.5,31.55,7993298.0
2018-01-12 09:53:31.853000,31.55,31.5,31.55,7993298.0
2018-01-12 09:53:34.794000,31.55,31.5,31.55,7993298.0
2018-01-12 09:53:37.670000,31.55,31.5,31.55,8001922.0
2018-01-12 09:53:40.683000,31.55,31.5,31.55,8001922.0
2018-01-12 09:53:43.668000,31.55,31.5,31.55,8001922.0
2018-01-12 09:53:46.558000,31.55,31.5,31.55,8001922.0
2018-01-12 09:53:49.591000,31.55,31.5,31.55,8001922.0
2018-01-12 09:53:52.644000,31.55,31.5,31.55,8001922.0
2018-01-12 09:53:55.759000,31.55,31.5,31.55,8001922.0
2018-01-12 09:53:58.910000,31.55,31.5,31.55,8001922.0
2018-01-12 09:54:01.999000,31.55,31.5,31.55,8001922.0
2018-01-12 09:54:04.857000,31.55,31.5,31.55,8001922.0
2018-01-12 09:54:07.944000,31.55,31.5,31.55,8001922.0
2018-01-12 09:54:10.912000,31.55,31.5,31.55,8001922.0
2018-01-12 09:54:15.678000,31.55,31.5,31.55,8001922.0
2018-01-12 09:54:18.925000,31.55,31.5,31.55,8001922.0
2018-01-12 09:54:21.934000,31.55,31.5,31.55,8001922.0
2018-01-12 09:54:25.158000,31.55,31.5,31.55,8001922.0
2018-01-12 09:54:28.320000,31.55,31.5,31.55,8001922.0
2018-01-12 09:54:31.356000,31.55,31.5,31.55,8001922.0
2018-01-12 09:54:34.312000,31.55,31.5,31.55,8001922.0
2018-01-12 09:54:37.247000,31.55,31.5,31.55,8001922.0
2018-01-12 09:54:40.279000,31.55,31.5,31.55,8001922.0
2018-01-12 09:54:43.229000,31.55,31.5,31.55,8001922.0
2018-01-12 09:54:46.185000,31.55,31.5,31.55,8001922.0
2018-01-12 09:54:49.067000,31.55,31.5,31.55,8001922.0
2018-01-12 09:54:52.043000,31.55,31.5,31.55,8001922.0
2018-01-12 09:54:54.980000,31.55,31.5,31.55,8001922.0
2018-01-12 09:54:57.981000,31.55,31.5,31.55,8001922.0
2018-01-12 09:55:00.951000,31.55,31.5,31.55,8001922.0
2018-01-12 09:55:03.925000,31.55,31.5,31.55,8001922.0
2018-01-12 09:55:06.896000,31.55,31.5,31.55,8001922.0
2018-01-12 09:55:09.859000,31.5,31.5,31.55,8008422.0
2018-01-12 09:55:13.130000,31.5,31.5,31.55,8008422.0
2018-01-12 09:55:16.193000,31.5,31.5,31.55,8008422.0
2018-01-12 09:55:19.257000,31.5,31.5,31.55,8008422.0
2018-01-12 09:55:22.368000,31.5,31.5,31.55,8008422.0
2018-01-12 09:55:25.462000,31.5,31.5,31.55,8008422.0
2018-01-12 09:55:28.894000,31.5,31.5,31.55,8008422.0
2018-01-12 09:55:31.655000,,,,
2018-01-12 09:55:34.882000,31.5,31.5,31.55,8008422.0
2018-01-12 09:55:37.975000,31.5,31.5,31.55,8008422.0
2018-01-12 09:55:41.268000,31.5,31.5,31.55,8008422.0
2018-01-12 09:55:44.360000,31.5,31.5,31.55,8008422.0
2018-01-12 09:55:47.540000,31.5,31.5,31.55,8008422.0
2018-01-12 09:55:50.877000,31.5,31.5,31.55,8008422.0
2018-01-12 09:55:54.004000,31.5,31.5,31.55,8008782.0
2018-01-12 09:55:57.051000,31.5,31.5,31.55,8008782.0
2018-01-12 09:56:00.148000,31.5,31.5,31.55,8008782.0
2018-01-12 09:56:03.263000,31.5,31.5,31.55,8008782.0
2018-01-12 09:56:06.215000,31.5,31.5,31.55,8008782.0
2018-01-12 09:56:09.680000,31.5,31.5,31.55,8008782.0
2018-01-12 09:56:13.222000,31.5,31.5,31.55,8008782.0
2018-01-12 09:56:17.193000,31.5,31.5,31.55,8008782.0
2018-01-12 09:56:22.329000,31.5,31.5,31.55,8008782.0
2018-01-12 09:56:25.105000,31.5,31.5,31.55,8008782.0
2018-01-12 09:56:28.009000,31.5,31.5,31.55,8008782.0
2018-01-12 09:56:30.697000,31.5,31.5,31.55,8008782.0
2018-01-12 09:56:33.746000,31.5,31.5,31.55,8008782.0
2018-01-12 09:56:36.715000,31.5,31.5,31.55,8008782.0
2018-01-12 09:56:39.444000,31.5,31.5,31.55,8008782.0
2018-01-12 09:56:42.384000,31.5,31.5,31.55,8008782.0
2018-01-12 09:56:45.269000,31.5,31.5,31.55,8008782.0
2018-01-12 09:56:48.212000,31.5,31.5,31.55,8008782.0
2018-01-12 09:56:51.235000,31.5,31.5,31.55,8008782.0
2018-01-12 09:56:54.102000,31.5,31.5,31.55,8008782.0
2018-01-12 09:56:56.934000,31.5,31.5,31.55,8008782.0
2018-01-12 09:56:59.796000,31.5,31.5,31.55,8008782.0
2018-01-12 09:57:04.078000,31.5,31.5,31.55,8008782.0
2018-01-12 09:57:06.791000,31.5,31.5,31.55,8021282.0
2018-01-12 09:57:11.114000,31.5,31.5,31.55,8021282.0
2018-01-12 09:57:13.785000,31.5,31.5,31.55,8021282.0
2018-01-12 09:57:16.447000,31.5,31.5,31.55,8021282.0
2018-01-12 09:57:20.958000,31.5,31.5,31.55,8021282.0
2018-01-12 09:57:23.506000,31.5,31.5,31.55,8021282.0
2018-01-12 09:57:26.337000,31.5,31.5,31.55,8021282.0
2018-01-12 09:57:29.170000,31.5,31.5,31.55,8021282.0
2018-01-12 09:57:32.097000,31.5,31.5,31.55,8021282.0
2018-01-12 09:57:35.011000,31.5,31.5,31.55,8021282.0
2018-01-12 09:57:37.856000,31.5,31.5,31.55,8021282.0
2018-01-12 09:57:40.925000,31.5,31.5,31.55,8021282.0
2018-01-12 09:57:43.773000,31.5,31.5,31.55,8021282.0
2018-01-12 09:57:46.572000,31.5,31.5,31.55,8021282.0
2018-01-12 09:57:49.728000,31.5,31.5,31.55,8021282.0
2018-01-12 09:57:52.490000,31.5,31.5,31.55,8021282.0
2018-01-12 09:57:55.165000,31.5,31.5,31.55,8021282.0
2018-01-12 09:57:58.077000,31.5,31.5,31.55,8021282.0
2018-01-12 09:58:00.718000,31.5,31.5,31.55,8021282.0
2018-01-12 09:58:03.547000,31.5,31.5,31.55,8021282.0
2018-01-12 09:58:06.540000,31.5,31.5,31.55,8021282.0
2018-01-12 09:58:09.421000,31.5,31.5,31.55,8021282.0
2018-01-12 09:58:12.390000,31.5,31.5,31.55,8021282.0
2018-01-12 09:58:15.174000,31.5,31.5,31.55,8021282.0
2018-01-12 09:58:18.029000,31.5,31.5,31.55,8021282.0
2018-01-12 09:58:21.453000,31.5,31.5,31.55,8021282.0
2018-01-12 09:58:24.302000,31.5,31.5,31.55,8021282.0
2018-01-12 09:58:27.431000,31.5,31.5,31.55,8021282.0
2018-01-12 09:58:30.278000,31.5,31.5,31.55,8021282.0
2018-01-12 09:58:33.028000,31.5,31.5,31.55,8021282.0
2018-01-12 09:58:35.906000,31.5,31.5,31.55,8021282.0
2018-01-12 09:58:39.041000,31.5,31.5,31.55,8021282.0
2018-01-12 09:58:41.758000,31.55,31.5,31.55,8027282.0
2018-01-12 09:58:44.622000,31.55,31.5,31.55,8027282.0
2018-01-12 09:58:47.518000,31.55,31.5,31.55,8027282.0
2018-01-12 09:58:50.501000,31.55,31.5,31.55,8027282.0
2018-01-12 09:58:53.435000,31.55,31.5,31.55,8027282.0
2018-01-12 09:58:56.487000,31.55,31.5,31.55,8027282.0
2018-01-12 09:58:59.366000,31.55,31.5,31.55,8027282.0
2018-01-12 09:59:02.277000,31.55,31.5,31.55,8027282.0
2018-01-12 09:59:05.198000,31.55,31.5,31.55,8027282.0
2018-01-12 09:59:08.199000,31.55,31.5,31.55,8027282.0
2018-01-12 09:59:11.048000,31.55,31.5,31.55,8027282.0
2018-01-12 09:59:13.826000,31.55,31.5,31.55,8027282.0
2018-01-12 09:59:16.619000,31.55,31.5,31.55,8027282.0
2018-01-12 09:59:19.496000,31.55,31.5,31.55,8027282.0
2018-01-12 09:59:22.268000,31.55,31.5,31.55,8027282.0
2018-01-12 09:59:25.193000,31.55,31.5,31.55,8027282.0
2018-01-12 09:59:27.930000,31.55,31.5,31.55,8027282.0
2018-01-12 09:59:30.920000,31.55,31.5,31.55,8027282.0
2018-01-12 09:59:33.648000,31.55,31.5,31.55,8027282.0
2018-01-12 09:59:36.522000,31.55,31.5,31.55,8027282.0
2018-01-12 09:59:39.367000,31.55,31.5,31.55,8027282.0
2018-01-12 09:59:42.086000,31.55,31.5,31.55,8027282.0
2018-01-12 09:59:44.970000,31.55,31.5,31.55,8027282.0
2018-01-12 09:59:47.830000,31.55,31.5,31.55,8027282.0
2018-01-12 09:59:50.770000,31.55,31.5,31.55,8027282.0
2018-01-12 09:59:53.493000,31.55,31.5,31.55,8027282.0
2018-01-12 09:59:56.374000,31.55,31.5,31.55,8027282.0
2018-01-12 09:59:59.291000,31.55,31.5,31.55,8027282.0
2018-01-12 10:00:02.339000,31.5,31.5,31.55,8034282.0
2018-01-12 10:00:07.139000,31.5,31.5,31.55,8034282.0
2018-01-12 10:00:09.892000,31.5,31.5,31.55,8034282.0
2018-01-12 10:00:13.654000,31.5,31.5,31.55,8034282.0
2018-01-12 10:00:18.479000,31.5,31.5,31.55,8034282.0
2018-01-12 10:00:21.336000,31.5,31.5,31.55,8034282.0
2018-01-12 10:00:24.269000,31.5,31.5,31.55,8034282.0
2018-01-12 10:00:27.438000,31.5,31.5,31.55,8034282.0
2018-01-12 10:00:30.448000,31.5,31.5,31.55,8034282.0
2018-01-12 10:00:33.313000,31.5,31.5,31.55,8034282.0
2018-01-12 10:00:36.152000,31.5,31.5,31.55,8034282.0
2018-01-12 10:00:38.949000,31.5,31.5,31.55,8034282.0
2018-01-12 10:00:41.673000,31.5,31.5,31.55,8034282.0
2018-01-12 10:00:44.614000,31.5,31.5,31.55,8034282.0
2018-01-12 10:00:47.432000,31.5,31.5,31.55,8034282.0
2018-01-12 10:00:50.106000,31.5,31.5,31.55,8034282.0
2018-01-12 10:00:53.014000,31.5,31.5,31.55,8034282.0
2018-01-12 10:00:55.893000,31.5,31.5,31.55,8034282.0
2018-01-12 10:00:58.919000,31.5,31.5,31.55,8034282.0
2018-01-12 10:01:01.697000,31.5,31.5,31.55,8034282.0
2018-01-12 10:01:04.660000,31.5,31.5,31.55,8034282.0
2018-01-12 10:01:08.610000,31.5,31.5,31.55,8034282.0
2018-01-12 10:01:11.403000,31.5,31.5,31.55,8034282.0
2018-01-12 10:01:14.368000,31.5,31.5,31.55,8034282.0
2018-01-12 10:01:17.292000,31.5,31.5,31.55,8034282.0
2018-01-12 10:01:19.965000,31.5,31.5,31.55,8034282.0
2018-01-12 10:01:22.841000,31.5,31.5,31.55,8048282.0
2018-01-12 10:01:25.623000,31.5,31.5,31.55,8048282.0
2018-01-12 10:01:28.837000,31.5,31.5,31.55,8048282.0
2018-01-12 10:01:31.591000,31.5,31.5,31.55,8048282.0
2018-01-12 10:01:34.424000,31.5,31.5,31.55,8048282.0
2018-01-12 10:01:37.414000,31.5,31.5,31.55,8048282.0
2018-01-12 10:01:40.470000,31.5,31.5,31.55,8048282.0
2018-01-12 10:01:43.247000,31.5,31.5,31.55,8048282.0
2018-01-12 10:01:46.143000,31.5,31.5,31.55,8048282.0
2018-01-12 10:01:48.937000,31.5,31.5,31.55,8048282.0
2018-01-12 10:01:51.996000,31.5,31.5,31.55,8048282.0
2018-01-12 10:01:54.960000,31.5,31.5,31.55,8048282.0
2018-01-12 10:01:58.023000,31.5,31.5,31.55,8048282.0
2018-01-12 10:02:00.943000,31.5,31.5,31.55,8048282.0
2018-01-12 10:02:03.735000,31.5,31.5,31.55,8048282.0
2018-01-12 10:02:06.526000,31.5,31.5,31.55,8048282.0
2018-01-12 10:02:09.784000,31.5,31.5,31.55,8048282.0
2018-01-12 10:02:12.581000,31.5,31.5,31.55,8048282.0
2018-01-12 10:02:15.434000,31.5,31.5,31.55,8048282.0
2018-01-12 10:02:18.211000,31.5,31.5,31.55,8048282.0
2018-01-12 10:02:21.096000,31.5,31.5,31.55,8048282.0
2018-01-12 10:02:24.033000,31.5,31.5,31.55,8048282.0
2018-01-12 10:02:26.728000,31.5,31.5,31.55,8048282.0
2018-01-12 10:02:29.400000,31.5,31.5,31.55,8048282.0
2018-01-12 10:02:32.078000,31.5,31.5,31.55,8048282.0
2018-01-12 10:02:34.860000,31.5,31.5,31.55,8056782.0
2018-01-12 10:02:37.681000,31.5,31.5,31.55,8056782.0
2018-01-12 10:02:40.369000,31.5,31.5,31.55,8056782.0
2018-01-12 10:02:43.188000,31.5,31.5,31.55,8056782.0
2018-01-12 10:02:46.092000,31.5,31.5,31.55,8056782.0
2018-01-12 10:02:48.960000,31.5,31.5,31.55,8056782.0
2018-01-12 10:02:51.936000,31.5,31.5,31.55,8056782.0
2018-01-12 10:02:54.720000,31.5,31.5,31.55,8056782.0
2018-01-12 10:02:57.632000,31.5,31.5,31.55,8056782.0
2018-01-12 10:03:00.498000,31.5,31.5,31.55,8056782.0
2018-01-12 10:03:03.997000,31.5,31.5,31.55,8056782.0
2018-01-12 10:03:06.911000,31.5,31.5,31.55,8056782.0
2018-01-12 10:03:09.847000,31.5,31.5,31.55,8056782.0
2018-01-12 10:03:14.117000,31.5,31.5,31.55,8115782.0
2018-01-12 10:03:16.896000,31.5,31.5,31.55,8115782.0
2018-01-12 10:03:19.814000,31.5,31.5,31.55,8115782.0
2018-01-12 10:03:22.688000,31.5,31.5,31.55,8115782.0
2018-01-12 10:03:25.547000,31.5,31.5,31.55,8115782.0
2018-01-12 10:03:28.298000,31.5,31.5,31.55,8115782.0
2018-01-12 10:03:31.301000,31.5,31.5,31.55,8115782.0
2018-01-12 10:03:34.118000,31.5,31.5,31.55,8115782.0
2018-01-12 10:03:36.922000,31.5,31.5,31.55,8115782.0
2018-01-12 10:03:39.825000,31.5,31.5,31.55,8115782.0
2018-01-12 10:03:42.637000,31.5,31.5,31.55,8115782.0
2018-01-12 10:03:45.845000,31.5,31.5,31.55,8115782.0
2018-01-12 10:03:48.616000,31.5,31.5,31.55,8115782.0
2018-01-12 10:03:51.373000,31.5,31.5,31.55,8115782.0
2018-01-12 10:03:54.245000,31.5,31.5,31.55,8115782.0
2018-01-12 10:03:57.279000,31.5,31.5,31.55,8115782.0
2018-01-12 10:04:00.251000,31.5,31.5,31.55,8115782.0
2018-01-12 10:04:03.127000,31.5,31.5,31.55,8115782.0
2018-01-12 10:04:05.896000,31.5,31.5,31.55,8115782.0
2018-01-12 10:04:08.595000,31.5,31.5,31.55,8115782.0
2018-01-12 10:04:11.372000,31.5,31.5,31.55,8115782.0
2018-01-12 10:04:14.140000,31.5,31.5,31.55,8115782.0
2018-01-12 10:04:19.687000,31.5,31.5,31.55,8115782.0
2018-01-12 10:04:23.450000,31.5,31.5,31.55,8115782.0
2018-01-12 10:04:26.363000,31.5,31.5,31.55,8115782.0
2018-01-12 10:04:29.284000,31.5,31.5,31.55,8115782.0
2018-01-12 10:04:32.194000,31.5,31.45,31.5,8172282.0
2018-01-12 10:04:35.149000,31.5,31.5,31.55,8269782.0
2018-01-12 10:04:37.874000,31.5,31.5,31.55,8269782.0
2018-01-12 10:04:40.836000,31.5,31.5,31.55,8269782.0
2018-01-12 10:04:43.568000,31.5,31.5,31.55,8269782.0
2018-01-12 10:04:46.393000,31.5,31.5,31.55,8269782.0
2018-01-12 10:04:49.428000,31.5,31.5,31.55,8269782.0
2018-01-12 10:04:52.166000,31.5,31.5,31.55,8269782.0
2018-01-12 10:04:54.893000,31.5,31.5,31.55,8269782.0
2018-01-12 10:04:57.704000,31.5,31.5,31.55,8269782.0
2018-01-12 10:05:00.400000,31.5,31.5,31.55,8269782.0
2018-01-12 10:05:03.022000,31.5,31.5,31.55,8269782.0
2018-01-12 10:05:05.915000,31.5,31.5,31.55,8269782.0
2018-01-12 10:05:08.808000,31.5,31.5,31.55,8269782.0
2018-01-12 10:05:11.441000,31.5,31.5,31.55,8269782.0
2018-01-12 10:05:14.086000,31.5,31.5,31.55,8269782.0
2018-01-12 10:05:17.796000,31.5,31.5,31.55,8269782.0
2018-01-12 10:05:21.362000,31.5,31.5,31.55,8269782.0
2018-01-12 10:05:24.138000,31.5,31.5,31.55,8269782.0
2018-01-12 10:05:26.962000,31.5,31.5,31.55,8269782.0
2018-01-12 10:05:29.651000,31.5,31.5,31.55,8269782.0
2018-01-12 10:05:32.557000,31.5,31.5,31.55,8269782.0
2018-01-12 10:05:35.338000,31.5,31.5,31.55,8269782.0
2018-01-12 10:05:38.064000,31.5,31.5,31.55,8269782.0
2018-01-12 10:05:40.895000,31.5,31.5,31.55,8269782.0
2018-01-12 10:05:43.774000,31.5,31.5,31.55,8269782.0
2018-01-12 10:05:46.497000,31.5,31.5,31.55,8269782.0
2018-01-12 10:05:49.584000,31.5,31.5,31.55,8269782.0
2018-01-12 10:05:52.577000,31.5,31.5,31.55,8269782.0
2018-01-12 10:05:55.355000,31.5,31.5,31.55,8269782.0
2018-01-12 10:05:58.071000,31.5,31.5,31.55,8269782.0
2018-01-12 10:06:00.950000,31.5,31.5,31.55,8269782.0
2018-01-12 10:06:05.893000,31.5,31.5,31.55,8269782.0
2018-01-12 10:06:08.838000,31.5,31.45,31.5,8270282.0
2018-01-12 10:06:13.184000,31.5,31.45,31.5,8270282.0
2018-01-12 10:06:16.089000,31.5,31.45,31.5,8270282.0
2018-01-12 10:06:18.885000,31.5,31.45,31.5,8270282.0
2018-01-12 10:06:21.729000,31.5,31.45,31.5,8270282.0
2018-01-12 10:06:24.856000,31.5,31.45,31.5,8270282.0
2018-01-12 10:06:27.621000,31.5,31.45,31.5,8270282.0
2018-01-12 10:06:30.464000,31.5,31.45,31.5,8270282.0
2018-01-12 10:06:33.478000,31.5,31.45,31.5,8270282.0
2018-01-12 10:06:36.342000,31.5,31.45,31.5,8270282.0
2018-01-12 10:06:39.404000,31.5,31.45,31.5,8270282.0
2018-01-12 10:06:42.194000,31.5,31.45,31.5,8270282.0
2018-01-12 10:06:44.844000,31.5,31.45,31.5,8270282.0
2018-01-12 10:06:47.707000,31.5,31.45,31.5,8270282.0
2018-01-12 10:06:50.625000,31.5,31.45,31.5,8270282.0
2018-01-12 10:06:53.286000,31.5,31.45,31.5,8270282.0
2018-01-12 10:06:56.295000,31.5,31.45,31.5,8270282.0
2018-01-12 10:06:58.998000,31.5,31.45,31.5,8376782.0
2018-01-12 10:07:01.956000,31.5,31.45,31.5,8376782.0
2018-01-12 10:07:04.870000,31.5,31.45,31.5,8376782.0
2018-01-12 10:07:08.199000,31.5,31.45,31.5,8376782.0
2018-01-12 10:07:10.969000,31.5,31.45,31.5,8376782.0
2018-01-12 10:07:13.585000,31.5,31.45,31.5,8376782.0
2018-01-12 10:07:19.586000,31.5,31.45,31.5,8376782.0
2018-01-12 10:07:22.333000,31.5,31.45,31.5,8376782.0
2018-01-12 10:07:25.105000,31.5,31.45,31.5,8376782.0
2018-01-12 10:07:27.726000,31.5,31.45,31.5,8376782.0
2018-01-12 10:07:30.887000,31.5,31.45,31.5,8376782.0
2018-01-12 10:07:33.842000,31.5,31.45,31.5,8376782.0
2018-01-12 10:07:36.653000,31.5,31.45,31.5,8376782.0
2018-01-12 10:07:39.419000,31.5,31.45,31.5,8376782.0
2018-01-12 10:07:42.332000,31.5,31.45,31.5,8376782.0
2018-01-12 10:07:45.305000,31.5,31.45,31.5,8376782.0
2018-01-12 10:07:48.263000,31.5,31.45,31.5,8376782.0
2018-01-12 10:07:51.085000,31.5,31.45,31.5,8376782.0
2018-01-12 10:07:54.079000,31.5,31.45,31.5,8376782.0
2018-01-12 10:07:56.891000,31.5,31.45,31.5,8376782.0
2018-01-12 10:07:59.847000,31.5,31.45,31.5,8376782.0
2018-01-12 10:08:02.964000,31.5,31.45,31.5,8376782.0
2018-01-12 10:08:07.172000,31.5,31.45,31.5,8376782.0
2018-01-12 10:08:15.234000,31.5,31.45,31.5,8376782.0
2018-01-12 10:08:18.138000,31.5,31.45,31.5,8376782.0
2018-01-12 10:08:21.120000,31.5,31.45,31.5,8376782.0
2018-01-12 10:08:24.111000,31.5,31.45,31.5,8376782.0
2018-01-12 10:08:26.997000,31.5,31.45,31.5,8376782.0
2018-01-12 10:08:29.878000,31.5,31.45,31.5,8376782.0
2018-01-12 10:08:32.759000,31.5,31.45,31.5,8376782.0
2018-01-12 10:08:35.641000,31.45,31.45,31.5,8381782.0
2018-01-12 10:08:38.493000,31.45,31.45,31.5,8381782.0
2018-01-12 10:08:41.283000,31.45,31.45,31.5,8381782.0
2018-01-12 10:08:44.421000,31.45,31.45,31.5,8381782.0
2018-01-12 10:08:47.313000,31.45,31.45,31.5,8381782.0
2018-01-12 10:08:50.223000,31.45,31.45,31.5,8381782.0
2018-01-12 10:08:53.376000,31.45,31.45,31.5,8381782.0
2018-01-12 10:08:56.451000,31.45,31.45,31.5,8381782.0
2018-01-12 10:08:59.470000,31.45,31.45,31.5,8381782.0
2018-01-12 10:09:04.052000,31.45,31.45,31.5,8381782.0
2018-01-12 10:09:07.158000,31.45,31.45,31.5,8381782.0
2018-01-12 10:09:10.147000,31.45,31.45,31.5,8381782.0
2018-01-12 10:09:13.456000,31.45,31.45,31.5,8381782.0
2018-01-12 10:09:17,31.45,31.45,31.5,8381782.0
2018-01-12 10:09:19.925000,31.45,31.45,31.5,8381782.0
2018-01-12 10:09:22.766000,31.45,31.45,31.5,8381782.0
2018-01-12 10:09:25.520000,31.45,31.45,31.5,8386782.0
2018-01-12 10:09:28.598000,31.45,31.45,31.5,8386782.0
2018-01-12 10:09:31.391000,31.45,31.45,31.5,8386782.0
2018-01-12 10:09:34.259000,31.45,31.45,31.5,8386782.0
2018-01-12 10:09:37.204000,31.45,31.45,31.5,8386782.0
2018-01-12 10:09:40.075000,31.45,31.45,31.5,8386782.0
2018-01-12 10:09:42.847000,31.45,31.45,31.5,8386782.0
2018-01-12 10:09:45.741000,31.45,31.45,31.5,8386782.0
2018-01-12 10:09:48.486000,31.45,31.45,31.5,8386782.0
2018-01-12 10:09:51.414000,31.45,31.45,31.5,8386782.0
2018-01-12 10:09:54.176000,31.45,31.45,31.5,8386782.0
2018-01-12 10:09:57.131000,31.45,31.45,31.5,8386782.0
2018-01-12 10:10:00.024000,31.45,31.45,31.5,8386782.0
2018-01-12 10:10:02.833000,31.45,31.45,31.5,8386782.0
2018-01-12 10:10:06.080000,31.45,31.45,31.5,8386782.0
2018-01-12 10:10:08.848000,31.45,31.45,31.5,8386782.0
2018-01-12 10:10:11.529000,31.45,31.45,31.5,8386782.0
2018-01-12 10:10:14.576000,31.45,31.45,31.5,8386782.0
2018-01-12 10:10:17.374000,31.45,31.45,31.5,8386782.0
2018-01-12 10:10:20.346000,31.45,31.45,31.5,8386782.0
2018-01-12 10:10:23.170000,31.45,31.45,31.5,8386782.0
2018-01-12 10:10:26.005000,31.45,31.45,31.5,8386782.0
2018-01-12 10:10:28.924000,31.45,31.45,31.5,8386782.0
2018-01-12 10:10:31.710000,31.45,31.45,31.5,8386782.0
2018-01-12 10:10:34.573000,31.45,31.45,31.5,8386782.0
2018-01-12 10:10:37.471000,31.45,31.45,31.5,8386782.0
2018-01-12 10:10:40.474000,31.45,31.45,31.5,8386782.0
2018-01-12 10:10:43.221000,31.45,31.45,31.5,8386782.0
2018-01-12 10:10:46.192000,31.45,31.45,31.5,8386782.0
2018-01-12 10:10:49.171000,31.45,31.45,31.5,8386782.0
2018-01-12 10:10:51.999000,31.45,31.45,31.5,8388282.0
2018-01-12 10:10:54.940000,31.45,31.45,31.5,8388282.0
2018-01-12 10:10:57.859000,31.45,31.45,31.5,8388282.0
2018-01-12 10:11:00.799000,31.45,31.45,31.5,8388282.0
2018-01-12 10:11:03.628000,31.45,31.45,31.5,8388282.0
2018-01-12 10:11:06.595000,31.45,31.45,31.5,8388282.0
2018-01-12 10:11:09.458000,31.45,31.45,31.5,8388282.0
2018-01-12 10:11:12.396000,31.45,31.45,31.5,8388282.0
2018-01-12 10:11:16.837000,31.45,31.45,31.5,8388282.0
2018-01-12 10:11:19.384000,31.45,31.45,31.5,8388282.0
2018-01-12 10:11:21.944000,31.45,31.45,31.5,8388282.0
2018-01-12 10:11:24.672000,31.45,31.45,31.5,8388282.0
2018-01-12 10:11:27.259000,31.45,31.45,31.5,8388282.0
2018-01-12 10:11:29.879000,31.45,31.45,31.5,8388282.0
2018-01-12 10:11:32.816000,31.45,31.45,31.5,8388282.0
2018-01-12 10:11:35.402000,31.45,31.45,31.5,8388282.0
2018-01-12 10:11:38.230000,31.45,31.45,31.5,8388282.0
2018-01-12 10:11:41.084000,31.45,31.45,31.5,8392397.0
2018-01-12 10:11:43.888000,31.45,31.45,31.5,8392397.0
2018-01-12 10:11:46.832000,31.45,31.45,31.5,8392397.0
2018-01-12 10:11:49.698000,31.45,31.45,31.5,8392397.0
2018-01-12 10:11:52.393000,31.45,31.45,31.5,8392397.0
2018-01-12 10:11:55.318000,31.45,31.45,31.5,8392397.0
2018-01-12 10:11:58.574000,31.45,31.45,31.5,8392397.0
2018-01-12 10:12:01.566000,31.45,31.45,31.5,8392397.0
2018-01-12 10:12:06.547000,31.45,31.45,31.5,8392397.0
2018-01-12 10:12:09.274000,31.45,31.45,31.5,8392397.0
2018-01-12 10:12:11.929000,31.45,31.45,31.5,8392397.0
2018-01-12 10:12:14.660000,31.45,31.45,31.5,8392397.0
2018-01-12 10:12:17.755000,31.45,31.45,31.5,8392397.0
2018-01-12 10:12:20.571000,31.45,31.45,31.5,8392397.0
2018-01-12 10:12:23.404000,31.45,31.45,31.5,8392397.0
2018-01-12 10:12:26.738000,31.45,31.45,31.5,8392397.0
2018-01-12 10:12:29.505000,31.45,31.45,31.5,8434397.0
2018-01-12 10:12:32.299000,31.45,31.45,31.5,8434397.0
2018-01-12 10:12:35.067000,31.45,31.45,31.5,8434397.0
2018-01-12 10:12:38.095000,31.45,31.45,31.5,8434397.0
2018-01-12 10:12:40.802000,31.45,31.45,31.5,8434397.0
2018-01-12 10:12:43.457000,31.45,31.45,31.5,8434397.0
2018-01-12 10:12:46.320000,31.45,31.45,31.5,8434397.0
2018-01-12 10:12:49.085000,31.45,31.45,31.5,8434397.0
2018-01-12 10:12:51.864000,31.45,31.45,31.5,8434397.0
2018-01-12 10:12:54.742000,31.45,31.45,31.5,8434397.0
2018-01-12 10:12:57.440000,31.45,31.45,31.5,8434397.0
2018-01-12 10:13:00.084000,31.45,31.45,31.5,8489397.0
2018-01-12 10:13:03.062000,31.45,31.45,31.5,8489397.0
2018-01-12 10:13:07.066000,31.45,31.45,31.5,8489397.0
2018-01-12 10:13:09.794000,31.45,31.45,31.5,8489397.0
2018-01-12 10:13:12.753000,31.45,31.45,31.5,8489397.0
2018-01-12 10:13:15.443000,31.45,31.45,31.5,8489397.0
2018-01-12 10:13:18.387000,31.45,31.45,31.5,8489397.0
2018-01-12 10:13:21.172000,31.45,31.45,31.5,8489397.0
2018-01-12 10:13:23.837000,31.45,31.45,31.5,8489397.0
2018-01-12 10:13:26.784000,31.45,31.45,31.5,8489397.0
2018-01-12 10:13:29.740000,31.45,31.45,31.5,8489397.0
2018-01-12 10:13:32.505000,31.45,31.45,31.5,8489397.0
2018-01-12 10:13:35.226000,31.45,31.45,31.5,8489397.0
2018-01-12 10:13:37.963000,31.45,31.45,31.5,8489397.0
2018-01-12 10:13:40.857000,31.45,31.45,31.5,8489397.0
2018-01-12 10:13:43.557000,31.45,31.45,31.5,8489397.0
2018-01-12 10:13:46.351000,31.45,31.45,31.5,8489397.0
2018-01-12 10:13:49.164000,31.45,31.45,31.5,8489397.0
2018-01-12 10:13:51.912000,31.45,31.45,31.5,8489397.0
2018-01-12 10:13:54.554000,31.45,31.45,31.5,8489397.0
2018-01-12 10:13:57.473000,31.45,31.45,31.5,8489397.0
2018-01-12 10:14:00.148000,31.45,31.45,31.5,8489397.0
2018-01-12 10:14:05.498000,31.45,31.45,31.5,8489397.0
2018-01-12 10:14:08.210000,31.45,31.45,31.5,8489397.0
2018-01-12 10:14:10.921000,31.45,31.45,31.5,8489397.0
2018-01-12 10:14:13.883000,31.45,31.45,31.5,8489397.0
2018-01-12 10:14:16.564000,31.45,31.45,31.5,8489397.0
2018-01-12 10:14:19.361000,31.45,31.45,31.5,8489397.0
2018-01-12 10:14:22.144000,31.45,31.45,31.5,8489397.0
2018-01-12 10:14:24.803000,31.45,31.45,31.5,8489397.0
2018-01-12 10:14:27.694000,31.45,31.45,31.5,8489397.0
2018-01-12 10:14:30.458000,31.45,31.45,31.5,8489397.0
2018-01-12 10:14:33.600000,31.45,31.45,31.5,8489397.0
2018-01-12 10:14:36.431000,31.45,31.45,31.5,8489397.0
2018-01-12 10:14:39.291000,31.45,31.45,31.5,8489397.0
2018-01-12 10:14:42.084000,31.45,31.45,31.5,8489397.0
2018-01-12 10:14:45.032000,31.45,31.45,31.5,8489397.0
2018-01-12 10:14:47.896000,31.45,31.45,31.5,8489397.0
2018-01-12 10:14:50.835000,31.45,31.45,31.5,8489397.0
2018-01-12 10:14:53.726000,31.45,31.4,31.45,8613397.0
2018-01-12 10:14:56.302000,31.45,31.4,31.45,8613397.0
2018-01-12 10:14:59.208000,31.45,31.4,31.45,8613397.0
2018-01-12 10:15:02.255000,31.45,31.4,31.45,8613397.0
2018-01-12 10:15:05.040000,31.45,31.4,31.45,8613397.0
2018-01-12 10:15:08.041000,31.45,31.4,31.45,8613397.0
2018-01-12 10:15:10.841000,31.45,31.4,31.45,8613397.0
2018-01-12 10:15:13.693000,31.45,31.4,31.45,8613397.0
2018-01-12 10:15:17.850000,31.45,31.4,31.45,8613397.0
2018-01-12 10:15:20.510000,31.45,31.4,31.45,8613397.0
2018-01-12 10:15:23.323000,31.45,31.4,31.45,8613397.0
2018-01-12 10:15:26.020000,31.45,31.4,31.45,8613397.0
2018-01-12 10:15:28.854000,31.45,31.4,31.45,8613397.0
2018-01-12 10:15:31.626000,31.45,31.4,31.45,8613397.0
2018-01-12 10:15:34.175000,31.45,31.4,31.45,8613397.0
2018-01-12 10:15:37.616000,31.45,31.4,31.45,8613397.0
2018-01-12 10:15:40.381000,31.45,31.4,31.45,8613397.0
2018-01-12 10:15:43.272000,31.45,31.4,31.45,8613397.0
2018-01-12 10:15:45.872000,31.45,31.4,31.45,8613397.0
2018-01-12 10:15:48.664000,31.45,31.4,31.45,8613397.0
2018-01-12 10:15:51.433000,31.45,31.4,31.45,8613397.0
2018-01-12 10:15:54.095000,31.45,31.4,31.45,8618397.0
2018-01-12 10:15:56.985000,31.45,31.4,31.45,8618397.0
2018-01-12 10:15:59.676000,31.45,31.4,31.45,8618397.0
2018-01-12 10:16:02.444000,31.45,31.4,31.45,8618397.0
2018-01-12 10:16:06.325000,31.45,31.4,31.45,8618397.0
2018-01-12 10:16:12.132000,31.45,31.4,31.45,8618397.0
2018-01-12 10:16:14.992000,31.45,31.4,31.45,8618397.0
2018-01-12 10:16:17.774000,31.45,31.4,31.45,8618397.0
2018-01-12 10:16:20.516000,31.45,31.4,31.45,8618397.0
2018-01-12 10:16:23.245000,31.45,31.4,31.45,8618397.0
2018-01-12 10:16:26.045000,31.45,31.4,31.45,8618397.0
2018-01-12 10:16:28.763000,31.45,31.4,31.45,8618397.0
2018-01-12 10:16:31.722000,31.45,31.4,31.45,8618397.0
2018-01-12 10:16:34.563000,31.45,31.4,31.45,8729373.0
2018-01-12 10:16:37.634000,31.45,31.4,31.45,8729373.0
2018-01-12 10:16:40.495000,31.45,31.4,31.45,8729373.0
2018-01-12 10:16:43.498000,31.45,31.4,31.45,8729373.0
2018-01-12 10:16:46.361000,31.45,31.4,31.45,8729373.0
2018-01-12 10:16:49.168000,31.45,31.4,31.45,8729373.0
2018-01-12 10:16:52.049000,31.45,31.4,31.45,8729373.0
2018-01-12 10:16:54.776000,31.45,31.4,31.45,8729373.0
2018-01-12 10:16:57.650000,31.45,31.4,31.45,8729373.0
2018-01-12 10:17:00.480000,31.45,31.4,31.45,8729373.0
2018-01-12 10:17:05.940000,31.45,31.4,31.45,8729373.0
2018-01-12 10:17:08.745000,31.45,31.4,31.45,8729373.0
2018-01-12 10:17:11.608000,31.45,31.4,31.45,8729373.0
2018-01-12 10:17:14.823000,31.45,31.4,31.45,8729373.0
2018-01-12 10:17:17.557000,31.45,31.4,31.45,8729373.0
2018-01-12 10:17:20.510000,31.45,31.4,31.45,8729373.0
2018-01-12 10:17:23.165000,31.45,31.4,31.45,8729373.0
2018-01-12 10:17:25.978000,31.45,31.4,31.45,8729373.0
2018-01-12 10:17:28.658000,31.45,31.4,31.45,8729373.0
2018-01-12 10:17:31.432000,31.45,31.4,31.45,8729373.0
2018-01-12 10:17:34.122000,31.45,31.4,31.45,8729373.0
2018-01-12 10:17:36.865000,31.45,31.4,31.45,8729373.0
2018-01-12 10:17:39.497000,31.45,31.4,31.45,8729373.0
2018-01-12 10:17:42.369000,31.45,31.4,31.45,8729373.0
2018-01-12 10:17:45.342000,31.45,31.4,31.45,8729373.0
2018-01-12 10:17:48.464000,31.45,31.45,31.5,8746493.0
2018-01-12 10:17:51.324000,31.45,31.45,31.5,8746493.0
2018-01-12 10:17:54.134000,31.45,31.45,31.5,8746493.0
2018-01-12 10:17:56.904000,31.45,31.45,31.5,8746493.0
2018-01-12 10:17:59.835000,31.45,31.45,31.5,8746493.0
2018-01-12 10:18:02.620000,31.45,31.45,31.5,8746493.0
2018-01-12 10:18:05.445000,31.45,31.45,31.5,8746493.0
2018-01-12 10:18:12.146000,31.45,31.45,31.5,8746493.0
2018-01-12 10:18:14.924000,31.45,31.45,31.5,8746493.0
2018-01-12 10:18:18.197000,31.45,31.45,31.5,8746493.0
2018-01-12 10:18:20.809000,31.45,31.45,31.5,8746493.0
2018-01-12 10:18:23.729000,31.45,31.45,31.5,8746493.0
2018-01-12 10:18:26.381000,31.45,31.45,31.5,8746493.0
2018-01-12 10:18:28.935000,31.45,31.45,31.5,8746493.0
2018-01-12 10:18:31.736000,31.45,31.45,31.5,8746493.0
2018-01-12 10:18:34.240000,31.45,31.45,31.5,8746493.0
2018-01-12 10:18:36.879000,31.45,31.45,31.5,8746493.0
2018-01-12 10:18:39.499000,31.45,31.45,31.5,8746493.0
2018-01-12 10:18:42.243000,31.45,31.45,31.5,8746493.0
2018-01-12 10:18:44.669000,31.45,31.45,31.5,8746493.0
2018-01-12 10:18:47.401000,31.45,31.45,31.5,8746493.0
2018-01-12 10:18:50.217000,31.45,31.45,31.5,8746493.0
2018-01-12 10:18:52.809000,31.45,31.45,31.5,8746493.0
2018-01-12 10:18:55.232000,31.45,31.45,31.5,8746493.0
2018-01-12 10:18:57.761000,31.45,31.45,31.5,8746493.0
2018-01-12 10:19:00.312000,31.45,31.45,31.5,8746493.0
2018-01-12 10:19:02.823000,31.45,31.45,31.5,8746493.0
2018-01-12 10:19:05.851000,31.45,31.45,31.5,8746493.0
2018-01-12 10:19:08.372000,31.45,31.45,31.5,8746493.0
2018-01-12 10:19:10.914000,31.45,31.45,31.5,8746493.0
2018-01-12 10:19:13.389000,31.45,31.45,31.5,8746493.0
2018-01-12 10:19:15.958000,31.45,31.45,31.5,8746493.0
2018-01-12 10:19:18.652000,31.45,31.45,31.5,8746493.0
2018-01-12 10:19:21.377000,31.45,31.45,31.5,8746493.0
2018-01-12 10:19:23.940000,31.45,31.45,31.5,8746493.0
2018-01-12 10:19:26.365000,31.45,31.45,31.5,8746493.0
2018-01-12 10:19:28.888000,31.45,31.45,31.5,8746493.0
2018-01-12 10:19:31.392000,31.45,31.45,31.5,8746493.0
2018-01-12 10:19:34.048000,31.45,31.45,31.5,8746493.0
2018-01-12 10:19:36.754000,31.45,31.45,31.5,8746493.0
2018-01-12 10:19:39.124000,31.45,31.45,31.5,8746493.0
2018-01-12 10:19:41.828000,31.45,31.45,31.5,8746493.0
2018-01-12 10:19:44.547000,31.5,31.45,31.5,8760493.0
2018-01-12 10:19:46.928000,31.5,31.45,31.5,8760493.0
2018-01-12 10:19:49.672000,31.5,31.45,31.5,8760493.0
2018-01-12 10:19:52.332000,31.5,31.45,31.5,8760493.0
2018-01-12 10:19:54.938000,31.5,31.45,31.5,8760493.0
2018-01-12 10:19:57.721000,31.5,31.45,31.5,8760493.0
2018-01-12 10:20:00.455000,31.5,31.45,31.5,8760493.0
2018-01-12 10:20:05.950000,31.5,31.45,31.5,8760493.0
2018-01-12 10:20:08.279000,31.5,31.45,31.5,8760493.0
2018-01-12 10:20:10.751000,31.5,31.45,31.5,8760493.0
2018-01-12 10:20:13.513000,31.5,31.45,31.5,8760493.0
2018-01-12 10:20:16.974000,31.5,31.45,31.5,8760493.0
2018-01-12 10:20:19.669000,31.5,31.45,31.5,8760493.0
2018-01-12 10:20:22.071000,31.5,31.45,31.5,8760493.0
2018-01-12 10:20:24.701000,31.5,31.45,31.5,8760493.0
2018-01-12 10:20:27.231000,31.5,31.45,31.5,8760493.0
2018-01-12 10:20:29.659000,31.5,31.45,31.5,8760493.0
2018-01-12 10:20:32.543000,31.5,31.45,31.5,8760493.0
2018-01-12 10:20:35.298000,31.5,31.45,31.5,8760493.0
2018-01-12 10:20:37.936000,31.5,31.45,31.5,8760493.0
2018-01-12 10:20:40.258000,31.5,31.45,31.5,8760493.0
2018-01-12 10:20:43.045000,31.5,31.45,31.5,8760493.0
2018-01-12 10:20:45.470000,31.5,31.45,31.5,8760493.0
2018-01-12 10:20:47.906000,31.5,31.45,31.5,8760493.0
2018-01-12 10:20:50.510000,31.5,31.45,31.5,8760493.0
2018-01-12 10:20:53.126000,31.5,31.45,31.5,8760493.0
2018-01-12 10:20:55.695000,31.5,31.45,31.5,8760493.0
2018-01-12 10:20:58.375000,31.5,31.45,31.5,8760493.0
2018-01-12 10:21:00.737000,31.5,31.45,31.5,8760493.0
2018-01-12 10:21:06.754000,31.5,31.45,31.5,8760493.0
2018-01-12 10:21:09.441000,31.5,31.45,31.5,8760493.0
2018-01-12 10:21:11.902000,31.5,31.45,31.5,8760493.0
2018-01-12 10:21:14.398000,31.5,31.45,31.5,8760493.0
2018-01-12 10:21:19.199000,31.5,31.45,31.5,8766993.0
2018-01-12 10:21:22.024000,31.5,31.45,31.5,8766993.0
2018-01-12 10:21:24.595000,31.5,31.45,31.5,8766993.0
2018-01-12 10:21:27.267000,31.5,31.45,31.5,8766993.0
2018-01-12 10:21:29.817000,31.5,31.45,31.5,8766993.0
2018-01-12 10:21:32.395000,31.5,31.45,31.5,8766993.0
2018-01-12 10:21:34.940000,31.5,31.45,31.5,8766993.0
2018-01-12 10:21:37.434000,31.5,31.45,31.5,8766993.0
2018-01-12 10:21:40.156000,31.5,31.45,31.5,8766993.0
2018-01-12 10:21:42.655000,31.5,31.45,31.5,8766993.0
2018-01-12 10:21:45.361000,31.5,31.45,31.5,8766993.0
2018-01-12 10:21:48.297000,31.5,31.45,31.5,8766993.0
2018-01-12 10:21:50.846000,31.5,31.45,31.5,8766993.0
2018-01-12 10:21:53.140000,31.5,31.45,31.5,8766993.0
2018-01-12 10:21:55.706000,31.5,31.45,31.5,8766993.0
2018-01-12 10:21:58.350000,31.5,31.45,31.5,8766993.0
2018-01-12 10:22:00.713000,31.5,31.45,31.5,8766993.0
2018-01-12 10:22:03.530000,31.5,31.45,31.5,8766993.0
2018-01-12 10:22:06.104000,31.5,31.45,31.5,8766993.0
2018-01-12 10:22:08.676000,31.5,31.45,31.5,8766993.0
2018-01-12 10:22:11.196000,31.5,31.45,31.5,8766993.0
2018-01-12 10:22:14.003000,31.5,31.45,31.5,8766993.0
2018-01-12 10:22:17.767000,31.5,31.45,31.5,8766993.0
2018-01-12 10:22:22.812000,31.5,31.45,31.5,8767993.0
2018-01-12 10:22:25.458000,31.5,31.45,31.5,8767993.0
2018-01-12 10:22:27.930000,31.5,31.45,31.5,8767993.0
2018-01-12 10:22:30.511000,31.5,31.45,31.5,8767993.0
2018-01-12 10:22:33.017000,31.5,31.45,31.5,8767993.0
2018-01-12 10:22:35.551000,31.5,31.45,31.5,8767993.0
2018-01-12 10:22:38.220000,31.5,31.45,31.5,8767993.0
2018-01-12 10:22:40.864000,31.5,31.45,31.5,8767993.0
2018-01-12 10:22:43.722000,31.5,31.45,31.5,8767993.0
2018-01-12 10:22:46.507000,31.5,31.45,31.5,8767993.0
2018-01-12 10:22:49.394000,31.5,31.45,31.5,8767993.0
2018-01-12 10:22:52.133000,31.5,31.45,31.5,8767993.0
2018-01-12 10:22:54.723000,31.5,31.45,31.5,8767993.0
2018-01-12 10:22:57.415000,31.5,31.45,31.5,8767993.0
2018-01-12 10:23:01.351000,31.5,31.45,31.5,8767993.0
2018-01-12 10:23:04.232000,31.5,31.45,31.5,8767993.0
2018-01-12 10:23:06.829000,31.5,31.45,31.5,8767993.0
2018-01-12 10:23:09.238000,31.5,31.45,31.5,8767993.0
2018-01-12 10:23:12.241000,31.5,31.45,31.5,8767993.0
2018-01-12 10:23:14.817000,31.5,31.45,31.5,8767993.0
2018-01-12 10:23:17.282000,31.5,31.45,31.5,8767993.0
2018-01-12 10:23:20.023000,31.5,31.45,31.5,8767993.0
2018-01-12 10:23:22.524000,31.5,31.45,31.5,8767993.0
2018-01-12 10:23:25.168000,31.5,31.45,31.5,8767993.0
2018-01-12 10:23:27.691000,31.5,31.45,31.5,8767993.0
2018-01-12 10:23:30.333000,31.5,31.45,31.5,8767993.0
2018-01-12 10:23:32.737000,31.5,31.45,31.5,8767993.0
2018-01-12 10:23:35.396000,31.5,31.45,31.5,8767993.0
2018-01-12 10:23:37.894000,31.5,31.45,31.5,8767993.0
2018-01-12 10:23:40.436000,31.5,31.45,31.5,8767993.0
2018-01-12 10:23:43.113000,31.5,31.45,31.5,8767993.0
2018-01-12 10:23:45.681000,31.5,31.45,31.5,8767993.0
2018-01-12 10:23:48.362000,31.5,31.45,31.5,8767993.0
2018-01-12 10:23:51.219000,31.5,31.45,31.5,8767993.0
2018-01-12 10:23:53.886000,31.5,31.45,31.5,8767993.0
2018-01-12 10:23:56.327000,31.5,31.45,31.5,8767993.0
2018-01-12 10:23:58.955000,31.5,31.45,31.5,8767993.0
2018-01-12 10:24:01.587000,31.5,31.45,31.5,8767993.0
2018-01-12 10:24:07.846000,31.5,31.45,31.5,8767993.0
2018-01-12 10:24:10.225000,31.5,31.45,31.5,8767993.0
2018-01-12 10:24:12.800000,31.5,31.45,31.5,8767993.0
2018-01-12 10:24:15.975000,31.5,31.45,31.5,8767993.0
2018-01-12 10:24:18.567000,31.5,31.45,31.5,8767993.0
2018-01-12 10:24:21.134000,31.5,31.45,31.5,8767993.0
2018-01-12 10:24:23.775000,31.5,31.45,31.5,8767993.0
2018-01-12 10:24:26.294000,31.5,31.45,31.5,8768493.0
2018-01-12 10:24:29.146000,31.5,31.45,31.5,8768493.0
2018-01-12 10:24:31.639000,31.5,31.45,31.5,8768493.0
2018-01-12 10:24:34.110000,31.5,31.45,31.5,8768493.0
2018-01-12 10:24:36.713000,31.5,31.45,31.5,8768493.0
2018-01-12 10:24:39.493000,31.5,31.45,31.5,8768493.0
2018-01-12 10:24:41.871000,31.5,31.45,31.5,8768493.0
2018-01-12 10:24:44.491000,31.5,31.45,31.5,8768493.0
2018-01-12 10:24:47.448000,31.5,31.45,31.5,8768493.0
2018-01-12 10:24:49.912000,31.5,31.45,31.5,8768493.0
2018-01-12 10:24:52.576000,31.5,31.45,31.5,8768493.0
2018-01-12 10:24:55.198000,31.5,31.45,31.5,8768493.0
2018-01-12 10:24:57.910000,31.5,31.45,31.5,8768493.0
2018-01-12 10:25:00.373000,31.5,31.45,31.5,8768493.0
2018-01-12 10:25:03.084000,31.5,31.45,31.5,8768493.0
2018-01-12 10:25:05.482000,31.5,31.45,31.5,8768493.0
2018-01-12 10:25:07.778000,31.5,31.45,31.5,8768493.0
2018-01-12 10:25:10.106000,31.5,31.45,31.5,8768493.0
2018-01-12 10:25:15.857000,31.5,31.45,31.5,8768493.0
2018-01-12 10:25:18.316000,31.5,31.45,31.5,8768493.0
2018-01-12 10:25:21.173000,31.5,31.45,31.5,8768493.0
2018-01-12 10:25:23.427000,31.5,31.45,31.5,8768493.0
2018-01-12 10:25:25.527000,31.5,31.45,31.5,8768493.0
2018-01-12 10:25:27.845000,31.5,31.45,31.5,8768493.0
2018-01-12 10:25:30.151000,31.5,31.45,31.5,8768493.0
2018-01-12 10:25:32.341000,31.5,31.45,31.5,8768493.0
2018-01-12 10:25:34.653000,31.5,31.45,31.5,8768493.0
2018-01-12 10:25:36.915000,31.5,31.45,31.5,8768493.0
2018-01-12 10:25:39.280000,31.5,31.45,31.5,8768493.0
2018-01-12 10:25:41.585000,31.5,31.45,31.5,8768493.0
2018-01-12 10:25:43.648000,31.5,31.45,31.5,8768493.0
2018-01-12 10:25:46.069000,31.5,31.45,31.5,8768493.0
2018-01-12 10:25:48.287000,31.5,31.45,31.5,8768493.0
2018-01-12 10:25:50.660000,31.5,31.45,31.5,8768493.0
2018-01-12 10:25:52.895000,31.5,31.45,31.5,8768493.0
2018-01-12 10:25:55.191000,31.5,31.45,31.5,8768493.0
2018-01-12 10:25:57.568000,31.5,31.45,31.5,8768493.0
2018-01-12 10:25:59.801000,31.5,31.45,31.5,8768493.0
2018-01-12 10:26:03.461000,31.5,31.45,31.5,8768493.0
2018-01-12 10:26:12.459000,31.5,31.45,31.5,8768493.0
2018-01-12 10:26:14.618000,31.45,31.45,31.5,8777493.0
2018-01-12 10:26:16.935000,31.45,31.45,31.5,8777493.0
2018-01-12 10:26:19.109000,31.45,31.45,31.5,8777493.0
2018-01-12 10:26:21.323000,31.45,31.45,31.5,8777493.0
2018-01-12 10:26:23.585000,31.45,31.45,31.5,8777493.0
2018-01-12 10:26:25.776000,31.45,31.45,31.5,8777493.0
2018-01-12 10:26:27.960000,31.45,31.45,31.5,8777493.0
2018-01-12 10:26:30.298000,31.45,31.45,31.5,8777493.0
2018-01-12 10:26:32.776000,31.45,31.45,31.5,8777493.0
2018-01-12 10:26:35.172000,31.45,31.45,31.5,8777493.0
2018-01-12 10:26:37.543000,31.45,31.45,31.5,8777493.0
2018-01-12 10:26:39.786000,31.45,31.45,31.5,8777493.0
2018-01-12 10:26:42.440000,31.45,31.45,31.5,8777493.0
2018-01-12 10:26:44.482000,,,,
2018-01-12 10:26:46.799000,31.45,31.45,31.5,8777493.0
2018-01-12 10:26:48.889000,31.45,31.45,31.5,8777493.0
2018-01-12 10:26:51.150000,31.45,31.45,31.5,8777493.0
2018-01-12 10:26:53.428000,31.45,31.45,31.5,8777493.0
2018-01-12 10:26:55.822000,31.45,31.45,31.5,8777493.0
2018-01-12 10:26:57.928000,31.45,31.45,31.5,8777493.0
2018-01-12 10:27:00.162000,31.45,31.45,31.5,8777493.0
2018-01-12 10:27:02.071000,31.45,31.45,31.5,8777493.0
2018-01-12 10:27:04.189000,31.45,31.45,31.5,8777493.0
2018-01-12 10:27:06.235000,31.45,31.45,31.5,8777493.0
2018-01-12 10:27:09.532000,31.45,31.45,31.5,8777493.0
2018-01-12 10:27:11.962000,31.45,31.45,31.5,8777493.0
2018-01-12 10:27:14.383000,31.45,31.45,31.5,8777493.0
2018-01-12 10:27:16.779000,31.45,31.45,31.5,8795993.0
2018-01-12 10:27:19.215000,31.45,31.45,31.5,8795993.0
2018-01-12 10:27:21.595000,31.45,31.45,31.5,8795993.0
2018-01-12 10:27:24.027000,31.45,31.45,31.5,8795993.0
2018-01-12 10:27:26.278000,31.45,31.45,31.5,8795993.0
2018-01-12 10:27:28.649000,31.45,31.45,31.5,8795993.0
2018-01-12 10:27:31.205000,31.45,31.45,31.5,8795993.0
2018-01-12 10:27:33.664000,31.45,31.45,31.5,8795993.0
2018-01-12 10:27:35.993000,31.45,31.45,31.5,8795993.0
2018-01-12 10:27:38.463000,31.45,31.45,31.5,8795993.0
2018-01-12 10:27:41.093000,31.45,31.45,31.5,8795993.0
2018-01-12 10:27:43.430000,31.45,31.45,31.5,8795993.0
2018-01-12 10:27:46.096000,31.45,31.45,31.5,8795993.0
2018-01-12 10:27:48.478000,31.45,31.45,31.5,8795993.0
2018-01-12 10:27:51.110000,31.45,31.45,31.5,8795993.0
2018-01-12 10:27:53.276000,31.45,31.45,31.5,8795993.0
2018-01-12 10:27:55.868000,31.45,31.45,31.5,8795993.0
2018-01-12 10:27:58.290000,31.45,31.45,31.5,8795993.0
2018-01-12 10:28:00.555000,31.45,31.45,31.5,8795993.0
2018-01-12 10:28:06.688000,31.45,31.45,31.5,8795993.0
2018-01-12 10:28:11.022000,31.45,31.4,31.5,8897993.0
2018-01-12 10:28:13.197000,31.45,31.4,31.5,8897993.0
2018-01-12 10:28:15.498000,31.45,31.4,31.5,8897993.0
2018-01-12 10:28:19.531000,31.45,31.4,31.5,8897993.0
2018-01-12 10:28:22.131000,31.45,31.4,31.5,8897993.0
2018-01-12 10:28:24.807000,31.45,31.4,31.5,8897993.0
2018-01-12 10:28:26.987000,31.45,31.4,31.5,8897993.0
2018-01-12 10:28:29.267000,31.45,31.4,31.5,8897993.0
2018-01-12 10:28:31.378000,31.45,31.4,31.5,8897993.0
2018-01-12 10:28:33.495000,31.45,31.4,31.5,8897993.0
2018-01-12 10:28:35.587000,31.45,31.4,31.5,8897993.0
2018-01-12 10:28:38.214000,31.45,31.4,31.5,8897993.0
2018-01-12 10:28:40.543000,31.45,31.4,31.5,8897993.0
2018-01-12 10:28:42.867000,31.45,31.4,31.5,8897993.0
2018-01-12 10:28:45.236000,31.45,31.4,31.5,8897993.0
2018-01-12 10:28:47.733000,31.45,31.4,31.5,8897993.0
2018-01-12 10:28:50.185000,31.45,31.4,31.5,8897993.0
2018-01-12 10:28:52.706000,31.45,31.4,31.5,8897993.0
2018-01-12 10:28:55.106000,31.45,31.4,31.5,8897993.0
2018-01-12 10:28:57.544000,31.45,31.4,31.5,8897993.0
2018-01-12 10:28:59.768000,31.45,31.4,31.5,8897993.0
2018-01-12 10:29:02.287000,31.45,31.4,31.5,8897993.0
2018-01-12 10:29:04.815000,31.45,31.4,31.5,8897993.0
2018-01-12 10:29:08.341000,31.45,31.4,31.5,8897993.0
2018-01-12 10:29:10.734000,31.45,31.4,31.5,8897993.0
2018-01-12 10:29:13.055000,31.45,31.4,31.5,8897993.0
2018-01-12 10:29:15.446000,31.45,31.4,31.5,8897993.0
2018-01-12 10:29:17.974000,31.45,31.4,31.5,8897993.0
2018-01-12 10:29:20.299000,31.45,31.4,31.5,8897993.0
2018-01-12 10:29:22.866000,31.45,31.4,31.5,8897993.0
2018-01-12 10:29:24.973000,31.45,31.4,31.5,8897993.0
2018-01-12 10:29:27.383000,31.45,31.4,31.5,8897993.0
2018-01-12 10:29:29.729000,31.45,31.4,31.5,8897993.0
2018-01-12 10:29:32.083000,31.45,31.4,31.5,8897993.0
2018-01-12 10:29:34.466000,31.45,31.4,31.5,8897993.0
2018-01-12 10:29:37.103000,31.45,31.4,31.5,8897993.0
2018-01-12 10:29:39.873000,31.45,31.4,31.5,8897993.0
2018-01-12 10:29:42.475000,31.45,31.4,31.5,8897993.0
2018-01-12 10:29:45.039000,31.45,31.4,31.5,8897993.0
2018-01-12 10:29:47.474000,31.45,31.4,31.5,8897993.0
2018-01-12 10:29:50.132000,31.45,31.4,31.5,8897993.0
2018-01-12 10:29:52.438000,31.45,31.45,31.5,8900733.0
2018-01-12 10:29:54.871000,31.45,31.45,31.5,8900733.0
2018-01-12 10:29:57.070000,31.45,31.45,31.5,8900733.0
2018-01-12 10:29:59.400000,31.45,31.45,31.5,8900733.0
2018-01-12 10:30:01.832000,31.45,31.45,31.5,8900733.0
2018-01-12 10:30:06.574000,31.45,31.45,31.5,8900733.0
2018-01-12 10:30:08.798000,31.45,31.45,31.5,8900733.0
2018-01-12 10:30:11.015000,31.45,31.45,31.5,8900733.0
2018-01-12 10:30:13.577000,31.45,31.45,31.5,8900733.0
2018-01-12 10:30:16.810000,31.45,31.45,31.5,8900733.0
2018-01-12 10:30:19.512000,31.45,31.45,31.5,8900733.0
2018-01-12 10:30:21.801000,31.45,31.45,31.5,8900733.0
2018-01-12 10:30:24.123000,31.45,31.45,31.5,8900733.0
2018-01-12 10:30:26.624000,31.45,31.45,31.5,8900733.0
2018-01-12 10:30:28.766000,31.45,31.45,31.5,8900733.0
2018-01-12 10:30:31.004000,31.45,31.45,31.5,8900733.0
2018-01-12 10:30:33.841000,31.45,31.45,31.5,8900733.0
2018-01-12 10:30:36.219000,31.45,31.45,31.5,8900733.0
2018-01-12 10:30:38.686000,31.4,31.4,31.45,8962233.0
2018-01-12 10:30:40.985000,31.4,31.4,31.45,8962233.0
2018-01-12 10:30:43.180000,31.4,31.4,31.45,8962233.0
2018-01-12 10:30:45.420000,31.4,31.4,31.45,8962233.0
2018-01-12 10:30:47.526000,31.4,31.4,31.45,8962233.0
2018-01-12 10:30:49.825000,31.4,31.4,31.45,8962233.0
2018-01-12 10:30:52.116000,31.4,31.4,31.45,8962233.0
2018-01-12 10:30:54.487000,31.4,31.4,31.45,8962233.0
2018-01-12 10:30:57.083000,31.4,31.4,31.45,8962233.0
2018-01-12 10:30:59.529000,31.4,31.4,31.45,8962233.0
2018-01-12 10:31:02.191000,31.4,31.4,31.45,8962233.0
2018-01-12 10:31:04.492000,31.4,31.4,31.45,8962233.0
2018-01-12 10:31:06.995000,31.4,31.4,31.45,8962233.0
2018-01-12 10:31:09.019000,31.4,31.4,31.45,8962233.0
2018-01-12 10:31:14.254000,31.4,31.4,31.45,8962233.0
2018-01-12 10:31:17.121000,31.4,31.4,31.45,8962233.0
2018-01-12 10:31:19.597000,31.4,31.4,31.45,8962233.0
2018-01-12 10:31:21.899000,31.4,31.4,31.45,8962233.0
2018-01-12 10:31:24.332000,31.4,31.4,31.45,8962233.0
2018-01-12 10:31:26.765000,31.4,31.4,31.45,8962233.0
2018-01-12 10:31:29.831000,31.4,31.4,31.45,8962233.0
2018-01-12 10:31:32.403000,31.4,31.4,31.45,8962233.0
2018-01-12 10:31:34.866000,31.4,31.4,31.45,8962233.0
2018-01-12 10:31:37.387000,31.4,31.4,31.45,8962233.0
2018-01-12 10:31:39.787000,31.4,31.4,31.45,8962233.0
2018-01-12 10:31:42.368000,31.4,31.4,31.45,8962233.0
2018-01-12 10:31:45.065000,31.4,31.4,31.45,8962233.0
2018-01-12 10:31:47.632000,31.4,31.4,31.45,8962233.0
2018-01-12 10:31:49.990000,31.4,31.4,31.45,8962233.0
2018-01-12 10:31:52.545000,31.4,31.4,31.45,8962233.0
2018-01-12 10:31:54.948000,31.4,31.4,31.45,8962233.0
2018-01-12 10:31:57.480000,31.4,31.4,31.45,8962233.0
2018-01-12 10:32:00.157000,31.4,31.4,31.45,8962233.0
2018-01-12 10:32:03.006000,31.4,31.4,31.45,8962233.0
2018-01-12 10:32:07.622000,31.4,31.4,31.45,8962233.0
2018-01-12 10:32:10.255000,31.4,31.4,31.45,8962233.0
2018-01-12 10:32:12.759000,31.4,31.4,31.45,8962233.0
2018-01-12 10:32:14.764000,31.4,31.4,31.45,8962233.0
2018-01-12 10:32:16.937000,31.4,31.4,31.45,8962233.0
2018-01-12 10:32:19.194000,31.4,31.4,31.45,8962233.0
2018-01-12 10:32:21.756000,31.4,31.4,31.45,8962233.0
2018-01-12 10:32:24.661000,31.4,31.4,31.45,8962233.0
2018-01-12 10:32:27.084000,31.4,31.4,31.45,8962233.0
2018-01-12 10:32:29.485000,31.4,31.4,31.45,8962233.0
2018-01-12 10:32:31.891000,31.4,31.4,31.45,8962233.0
2018-01-12 10:32:34.313000,31.4,31.4,31.45,8962233.0
2018-01-12 10:32:36.895000,31.4,31.4,31.45,8962233.0
2018-01-12 10:32:39.458000,31.4,31.4,31.45,8962233.0
2018-01-12 10:32:42.011000,31.4,31.4,31.45,8962233.0
2018-01-12 10:32:44.505000,31.45,31.4,31.45,9038233.0
2018-01-12 10:32:46.936000,31.45,31.4,31.45,9038233.0
2018-01-12 10:32:49.458000,31.45,31.4,31.45,9038233.0
2018-01-12 10:32:51.930000,31.45,31.4,31.45,9038233.0
2018-01-12 10:32:54.676000,31.45,31.4,31.45,9038233.0
2018-01-12 10:32:57.071000,31.45,31.4,31.45,9038233.0
2018-01-12 10:32:59.595000,31.45,31.4,31.45,9038233.0
2018-01-12 10:33:01.942000,31.45,31.4,31.45,9038233.0
2018-01-12 10:33:04.485000,31.45,31.45,31.5,9504733.0
2018-01-12 10:33:07.646000,31.45,31.45,31.5,9504733.0
2018-01-12 10:33:10.223000,31.45,31.45,31.5,9504733.0
2018-01-12 10:33:12.692000,31.45,31.45,31.5,9504733.0
2018-01-12 10:33:16.278000,31.45,31.45,31.5,9504733.0
2018-01-12 10:33:18.847000,31.45,31.45,31.5,9504733.0
2018-01-12 10:33:21.263000,31.45,31.45,31.5,9504733.0
2018-01-12 10:33:23.754000,31.45,31.45,31.5,9504733.0
2018-01-12 10:33:25.995000,31.45,31.45,31.5,10454733.0
2018-01-12 10:33:28.292000,31.45,31.45,31.5,10454733.0
2018-01-12 10:33:30.803000,31.45,31.45,31.5,10454733.0
2018-01-12 10:33:33.056000,31.45,31.45,31.5,10454733.0
2018-01-12 10:33:35.559000,31.45,31.45,31.5,10454733.0
2018-01-12 10:33:38.005000,31.45,31.45,31.5,10454733.0
2018-01-12 10:33:40.273000,31.45,31.45,31.5,10454733.0
2018-01-12 10:33:42.586000,31.45,31.45,31.5,10454733.0
2018-01-12 10:33:45.027000,31.45,31.45,31.5,10454733.0
2018-01-12 10:33:47.265000,31.45,31.45,31.5,10454733.0
2018-01-12 10:33:49.618000,31.45,31.45,31.5,10454733.0
2018-01-12 10:33:52.217000,31.45,31.45,31.5,10454733.0
2018-01-12 10:33:54.643000,31.45,31.45,31.5,10454733.0
2018-01-12 10:33:57.040000,31.45,31.45,31.5,10454733.0
2018-01-12 10:33:59.377000,31.45,31.45,31.5,10454733.0
2018-01-12 10:34:01.678000,31.45,31.45,31.5,10454733.0
2018-01-12 10:34:04.081000,31.45,31.45,31.5,10454733.0
2018-01-12 10:34:12.302000,31.45,31.45,31.5,10454733.0
2018-01-12 10:34:14.759000,31.45,31.45,31.5,10454733.0
2018-01-12 10:34:17.078000,31.45,31.45,31.5,10454733.0
2018-01-12 10:34:23.182000,31.45,31.45,31.5,10454733.0
2018-01-12 10:34:25.772000,31.45,31.45,31.5,10454733.0
2018-01-12 10:34:28.248000,31.45,31.45,31.5,10454733.0
2018-01-12 10:34:30.727000,31.45,31.45,31.5,10454733.0
2018-01-12 10:34:33.208000,31.45,31.45,31.5,10454733.0
2018-01-12 10:34:35.665000,31.45,31.45,31.5,10454733.0
2018-01-12 10:34:38.174000,31.45,31.45,31.5,10856233.0
2018-01-12 10:34:40.732000,31.45,31.45,31.5,10856233.0
2018-01-12 10:34:43.251000,31.45,31.45,31.5,10856233.0
2018-01-12 10:34:45.717000,31.45,31.45,31.5,10856233.0
2018-01-12 10:34:48.229000,31.45,31.45,31.5,10856233.0
2018-01-12 10:34:50.634000,31.45,31.45,31.5,10856233.0
2018-01-12 10:34:53.044000,31.45,31.45,31.5,10856233.0
2018-01-12 10:34:55.551000,31.45,31.45,31.5,10856233.0
2018-01-12 10:34:57.956000,31.45,31.45,31.5,10856233.0
2018-01-12 10:35:00.403000,31.45,31.45,31.5,10856233.0
2018-01-12 10:35:02.985000,31.45,31.45,31.5,10856233.0
2018-01-12 10:35:05.428000,31.45,31.45,31.5,10856233.0
2018-01-12 10:35:08.264000,31.45,31.45,31.5,10856233.0
2018-01-12 10:35:12.863000,31.45,31.45,31.5,10856233.0
2018-01-12 10:35:15.274000,31.45,31.45,31.5,10856233.0
2018-01-12 10:35:17.593000,31.45,31.45,31.5,10856233.0
2018-01-12 10:35:20.103000,31.45,31.4,31.45,11558733.0
2018-01-12 10:35:22.391000,31.45,31.4,31.45,11558733.0
2018-01-12 10:35:24.940000,31.45,31.4,31.45,11558733.0
2018-01-12 10:35:27.458000,31.45,31.4,31.45,11558733.0
2018-01-12 10:35:29.805000,31.45,31.4,31.45,11558733.0
2018-01-12 10:35:32.496000,31.45,31.4,31.45,11558733.0
2018-01-12 10:35:35.230000,31.45,31.4,31.45,11558733.0
2018-01-12 10:35:37.921000,31.45,31.4,31.45,11558733.0
2018-01-12 10:35:40.431000,31.45,31.4,31.45,11558733.0
2018-01-12 10:35:42.802000,31.45,31.4,31.45,11558733.0
2018-01-12 10:35:45.465000,31.45,31.4,31.45,11558733.0
2018-01-12 10:35:47.895000,31.45,31.4,31.45,11558733.0
2018-01-12 10:35:50.832000,31.45,31.4,31.45,11558733.0
2018-01-12 10:35:53.446000,31.45,31.4,31.45,11558733.0
2018-01-12 10:35:55.839000,31.45,31.4,31.45,11558733.0
2018-01-12 10:35:58.125000,31.45,31.4,31.45,11558733.0
2018-01-12 10:36:00.670000,31.45,31.4,31.45,11558733.0
2018-01-12 10:36:03.102000,31.45,31.4,31.45,11558733.0
2018-01-12 10:36:07.057000,31.45,31.4,31.45,11558733.0
2018-01-12 10:36:09.505000,31.45,31.4,31.45,11558733.0
2018-01-12 10:36:14.709000,31.45,31.4,31.45,11558733.0
2018-01-12 10:36:17.280000,31.45,31.4,31.45,11558733.0
2018-01-12 10:36:19.599000,31.45,31.4,31.45,11558733.0
2018-01-12 10:36:22.179000,31.45,31.4,31.45,11558733.0
2018-01-12 10:36:24.804000,31.45,31.4,31.45,11558733.0
2018-01-12 10:36:27.287000,31.45,31.4,31.45,11558733.0
2018-01-12 10:36:29.747000,31.45,31.4,31.45,11558733.0
2018-01-12 10:36:32.525000,31.45,31.4,31.45,11558733.0
2018-01-12 10:36:35.338000,31.45,31.4,31.45,11558733.0
2018-01-12 10:36:38.129000,31.45,31.4,31.45,11558733.0
2018-01-12 10:36:40.573000,31.45,31.4,31.45,11558733.0
2018-01-12 10:36:43.135000,31.45,31.4,31.45,11558733.0
2018-01-12 10:36:45.288000,31.45,31.4,31.45,11558733.0
2018-01-12 10:36:47.766000,31.45,31.4,31.45,11558733.0
2018-01-12 10:36:50.644000,31.45,31.4,31.45,11558733.0
2018-01-12 10:36:52.881000,31.45,31.4,31.45,11558733.0
2018-01-12 10:36:55.226000,31.45,31.4,31.45,11558733.0
2018-01-12 10:36:58.030000,31.45,31.4,31.45,11558733.0
2018-01-12 10:37:00.524000,31.45,31.4,31.45,11558733.0
2018-01-12 10:37:05.830000,31.45,31.4,31.45,11558733.0
2018-01-12 10:37:08.271000,31.45,31.4,31.45,11758733.0
2018-01-12 10:37:10.909000,31.45,31.4,31.45,11758733.0
2018-01-12 10:37:14.569000,31.45,31.4,31.45,11758733.0
2018-01-12 10:37:19.663000,31.45,31.4,31.45,11758733.0
2018-01-12 10:37:22.187000,31.45,31.4,31.45,11758733.0
2018-01-12 10:37:24.697000,31.45,31.4,31.45,11758733.0
2018-01-12 10:37:27.289000,31.45,31.4,31.45,11758733.0
2018-01-12 10:37:29.664000,31.45,31.4,31.45,11758733.0
2018-01-12 10:37:32.003000,31.45,31.4,31.45,11758733.0
2018-01-12 10:37:34.337000,31.45,31.4,31.45,11758733.0
2018-01-12 10:37:36.824000,31.45,31.4,31.45,11758733.0
2018-01-12 10:37:39.244000,31.45,31.4,31.45,11758733.0
2018-01-12 10:37:41.874000,31.45,31.4,31.45,11758733.0
2018-01-12 10:37:44.681000,31.45,31.4,31.45,11758733.0
2018-01-12 10:37:47.078000,31.45,31.4,31.45,11758733.0
2018-01-12 10:37:49.572000,31.45,31.4,31.45,11758733.0
2018-01-12 10:37:52.083000,31.45,31.4,31.45,11758733.0
2018-01-12 10:37:54.619000,31.45,31.4,31.45,11758733.0
2018-01-12 10:37:56.983000,31.45,31.4,31.45,11758733.0
2018-01-12 10:37:59.572000,31.45,31.4,31.45,11758733.0
2018-01-12 10:38:02.122000,31.45,31.4,31.45,11758733.0
2018-01-12 10:38:04.713000,31.45,31.4,31.45,11758733.0
2018-01-12 10:38:07.451000,31.45,31.4,31.45,11758733.0
2018-01-12 10:38:09.935000,31.45,31.4,31.45,11758733.0
2018-01-12 10:38:12.735000,31.45,31.4,31.45,11758733.0
2018-01-12 10:38:15.243000,31.45,31.4,31.45,11758733.0
2018-01-12 10:38:17.956000,31.45,31.4,31.45,11758733.0
2018-01-12 10:38:20.536000,31.45,31.4,31.45,11758733.0
2018-01-12 10:38:23.070000,31.45,31.4,31.45,11758733.0
2018-01-12 10:38:25.623000,31.45,31.4,31.45,11758733.0
2018-01-12 10:38:28.257000,31.45,31.4,31.45,11758733.0
2018-01-12 10:38:30.809000,31.45,31.4,31.45,11758733.0
2018-01-12 10:38:33.247000,31.45,31.4,31.45,11758733.0
2018-01-12 10:38:35.600000,31.45,31.4,31.45,11758733.0
2018-01-12 10:38:37.955000,31.45,31.4,31.45,11758733.0
2018-01-12 10:38:40.415000,31.45,31.4,31.45,11831233.0
2018-01-12 10:38:43.059000,31.45,31.4,31.45,11831233.0
2018-01-12 10:38:45.481000,31.45,31.4,31.45,11831233.0
2018-01-12 10:38:47.861000,31.45,31.4,31.45,11831233.0
2018-01-12 10:38:50.338000,31.45,31.4,31.45,11831233.0
2018-01-12 10:38:52.848000,31.45,31.4,31.45,11831233.0
2018-01-12 10:38:55.416000,31.45,31.4,31.45,11831233.0
2018-01-12 10:38:58.052000,31.45,31.4,31.45,11831233.0
2018-01-12 10:39:00.966000,31.45,31.4,31.45,11831233.0
2018-01-12 10:39:03.451000,31.45,31.4,31.45,11831233.0
2018-01-12 10:39:06.004000,31.45,31.4,31.45,11831233.0
2018-01-12 10:39:09.196000,31.45,31.4,31.45,11831233.0
2018-01-12 10:39:12.355000,31.45,31.4,31.45,11831233.0
2018-01-12 10:39:16.958000,31.45,31.4,31.45,11831233.0
2018-01-12 10:39:20.934000,31.45,31.4,31.45,11831233.0
2018-01-12 10:39:23.453000,31.45,31.4,31.45,11831233.0
2018-01-12 10:39:25.899000,31.45,31.4,31.45,11831233.0
2018-01-12 10:39:28.386000,31.45,31.4,31.45,11831233.0
2018-01-12 10:39:31.116000,31.45,31.4,31.45,11831233.0
2018-01-12 10:39:33.666000,31.45,31.4,31.45,11831233.0
2018-01-12 10:39:36.125000,31.45,31.4,31.45,11831233.0
2018-01-12 10:39:38.807000,31.45,31.4,31.45,11831233.0
2018-01-12 10:39:41.278000,31.45,31.4,31.45,12039733.0
2018-01-12 10:39:43.586000,31.45,31.4,31.45,12039733.0
2018-01-12 10:39:46.154000,31.45,31.4,31.45,12039733.0
2018-01-12 10:39:48.751000,31.45,31.4,31.45,12039733.0
2018-01-12 10:39:51.018000,31.45,31.4,31.45,12039733.0
2018-01-12 10:39:54.386000,31.45,31.4,31.45,12039733.0
2018-01-12 10:39:57.126000,31.45,31.4,31.45,12039733.0
2018-01-12 10:39:59.558000,31.45,31.4,31.45,12039733.0
2018-01-12 10:40:02.116000,31.45,31.4,31.45,12039733.0
2018-01-12 10:40:06.676000,31.45,31.4,31.45,12039733.0
2018-01-12 10:40:09.231000,31.45,31.4,31.45,12039733.0
2018-01-12 10:40:11.787000,31.45,31.4,31.45,12039733.0
2018-01-12 10:40:14.340000,31.45,31.4,31.45,12039733.0
2018-01-12 10:40:17.312000,31.45,31.4,31.45,12039733.0
2018-01-12 10:40:19.761000,31.45,31.4,31.45,12039733.0
2018-01-12 10:40:22.271000,31.45,31.4,31.45,12039733.0
2018-01-12 10:40:24.981000,31.45,31.4,31.45,12039733.0
2018-01-12 10:40:27.359000,31.45,31.4,31.45,12039733.0
2018-01-12 10:40:29.716000,31.45,31.4,31.45,12039733.0
2018-01-12 10:40:32.213000,31.45,31.4,31.45,12039733.0
2018-01-12 10:40:34.921000,31.45,31.4,31.45,12039733.0
2018-01-12 10:40:37.359000,31.45,31.4,31.45,12039733.0
2018-01-12 10:40:39.825000,31.45,31.4,31.45,12039733.0
2018-01-12 10:40:42.484000,31.45,31.4,31.45,12039733.0
2018-01-12 10:40:45.011000,31.45,31.4,31.45,12039733.0
2018-01-12 10:40:47.454000,31.45,31.4,31.45,12039733.0
2018-01-12 10:40:49.761000,31.45,31.4,31.45,12039733.0
2018-01-12 10:40:52.250000,31.45,31.4,31.45,12039733.0
2018-01-12 10:40:54.733000,31.45,31.4,31.45,12039733.0
2018-01-12 10:40:57.123000,31.45,31.4,31.45,12039733.0
2018-01-12 10:40:59.715000,31.45,31.4,31.45,12039733.0
2018-01-12 10:41:02.218000,31.45,31.4,31.45,12039733.0
2018-01-12 10:41:06.573000,31.45,31.4,31.45,12039733.0
2018-01-12 10:41:09.179000,31.45,31.4,31.45,12039733.0
2018-01-12 10:41:11.722000,31.45,31.4,31.45,12039733.0
2018-01-12 10:41:14.145000,31.45,31.4,31.45,12140233.0
2018-01-12 10:41:16.503000,31.45,31.4,31.45,12140233.0
2018-01-12 10:41:19.997000,31.45,31.4,31.45,12695233.0
2018-01-12 10:41:22.281000,31.45,31.4,31.45,12695233.0
2018-01-12 10:41:24.829000,31.45,31.4,31.45,12695233.0
2018-01-12 10:41:27.392000,31.45,31.4,31.45,12695233.0
2018-01-12 10:41:29.862000,31.45,31.4,31.45,12695233.0
2018-01-12 10:41:32.287000,31.45,31.4,31.45,12695233.0
2018-01-12 10:41:34.731000,31.45,31.4,31.45,12695233.0
2018-01-12 10:41:37.184000,31.45,31.4,31.45,12695233.0
2018-01-12 10:41:39.654000,31.45,31.45,31.5,13445233.0
2018-01-12 10:41:42.153000,31.45,31.45,31.5,13445233.0
2018-01-12 10:41:44.715000,31.45,31.45,31.5,13445233.0
2018-01-12 10:41:47.235000,31.45,31.45,31.5,13445233.0
2018-01-12 10:41:49.730000,31.45,31.45,31.5,13445233.0
2018-01-12 10:41:52.082000,31.45,31.45,31.5,13445233.0
2018-01-12 10:41:54.405000,31.45,31.45,31.5,13445233.0
2018-01-12 10:41:56.774000,31.45,31.45,31.5,13445233.0
2018-01-12 10:41:59.275000,31.45,31.45,31.5,13445233.0
2018-01-12 10:42:01.579000,31.45,31.45,31.5,13445233.0
2018-01-12 10:42:03.927000,31.45,31.45,31.5,13445233.0
2018-01-12 10:42:06.975000,31.45,31.45,31.5,13445233.0
2018-01-12 10:42:12.833000,31.45,31.45,31.5,13445233.0
2018-01-12 10:42:17.390000,31.45,31.45,31.5,13445233.0
2018-01-12 10:42:19.874000,31.45,31.45,31.5,13445233.0
2018-01-12 10:42:22.221000,31.45,31.45,31.5,13445233.0
2018-01-12 10:42:24.809000,31.45,31.45,31.5,13445233.0
2018-01-12 10:42:27.266000,31.45,31.45,31.5,13445233.0
2018-01-12 10:42:29.544000,31.45,31.45,31.5,13445233.0
2018-01-12 10:42:32.079000,31.45,31.45,31.5,13445233.0
2018-01-12 10:42:34.452000,31.45,31.45,31.5,13445233.0
2018-01-12 10:42:36.971000,31.45,31.45,31.5,13895575.0
2018-01-12 10:42:39.452000,31.45,31.45,31.5,13895575.0
2018-01-12 10:42:41.894000,31.45,31.45,31.5,13895575.0
2018-01-12 10:42:44.386000,31.45,31.45,31.5,13895575.0
2018-01-12 10:42:46.799000,31.45,31.45,31.5,13895575.0
2018-01-12 10:42:49.484000,31.45,31.45,31.5,13895575.0
2018-01-12 10:42:51.987000,31.45,31.45,31.5,13895575.0
2018-01-12 10:42:54.467000,31.45,31.45,31.5,13895575.0
2018-01-12 10:42:56.981000,31.45,31.45,31.5,13895575.0
2018-01-12 10:42:59.423000,31.45,31.45,31.5,13895575.0
2018-01-12 10:43:01.800000,31.45,31.45,31.5,13895575.0
2018-01-12 10:43:04.356000,31.45,31.45,31.5,13895575.0
2018-01-12 10:43:06.752000,31.45,31.45,31.5,13895575.0
2018-01-12 10:43:09.468000,31.45,31.45,31.5,13895575.0
2018-01-12 10:43:12.111000,31.45,31.45,31.5,13895575.0
2018-01-12 10:43:17.192000,31.45,31.45,31.5,13895575.0
2018-01-12 10:43:19.657000,31.45,31.45,31.5,13895575.0
2018-01-12 10:43:22.049000,31.45,31.45,31.5,13895575.0
2018-01-12 10:43:24.548000,31.45,31.45,31.5,13895575.0
2018-01-12 10:43:27.051000,31.45,31.45,31.5,13895575.0
2018-01-12 10:43:29.764000,31.45,31.45,31.5,13895575.0
2018-01-12 10:43:32.230000,31.45,31.45,31.5,13895575.0
2018-01-12 10:43:34.594000,31.45,31.45,31.5,13895575.0
2018-01-12 10:43:37.222000,31.45,31.45,31.5,13895575.0
2018-01-12 10:43:39.768000,31.45,31.45,31.5,13895575.0
2018-01-12 10:43:42.225000,31.45,31.45,31.5,13895575.0
2018-01-12 10:43:44.720000,31.45,31.45,31.5,13895575.0
2018-01-12 10:43:47.307000,31.45,31.45,31.5,13895575.0
2018-01-12 10:43:49.610000,31.45,31.45,31.5,13895575.0
2018-01-12 10:43:52.113000,31.45,31.45,31.5,13895575.0
2018-01-12 10:43:54.734000,31.45,31.45,31.5,13895575.0
2018-01-12 10:43:57.104000,31.45,31.45,31.5,13895575.0
2018-01-12 10:43:59.554000,31.45,31.45,31.5,13895575.0
2018-01-12 10:44:02.053000,31.45,31.45,31.5,13895575.0
2018-01-12 10:44:04.492000,31.45,31.45,31.5,13895575.0
2018-01-12 10:44:06.900000,31.45,31.45,31.5,13895575.0
2018-01-12 10:44:09.923000,31.45,31.45,31.5,13895575.0
2018-01-12 10:44:16.001000,31.45,31.45,31.5,13895575.0
2018-01-12 10:44:18.363000,31.45,31.45,31.5,13895575.0
2018-01-12 10:44:20.739000,31.45,31.45,31.5,13895575.0
2018-01-12 10:44:23.188000,31.45,31.45,31.5,13895575.0
2018-01-12 10:44:25.674000,31.45,31.45,31.5,13895575.0
2018-01-12 10:44:28.082000,31.45,31.45,31.5,13895575.0
2018-01-12 10:44:30.728000,31.45,31.45,31.5,13895575.0
2018-01-12 10:44:33.133000,31.45,31.45,31.5,13895575.0
2018-01-12 10:44:35.391000,31.45,31.45,31.5,13895575.0
2018-01-12 10:44:37.816000,31.45,31.45,31.5,13895575.0
2018-01-12 10:44:40.270000,31.45,31.45,31.5,13895575.0
2018-01-12 10:44:42.794000,31.45,31.45,31.5,13895575.0
2018-01-12 10:44:45.175000,31.45,31.45,31.5,13895575.0
2018-01-12 10:44:47.528000,31.45,31.45,31.5,13895575.0
2018-01-12 10:44:49.917000,31.45,31.45,31.5,13895575.0
2018-01-12 10:44:52.238000,31.45,31.45,31.5,13895575.0
2018-01-12 10:44:54.692000,31.45,31.45,31.5,13895575.0
2018-01-12 10:44:56.879000,31.45,31.45,31.5,13895575.0
2018-01-12 10:44:59.214000,31.45,31.45,31.5,13895575.0
2018-01-12 10:45:01.886000,31.45,31.45,31.5,13895575.0
2018-01-12 10:45:04.061000,31.45,31.45,31.5,13895575.0
2018-01-12 10:45:06.355000,31.45,31.45,31.5,13895575.0
2018-01-12 10:45:09.089000,31.45,31.45,31.5,13895575.0
2018-01-12 10:45:11.597000,31.4,31.4,31.45,14795575.0
2018-01-12 10:45:14.040000,31.4,31.4,31.45,14795575.0
2018-01-12 10:45:16.530000,31.4,31.4,31.45,14795575.0
2018-01-12 10:45:22.430000,31.4,31.4,31.45,14795575.0
2018-01-12 10:45:24.754000,31.4,31.4,31.45,14795575.0
2018-01-12 10:45:27.511000,31.4,31.4,31.45,14795575.0
2018-01-12 10:45:29.988000,31.4,31.4,31.45,14795575.0
2018-01-12 10:45:32.439000,31.4,31.4,31.45,14795575.0
2018-01-12 10:45:34.549000,31.4,31.4,31.45,14795575.0
2018-01-12 10:45:37.245000,31.4,31.4,31.45,14795575.0
2018-01-12 10:45:39.496000,31.4,31.4,31.45,14795575.0
2018-01-12 10:45:41.999000,31.4,31.4,31.45,14795575.0
2018-01-12 10:45:44.721000,31.4,31.4,31.45,14795575.0
2018-01-12 10:45:47.063000,31.4,31.4,31.45,14795575.0
2018-01-12 10:45:49.705000,31.4,31.4,31.45,14795575.0
2018-01-12 10:45:52.022000,31.4,31.4,31.45,14795575.0
2018-01-12 10:45:54.257000,31.4,31.4,31.45,14795575.0
2018-01-12 10:45:56.660000,31.4,31.4,31.45,14795575.0
2018-01-12 10:45:58.992000,31.4,31.4,31.45,14795575.0
2018-01-12 10:46:01.245000,31.4,31.4,31.45,14795575.0
2018-01-12 10:46:03.633000,31.4,31.4,31.45,14795575.0
2018-01-12 10:46:07.829000,31.4,31.4,31.45,14795575.0
2018-01-12 10:46:13.342000,31.4,31.4,31.45,14795575.0
2018-01-12 10:46:16.824000,31.4,31.4,31.45,14795575.0
2018-01-12 10:46:23.871000,31.4,31.4,31.45,14795575.0
2018-01-12 10:46:26.257000,31.4,31.4,31.45,14795575.0
2018-01-12 10:46:28.729000,31.4,31.4,31.45,14795575.0
2018-01-12 10:46:31.380000,31.4,31.4,31.45,14795575.0
2018-01-12 10:46:33.877000,31.4,31.4,31.45,14795575.0
2018-01-12 10:46:36.642000,31.4,31.4,31.45,14795575.0
2018-01-12 10:46:39.078000,31.4,31.4,31.45,14795575.0
2018-01-12 10:46:41.582000,31.4,31.4,31.45,14795575.0
2018-01-12 10:46:43.916000,31.4,31.4,31.45,14795575.0
2018-01-12 10:46:46.209000,31.4,31.4,31.45,14801575.0
2018-01-12 10:46:48.322000,31.4,31.4,31.45,14801575.0
2018-01-12 10:46:50.662000,31.4,31.4,31.45,14801575.0
2018-01-12 10:46:53.032000,31.4,31.4,31.45,14801575.0
2018-01-12 10:46:55.381000,31.4,31.4,31.45,14801575.0
2018-01-12 10:46:57.837000,31.4,31.4,31.45,14801575.0
2018-01-12 10:47:00.661000,31.4,31.4,31.45,14801575.0
2018-01-12 10:47:03.481000,31.4,31.4,31.45,14801575.0
2018-01-12 10:47:05.788000,31.4,31.4,31.45,14801575.0
2018-01-12 10:47:08.221000,31.4,31.4,31.45,14801575.0
2018-01-12 10:47:10.678000,31.4,31.4,31.45,14801575.0
2018-01-12 10:47:13.629000,31.4,31.4,31.45,14801575.0
2018-01-12 10:47:16.006000,31.4,31.4,31.45,14801575.0
2018-01-12 10:47:18.419000,31.4,31.4,31.45,14801575.0
2018-01-12 10:47:23.204000,31.4,31.4,31.45,14801575.0
2018-01-12 10:47:25.867000,31.4,31.4,31.45,14801575.0
2018-01-12 10:47:28.391000,31.4,31.4,31.45,14801575.0
2018-01-12 10:47:30.773000,31.4,31.4,31.45,14801575.0
2018-01-12 10:47:33.227000,31.4,31.4,31.45,14801575.0
2018-01-12 10:47:35.584000,31.4,31.4,31.45,14801575.0
2018-01-12 10:47:38.084000,31.4,31.4,31.45,14801575.0
2018-01-12 10:47:40.547000,31.4,31.4,31.45,14801575.0
2018-01-12 10:47:43.035000,31.4,31.4,31.45,14801575.0
2018-01-12 10:47:45.976000,31.4,31.4,31.45,14806575.0
2018-01-12 10:47:48.323000,31.4,31.4,31.45,14806575.0
2018-01-12 10:47:50.601000,31.4,31.4,31.45,14806575.0
2018-01-12 10:47:53.104000,31.4,31.4,31.45,14806575.0
2018-01-12 10:47:55.571000,31.4,31.4,31.45,14806575.0
2018-01-12 10:47:57.986000,31.4,31.4,31.45,14806575.0
2018-01-12 10:48:00.521000,31.4,31.4,31.45,14806575.0
2018-01-12 10:48:06.892000,31.4,31.4,31.45,14806575.0
2018-01-12 10:48:09.255000,31.4,31.4,31.45,14806575.0
2018-01-12 10:48:11.640000,31.4,31.4,31.45,14806575.0
2018-01-12 10:48:14.440000,31.4,31.4,31.45,14806575.0
2018-01-12 10:48:16.966000,31.4,31.4,31.45,14806575.0
2018-01-12 10:48:19.733000,31.4,31.4,31.45,14806575.0
2018-01-12 10:48:22.387000,31.4,31.4,31.45,14806575.0
2018-01-12 10:48:24.974000,31.4,31.4,31.45,14806575.0
2018-01-12 10:48:27.322000,31.4,31.4,31.45,14806575.0
2018-01-12 10:48:29.897000,31.4,31.4,31.45,14806575.0
2018-01-12 10:48:32.470000,31.4,31.4,31.45,14806575.0
2018-01-12 10:48:35.510000,31.4,31.4,31.45,14806575.0
2018-01-12 10:48:38.138000,31.4,31.4,31.45,14806575.0
2018-01-12 10:48:40.601000,31.4,31.4,31.45,14806575.0
2018-01-12 10:48:43.042000,31.4,31.4,31.45,14806575.0
2018-01-12 10:48:45.571000,31.4,31.4,31.45,14806575.0
2018-01-12 10:48:48.081000,31.4,31.4,31.45,14806575.0
2018-01-12 10:48:50.807000,31.4,31.4,31.45,14806575.0
2018-01-12 10:48:53.591000,31.4,31.4,31.45,14806575.0
2018-01-12 10:48:56.090000,31.4,31.4,31.45,14806575.0
2018-01-12 10:48:58.726000,31.4,31.4,31.45,14806575.0
2018-01-12 10:49:01.206000,31.4,31.4,31.45,14806575.0
2018-01-12 10:49:03.897000,31.4,31.4,31.45,14806575.0
2018-01-12 10:49:06.509000,31.4,31.4,31.45,14806575.0
2018-01-12 10:49:09.294000,31.4,31.4,31.45,14806575.0
2018-01-12 10:49:11.982000,31.4,31.4,31.45,14806575.0
2018-01-12 10:49:14.564000,31.4,31.4,31.45,14806575.0
2018-01-12 10:49:17.184000,31.4,31.4,31.45,14806575.0
2018-01-12 10:49:19.862000,31.4,31.4,31.45,14806575.0
2018-01-12 10:49:22.572000,31.4,31.4,31.45,14806575.0
2018-01-12 10:49:25.077000,31.4,31.4,31.45,14806575.0
2018-01-12 10:49:27.730000,31.4,31.4,31.45,14806575.0
2018-01-12 10:49:30.040000,31.4,31.4,31.45,14806575.0
2018-01-12 10:49:32.514000,31.45,31.4,31.45,14809187.0
2018-01-12 10:49:35.011000,31.45,31.4,31.45,14809187.0
2018-01-12 10:49:37.468000,31.45,31.4,31.45,14809187.0
2018-01-12 10:49:40.261000,31.45,31.4,31.45,14809187.0
2018-01-12 10:49:42.771000,31.45,31.4,31.45,14809187.0
2018-01-12 10:49:45.432000,31.45,31.4,31.45,14809187.0
2018-01-12 10:49:48.060000,31.45,31.4,31.45,14809187.0
2018-01-12 10:49:50.775000,31.45,31.4,31.45,14809187.0
2018-01-12 10:49:53.347000,31.45,31.4,31.45,14809187.0
2018-01-12 10:49:57.082000,31.45,31.4,31.45,14809187.0
2018-01-12 10:49:59.809000,31.45,31.4,31.45,14809187.0
2018-01-12 10:50:02.338000,31.45,31.4,31.45,14809187.0
2018-01-12 10:50:05.042000,31.45,31.4,31.45,14809187.0
2018-01-12 10:50:07.531000,31.45,31.4,31.45,14809187.0
2018-01-12 10:50:10.713000,31.45,31.4,31.45,14809187.0
2018-01-12 10:50:13.300000,31.45,31.4,31.45,14809187.0
2018-01-12 10:50:15.606000,31.45,31.4,31.45,14809187.0
2018-01-12 10:50:18.984000,31.45,31.4,31.45,14809187.0
2018-01-12 10:50:21.575000,31.45,31.4,31.45,14809187.0
2018-01-12 10:50:24.088000,31.45,31.4,31.45,14809187.0
2018-01-12 10:50:26.559000,31.45,31.4,31.45,14809187.0
2018-01-12 10:50:29.205000,31.45,31.4,31.45,14809187.0
2018-01-12 10:50:31.811000,31.45,31.4,31.45,14809187.0
2018-01-12 10:50:34.289000,31.45,31.4,31.45,14809187.0
2018-01-12 10:50:36.731000,31.45,31.4,31.45,14809187.0
2018-01-12 10:50:39.391000,31.4,31.4,31.45,14824687.0
2018-01-12 10:50:41.736000,31.4,31.4,31.45,14824687.0
2018-01-12 10:50:44.333000,31.4,31.4,31.45,14824687.0
2018-01-12 10:50:46.779000,31.4,31.4,31.45,14824687.0
2018-01-12 10:50:49.252000,31.4,31.4,31.45,14824687.0
2018-01-12 10:50:51.787000,31.4,31.4,31.45,14824687.0
2018-01-12 10:50:54.370000,31.4,31.4,31.45,14824687.0
2018-01-12 10:50:56.952000,31.4,31.4,31.45,14824687.0
2018-01-12 10:50:59.596000,31.4,31.4,31.45,14824687.0
2018-01-12 10:51:02.140000,31.4,31.4,31.45,14824687.0
2018-01-12 10:51:08.224000,31.4,31.4,31.45,14824687.0
2018-01-12 10:51:14.785000,31.4,31.4,31.45,14824687.0
2018-01-12 10:51:17.421000,31.4,31.4,31.45,14824687.0
2018-01-12 10:51:20.583000,31.4,31.4,31.45,14824687.0
2018-01-12 10:51:23.258000,31.4,31.4,31.45,14824687.0
2018-01-12 10:51:26.048000,31.4,31.4,31.45,14824687.0
2018-01-12 10:51:28.849000,31.4,31.4,31.45,14824687.0
2018-01-12 10:51:31.435000,31.4,31.4,31.45,14824849.0
2018-01-12 10:51:35.168000,31.4,31.4,31.45,14824849.0
2018-01-12 10:51:37.721000,31.4,31.4,31.45,14824849.0
2018-01-12 10:51:40.157000,31.4,31.4,31.45,14824849.0
2018-01-12 10:51:42.743000,31.4,31.4,31.45,14824849.0
2018-01-12 10:51:45.373000,31.4,31.4,31.45,14824849.0
2018-01-12 10:51:47.940000,31.4,31.4,31.45,14824849.0
2018-01-12 10:51:50.498000,31.4,31.4,31.45,14824849.0
2018-01-12 10:51:53.439000,31.4,31.4,31.45,14824849.0
2018-01-12 10:51:55.891000,31.4,31.4,31.45,14824849.0
2018-01-12 10:51:58.523000,31.4,31.4,31.45,14824849.0
2018-01-12 10:52:01.029000,31.4,31.4,31.45,14824849.0
2018-01-12 10:52:03.594000,31.4,31.4,31.45,14824849.0
2018-01-12 10:52:08.016000,31.4,31.4,31.45,14824849.0
2018-01-12 10:52:10.498000,31.4,31.4,31.45,14824849.0
2018-01-12 10:52:13.573000,31.4,31.4,31.45,14824849.0
2018-01-12 10:52:16.189000,31.4,31.4,31.45,14824849.0
2018-01-12 10:52:18.502000,31.4,31.4,31.45,14824849.0
2018-01-12 10:52:20.998000,31.4,31.4,31.45,14824849.0
2018-01-12 10:52:23.501000,31.4,31.4,31.45,14824849.0
2018-01-12 10:52:26.124000,31.4,31.4,31.45,14824849.0
2018-01-12 10:52:28.722000,31.4,31.4,31.45,14824849.0
2018-01-12 10:52:31.328000,31.45,31.4,31.45,14832349.0
2018-01-12 10:52:33.878000,31.45,31.4,31.45,14832349.0
2018-01-12 10:52:36.343000,31.45,31.4,31.45,14832349.0
2018-01-12 10:52:38.824000,31.45,31.4,31.45,14832349.0
2018-01-12 10:52:41.405000,31.45,31.4,31.45,14832349.0
2018-01-12 10:52:43.895000,31.45,31.4,31.45,14832349.0
2018-01-12 10:52:46.955000,31.45,31.4,31.45,14832349.0
2018-01-12 10:52:49.683000,31.45,31.4,31.45,14832349.0
2018-01-12 10:52:52.135000,31.45,31.4,31.45,14832349.0
2018-01-12 10:52:54.526000,31.45,31.4,31.45,14832349.0
2018-01-12 10:52:57.069000,31.45,31.4,31.45,14832349.0
2018-01-12 10:52:59.742000,31.45,31.4,31.45,14832349.0
2018-01-12 10:53:02.483000,31.45,31.4,31.45,14832349.0
2018-01-12 10:53:05.266000,31.45,31.4,31.45,14832349.0
2018-01-12 10:53:07.719000,31.45,31.4,31.45,14832349.0
2018-01-12 10:53:11.564000,31.45,31.45,31.5,14868849.0
2018-01-12 10:53:14.099000,31.45,31.45,31.5,14868849.0
2018-01-12 10:53:16.657000,31.45,31.45,31.5,14868849.0
2018-01-12 10:53:19.223000,31.45,31.45,31.5,14868849.0
2018-01-12 10:53:21.909000,31.45,31.45,31.5,14868849.0
2018-01-12 10:53:24.550000,31.45,31.45,31.5,14868849.0
2018-01-12 10:53:27.390000,31.45,31.45,31.5,14868849.0
2018-01-12 10:53:29.990000,31.45,31.45,31.5,14868849.0
2018-01-12 10:53:32.578000,31.45,31.45,31.5,14868849.0
2018-01-12 10:53:35.096000,31.45,31.45,31.5,14868849.0
2018-01-12 10:53:37.660000,31.45,31.45,31.5,14868849.0
2018-01-12 10:53:40.054000,31.45,31.45,31.5,14868849.0
2018-01-12 10:53:42.683000,31.45,31.45,31.5,14868849.0
2018-01-12 10:53:45.367000,31.45,31.45,31.5,14868849.0
2018-01-12 10:53:47.864000,31.45,31.45,31.5,14868849.0
2018-01-12 10:53:50.424000,31.45,31.45,31.5,14868849.0
2018-01-12 10:53:53.019000,31.45,31.45,31.5,14972349.0
2018-01-12 10:53:55.816000,31.45,31.45,31.5,14972349.0
2018-01-12 10:53:58.632000,31.45,31.45,31.5,14972349.0
2018-01-12 10:54:01.032000,31.45,31.45,31.5,14972349.0
2018-01-12 10:54:04.568000,31.45,31.45,31.5,14972349.0
2018-01-12 10:54:07.204000,31.45,31.45,31.5,14972349.0
2018-01-12 10:54:12.543000,31.45,31.45,31.5,14972349.0
2018-01-12 10:54:15.249000,31.45,31.45,31.5,14972349.0
2018-01-12 10:54:17.863000,31.45,31.45,31.5,14972349.0
2018-01-12 10:54:20.512000,31.45,31.45,31.5,14972349.0
2018-01-12 10:54:23.071000,31.45,31.45,31.5,14972349.0
2018-01-12 10:54:25.672000,31.45,31.45,31.5,14972349.0
2018-01-12 10:54:28.263000,31.45,31.45,31.5,14972349.0
2018-01-12 10:54:30.845000,31.45,31.45,31.5,14972349.0
2018-01-12 10:54:33.511000,31.45,31.45,31.5,14972349.0
2018-01-12 10:54:36.002000,31.45,31.45,31.5,14972349.0
2018-01-12 10:54:38.613000,31.45,31.45,31.5,14972349.0
2018-01-12 10:54:41.205000,31.45,31.45,31.5,14972349.0
2018-01-12 10:54:43.817000,31.45,31.45,31.5,14972349.0
2018-01-12 10:54:46.720000,31.45,31.45,31.5,14972349.0
2018-01-12 10:54:49.145000,31.45,31.45,31.5,14972349.0
2018-01-12 10:54:51.740000,31.45,31.45,31.5,14972349.0
2018-01-12 10:54:54.260000,31.45,31.45,31.5,14972349.0
2018-01-12 10:54:57.380000,31.45,31.45,31.5,14972349.0
2018-01-12 10:55:00.126000,31.45,31.45,31.5,14972349.0
2018-01-12 10:55:02.708000,31.45,31.45,31.5,14972349.0
2018-01-12 10:55:05.406000,31.45,31.45,31.5,14972349.0
2018-01-12 10:55:07.994000,31.45,31.45,31.5,14972349.0
2018-01-12 10:55:13.768000,31.45,31.45,31.5,14972349.0
2018-01-12 10:55:17.362000,31.45,31.45,31.5,14972349.0
2018-01-12 10:55:19.991000,31.45,31.45,31.5,14972349.0
2018-01-12 10:55:22.569000,31.45,31.45,31.5,14972349.0
2018-01-12 10:55:25.189000,31.45,31.45,31.5,14972349.0
2018-01-12 10:55:27.647000,31.45,31.45,31.5,14972349.0
2018-01-12 10:55:29.903000,31.45,31.45,31.5,14972349.0
2018-01-12 10:55:32.521000,31.45,31.45,31.5,14972349.0
2018-01-12 10:55:35.228000,31.45,31.45,31.5,14972349.0
2018-01-12 10:55:37.835000,31.45,31.45,31.5,14972349.0
2018-01-12 10:55:40.429000,31.45,31.45,31.5,14972349.0
2018-01-12 10:55:43.151000,31.45,31.45,31.5,14972349.0
2018-01-12 10:55:45.776000,31.45,31.45,31.5,14972349.0
2018-01-12 10:55:48.306000,31.45,31.45,31.5,14972349.0
2018-01-12 10:55:50.693000,31.45,31.45,31.5,14972349.0
2018-01-12 10:55:53.375000,31.45,31.45,31.5,14972349.0
2018-01-12 10:55:55.834000,31.45,31.45,31.5,14972349.0
2018-01-12 10:55:58.498000,31.45,31.45,31.5,14972349.0
2018-01-12 10:56:01.315000,31.45,31.45,31.5,14972349.0
2018-01-12 10:56:03.760000,31.45,31.45,31.5,14972349.0
2018-01-12 10:56:06.115000,31.45,31.45,31.5,14972349.0
2018-01-12 10:56:08.465000,31.45,31.45,31.5,14972349.0
2018-01-12 10:56:10.866000,31.45,31.45,31.5,14972349.0
2018-01-12 10:56:13.745000,31.45,31.45,31.5,14972349.0
2018-01-12 10:56:16.426000,31.45,31.45,31.5,14972349.0
2018-01-12 10:56:18.961000,31.45,31.45,31.5,14972349.0
2018-01-12 10:56:21.956000,31.45,31.45,31.5,14972349.0
2018-01-12 10:56:24.428000,31.45,31.45,31.5,14972349.0
2018-01-12 10:56:27.149000,31.45,31.45,31.5,14972349.0
2018-01-12 10:56:29.711000,31.45,31.45,31.5,14972349.0
2018-01-12 10:56:32.350000,31.45,31.45,31.5,14972349.0
2018-01-12 10:56:34.925000,31.45,31.45,31.5,14972349.0
2018-01-12 10:56:37.771000,31.45,31.45,31.5,14972349.0
2018-01-12 10:56:40.307000,31.45,31.45,31.5,14972349.0
2018-01-12 10:56:42.832000,31.45,31.45,31.5,14972349.0
2018-01-12 10:56:45.393000,31.45,31.45,31.5,14972349.0
2018-01-12 10:56:48.243000,31.45,31.45,31.5,14972349.0
2018-01-12 10:56:50.793000,31.45,31.45,31.5,14972349.0
2018-01-12 10:56:53.384000,31.45,31.45,31.5,14972349.0
2018-01-12 10:56:55.859000,31.45,31.45,31.5,14972349.0
2018-01-12 10:56:58.348000,31.45,31.45,31.5,14972349.0
2018-01-12 10:57:00.990000,31.45,31.45,31.5,14972349.0
2018-01-12 10:57:03.517000,31.45,31.45,31.5,14972349.0
2018-01-12 10:57:07.954000,31.45,31.45,31.5,14972349.0
2018-01-12 10:57:10.379000,31.45,31.45,31.5,14972349.0
2018-01-12 10:57:14.165000,31.45,31.45,31.5,14972349.0
2018-01-12 10:57:16.676000,31.45,31.45,31.5,14972349.0
2018-01-12 10:57:20.016000,31.45,31.45,31.5,14972349.0
2018-01-12 10:57:22.603000,31.45,31.45,31.5,14972349.0
2018-01-12 10:57:25.561000,31.45,31.45,31.5,14972349.0
2018-01-12 10:57:28.288000,31.45,31.45,31.5,14972349.0
2018-01-12 10:57:30.765000,31.45,31.45,31.5,14972349.0
2018-01-12 10:57:33.242000,31.45,31.45,31.5,14972349.0
2018-01-12 10:57:35.649000,31.45,31.45,31.5,14972349.0
2018-01-12 10:57:38.127000,31.45,31.45,31.5,14972349.0
2018-01-12 10:57:40.692000,31.45,31.45,31.5,14972349.0
2018-01-12 10:57:43.170000,31.45,31.45,31.5,14972349.0
2018-01-12 10:57:46.083000,31.45,31.45,31.5,14972349.0
2018-01-12 10:57:48.780000,31.45,31.45,31.5,14972349.0
2018-01-12 10:57:53.099000,31.45,31.45,31.5,14972349.0
2018-01-12 10:57:55.977000,31.45,31.45,31.5,14972349.0
2018-01-12 10:57:58.527000,31.45,31.45,31.5,14972349.0
2018-01-12 10:58:00.855000,31.45,31.45,31.5,14972349.0
2018-01-12 10:58:03.589000,31.45,31.45,31.5,14972349.0
2018-01-12 10:58:06.024000,31.45,31.45,31.5,14972349.0
2018-01-12 10:58:08.605000,31.45,31.45,31.5,14972349.0
2018-01-12 10:58:13.209000,31.45,31.45,31.5,14972349.0
2018-01-12 10:58:19.277000,31.45,31.45,31.5,14972349.0
2018-01-12 10:58:21.727000,31.45,31.45,31.5,15171849.0
2018-01-12 10:58:24.186000,31.45,31.45,31.5,15171849.0
2018-01-12 10:58:26.893000,31.45,31.45,31.5,15171849.0
2018-01-12 10:58:29.581000,31.45,31.45,31.5,15171849.0
2018-01-12 10:58:32.164000,31.45,31.45,31.5,15171849.0
2018-01-12 10:58:35.183000,31.45,31.45,31.5,15171849.0
2018-01-12 10:58:37.779000,31.45,31.45,31.5,15171849.0
2018-01-12 10:58:40.440000,31.45,31.45,31.5,15171849.0
2018-01-12 10:58:42.933000,31.45,31.45,31.5,15171849.0
2018-01-12 10:58:45.365000,31.45,31.45,31.5,15171849.0
2018-01-12 10:58:47.950000,31.45,31.45,31.5,15171849.0
2018-01-12 10:58:50.519000,31.45,31.45,31.5,15171849.0
2018-01-12 10:58:53.173000,31.45,31.45,31.5,15171849.0
2018-01-12 10:58:55.660000,31.45,31.45,31.5,15171849.0
2018-01-12 10:58:58.152000,31.45,31.45,31.5,15171849.0
2018-01-12 10:59:00.871000,31.45,31.45,31.5,15171849.0
2018-01-12 10:59:03.461000,31.45,31.45,31.5,15171849.0
2018-01-12 10:59:08.200000,31.45,31.45,31.5,15171849.0
2018-01-12 10:59:10.737000,31.45,31.45,31.5,15171849.0
2018-01-12 10:59:13.511000,31.45,31.45,31.5,15171849.0
2018-01-12 10:59:16.133000,31.45,31.45,31.5,15171849.0
2018-01-12 10:59:21.792000,31.45,31.45,31.5,15171849.0
2018-01-12 10:59:24.646000,31.45,31.45,31.5,15171849.0
2018-01-12 10:59:27.447000,31.45,31.45,31.5,15171849.0
2018-01-12 10:59:30.061000,31.45,31.45,31.5,15171849.0
2018-01-12 10:59:32.353000,31.45,31.45,31.5,15171849.0
2018-01-12 10:59:35.147000,31.45,31.45,31.5,15171849.0
2018-01-12 10:59:37.682000,31.45,31.45,31.5,15171849.0
2018-01-12 10:59:40.319000,31.45,31.45,31.5,15171849.0
2018-01-12 10:59:42.736000,31.45,31.45,31.5,15171849.0
2018-01-12 10:59:45.224000,31.45,31.45,31.5,15171849.0
2018-01-12 10:59:47.706000,31.45,31.45,31.5,15171849.0
2018-01-12 10:59:50.382000,31.45,31.45,31.5,15171849.0
2018-01-12 10:59:52.935000,31.45,31.45,31.5,15171849.0
2018-01-12 10:59:55.328000,31.45,31.45,31.5,15171849.0
2018-01-12 10:59:57.846000,31.45,31.45,31.5,15171849.0
2018-01-12 11:00:00.459000,31.45,31.45,31.5,15171849.0
2018-01-12 11:00:03.076000,31.45,31.45,31.5,15171849.0
2018-01-12 11:00:05.564000,31.45,31.45,31.5,15171849.0
2018-01-12 11:00:08.030000,31.45,31.45,31.5,15171849.0
2018-01-12 11:00:10.803000,31.45,31.45,31.5,15171849.0
2018-01-12 11:00:13.452000,31.45,31.45,31.5,15179969.0
2018-01-12 11:00:16.322000,31.45,31.45,31.5,15179969.0
2018-01-12 11:00:19.532000,31.45,31.45,31.5,15179969.0
2018-01-12 11:00:22.121000,31.45,31.45,31.5,15179969.0
2018-01-12 11:00:24.673000,31.45,31.45,31.5,15179969.0
2018-01-12 11:00:27.268000,31.45,31.45,31.5,15179969.0
2018-01-12 11:00:29.784000,31.45,31.45,31.5,15179969.0
2018-01-12 11:00:32.531000,31.45,31.45,31.5,15179969.0
2018-01-12 11:00:35.209000,31.45,31.45,31.5,15179969.0
2018-01-12 11:00:37.715000,31.45,31.45,31.5,15179969.0
2018-01-12 11:00:40.235000,31.45,31.45,31.5,15179969.0
2018-01-12 11:00:42.647000,31.45,31.45,31.5,15179969.0
2018-01-12 11:00:45.077000,31.45,31.45,31.5,15179969.0
2018-01-12 11:00:47.590000,31.45,31.45,31.5,15179969.0
2018-01-12 11:00:50.312000,31.45,31.45,31.5,15179969.0
2018-01-12 11:00:52.810000,31.45,31.45,31.5,15179969.0
2018-01-12 11:00:55.720000,31.45,31.45,31.5,15179969.0
2018-01-12 11:00:58.357000,31.45,31.45,31.5,15179969.0
2018-01-12 11:01:01.005000,31.45,31.45,31.5,15179969.0
2018-01-12 11:01:04.172000,31.45,31.45,31.5,15193969.0
2018-01-12 11:01:06.794000,31.45,31.45,31.5,15193969.0
2018-01-12 11:01:09.360000,31.45,31.45,31.5,15193969.0
2018-01-12 11:01:11.973000,31.45,31.45,31.5,15193969.0
2018-01-12 11:01:14.645000,31.45,31.45,31.5,15193969.0
2018-01-12 11:01:17.202000,31.45,31.45,31.5,15193969.0
2018-01-12 11:01:19.689000,31.45,31.45,31.5,15193969.0
2018-01-12 11:01:22.193000,31.45,31.45,31.5,15193969.0
2018-01-12 11:01:24.653000,31.45,31.45,31.5,15193969.0
2018-01-12 11:01:27.157000,31.45,31.45,31.5,15193969.0
2018-01-12 11:01:30.068000,31.45,31.45,31.5,15193969.0
2018-01-12 11:01:32.621000,31.45,31.45,31.5,15193969.0
2018-01-12 11:01:35.221000,31.45,31.45,31.5,15193969.0
2018-01-12 11:01:37.786000,31.45,31.45,31.5,15193969.0
2018-01-12 11:01:40.263000,31.45,31.45,31.5,15193969.0
2018-01-12 11:01:42.917000,31.45,31.45,31.5,15193969.0
2018-01-12 11:01:45.639000,31.45,31.45,31.5,15193969.0
2018-01-12 11:01:48.075000,31.45,31.45,31.5,15193969.0
2018-01-12 11:01:50.945000,31.45,31.45,31.5,15193969.0
2018-01-12 11:01:53.470000,31.45,31.45,31.5,15193969.0
2018-01-12 11:01:55.998000,31.45,31.45,31.5,15193969.0
2018-01-12 11:01:58.689000,31.45,31.45,31.5,15193969.0
2018-01-12 11:02:01.089000,31.45,31.45,31.5,15193969.0
2018-01-12 11:02:03.732000,31.45,31.45,31.5,15193969.0
2018-01-12 11:02:06.272000,31.45,31.45,31.5,15193969.0
2018-01-12 11:02:08.765000,31.45,31.45,31.5,15193969.0
2018-01-12 11:02:11.289000,31.45,31.45,31.5,15193969.0
2018-01-12 11:02:13.860000,31.45,31.45,31.5,15193969.0
2018-01-12 11:02:16.562000,31.45,31.45,31.5,15193969.0
2018-01-12 11:02:19.240000,31.45,31.45,31.5,15193969.0
2018-01-12 11:02:21.794000,31.45,31.45,31.5,15193969.0
2018-01-12 11:02:24.282000,31.45,31.45,31.5,15193969.0
2018-01-12 11:02:26.833000,31.45,31.45,31.5,15193969.0
2018-01-12 11:02:29.287000,31.45,31.45,31.5,15193969.0
2018-01-12 11:02:32.200000,31.45,31.45,31.5,15193969.0
2018-01-12 11:02:34.844000,31.45,31.45,31.5,15193969.0
2018-01-12 11:02:37.217000,31.45,31.45,31.5,15193969.0
2018-01-12 11:02:39.907000,31.45,31.45,31.5,15193969.0
2018-01-12 11:02:42.265000,31.45,31.45,31.5,15193969.0
2018-01-12 11:02:45.037000,31.5,31.45,31.5,15194969.0
2018-01-12 11:02:47.704000,31.5,31.45,31.5,15194969.0
2018-01-12 11:02:50.350000,31.5,31.45,31.5,15194969.0
2018-01-12 11:02:52.829000,31.5,31.45,31.5,15194969.0
2018-01-12 11:02:55.245000,31.5,31.45,31.5,15194969.0
2018-01-12 11:02:57.773000,31.5,31.45,31.5,15194969.0
2018-01-12 11:03:00.308000,31.5,31.45,31.5,15194969.0
2018-01-12 11:03:03.716000,31.5,31.45,31.5,15194969.0
2018-01-12 11:03:06.562000,31.5,31.45,31.5,15194969.0
2018-01-12 11:03:09.431000,31.5,31.45,31.5,15194969.0
2018-01-12 11:03:12.766000,31.5,31.45,31.5,15194969.0
2018-01-12 11:03:15.535000,31.5,31.45,31.5,15194969.0
2018-01-12 11:03:17.954000,31.5,31.45,31.5,15194969.0
2018-01-12 11:03:20.914000,31.5,31.45,31.5,15194969.0
2018-01-12 11:03:23.764000,31.5,31.45,31.5,15194969.0
2018-01-12 11:03:26.466000,31.5,31.45,31.5,15194969.0
2018-01-12 11:03:29.110000,31.5,31.45,31.5,15194969.0
2018-01-12 11:03:31.873000,31.5,31.45,31.5,15194969.0
2018-01-12 11:03:34.659000,31.5,31.45,31.5,15194969.0
2018-01-12 11:03:37.312000,31.5,31.45,31.5,15194969.0
2018-01-12 11:03:39.956000,31.45,31.45,31.5,15294469.0
2018-01-12 11:03:42.592000,31.45,31.45,31.5,15294469.0
2018-01-12 11:03:44.894000,31.45,31.45,31.5,15294469.0
2018-01-12 11:03:47.596000,31.45,31.45,31.5,15294469.0
2018-01-12 11:03:50.207000,31.45,31.45,31.5,15294469.0
2018-01-12 11:03:52.516000,31.45,31.45,31.5,15294469.0
2018-01-12 11:03:55.050000,31.45,31.45,31.5,15294469.0
2018-01-12 11:03:57.798000,31.45,31.45,31.5,15294469.0
2018-01-12 11:04:01.006000,31.45,31.45,31.5,15294469.0
2018-01-12 11:04:04.003000,31.45,31.45,31.5,15294469.0
2018-01-12 11:04:06.845000,31.45,31.45,31.5,15294469.0
2018-01-12 11:04:13.280000,31.45,31.45,31.5,15294469.0
2018-01-12 11:04:15.823000,31.45,31.45,31.5,15294469.0
2018-01-12 11:04:19.903000,31.45,31.45,31.5,15294469.0
2018-01-12 11:04:22.283000,31.45,31.45,31.5,15294469.0
2018-01-12 11:04:24.737000,31.45,31.45,31.5,15294469.0
2018-01-12 11:04:27.252000,31.45,31.45,31.5,15294469.0
2018-01-12 11:04:29.858000,31.45,31.45,31.5,15294469.0
2018-01-12 11:04:32.424000,31.45,31.45,31.5,15294469.0
2018-01-12 11:04:35.021000,31.45,31.45,31.5,15294469.0
2018-01-12 11:04:37.394000,31.45,31.45,31.5,15294469.0
2018-01-12 11:04:39.988000,31.45,31.45,31.5,15294469.0
2018-01-12 11:04:42.360000,31.45,31.45,31.5,15294469.0
2018-01-12 11:04:44.957000,31.45,31.45,31.5,15294469.0
2018-01-12 11:04:47.453000,31.45,31.45,31.5,15294469.0
2018-01-12 11:04:49.988000,31.45,31.45,31.5,15294469.0
2018-01-12 11:04:52.736000,31.45,31.45,31.5,15294469.0
2018-01-12 11:04:55.502000,31.45,31.45,31.5,15294469.0
2018-01-12 11:04:58.196000,31.45,31.45,31.5,15294469.0
2018-01-12 11:05:00.964000,31.45,31.45,31.5,15294469.0
2018-01-12 11:05:03.774000,31.45,31.45,31.5,15294469.0
2018-01-12 11:05:06.563000,31.45,31.45,31.5,15294469.0
2018-01-12 11:05:12.822000,31.45,31.45,31.5,15294469.0
2018-01-12 11:05:16.830000,31.45,31.45,31.5,15294469.0
2018-01-12 11:05:21.675000,31.45,31.45,31.5,15308969.0
2018-01-12 11:05:24.350000,31.45,31.45,31.5,15308969.0
2018-01-12 11:05:27.064000,31.45,31.45,31.5,15308969.0
2018-01-12 11:05:30.020000,31.45,31.45,31.5,15308969.0
2018-01-12 11:05:32.908000,31.45,31.45,31.5,15308969.0
2018-01-12 11:05:35.771000,31.45,31.45,31.5,15308969.0
2018-01-12 11:05:38.441000,31.45,31.45,31.5,15308969.0
2018-01-12 11:05:41.225000,31.45,31.45,31.5,15308969.0
2018-01-12 11:05:43.927000,31.45,31.45,31.5,15308969.0
2018-01-12 11:05:46.751000,31.45,31.45,31.5,15308969.0
2018-01-12 11:05:49.524000,31.45,31.45,31.5,15308969.0
2018-01-12 11:05:52.409000,31.45,31.45,31.5,15308969.0
2018-01-12 11:05:55.287000,31.45,31.45,31.5,15308969.0
2018-01-12 11:05:58.127000,31.45,31.45,31.5,15308969.0
2018-01-12 11:06:00.951000,31.45,31.45,31.5,15308969.0
2018-01-12 11:06:03.752000,31.45,31.45,31.5,15308969.0
2018-01-12 11:06:08.025000,31.45,31.45,31.5,15308969.0
2018-01-12 11:06:10.684000,31.45,31.45,31.5,15308969.0
2018-01-12 11:06:17.394000,31.45,31.45,31.5,15308969.0
2018-01-12 11:06:20.432000,31.45,31.45,31.5,15308969.0
2018-01-12 11:06:23.287000,31.45,31.45,31.5,15308969.0
2018-01-12 11:06:26.095000,31.45,31.45,31.5,15308969.0
