time,price,bid,ask,volume
2018-01-15 09:47:36.701000,5.19,5.19,5.2,1183200.0
2018-01-15 09:47:39.257000,5.19,5.19,5.2,1183200.0
2018-01-15 09:47:41.765000,5.19,5.19,5.2,1183200.0
2018-01-15 09:47:44.330000,5.19,5.19,5.2,1183200.0
2018-01-15 09:47:46.779000,5.19,5.19,5.2,1183200.0
2018-01-15 09:47:49.579000,5.19,5.19,5.2,1183200.0
2018-01-15 09:47:52.047000,5.19,5.19,5.2,1183200.0
2018-01-15 09:47:54.518000,5.19,5.19,5.2,1183200.0
2018-01-15 09:47:57.030000,5.19,5.19,5.2,1183200.0
2018-01-15 09:47:59.830000,5.19,5.19,5.2,1183200.0
2018-01-15 09:48:02.529000,5.19,5.19,5.2,1183200.0
2018-01-15 09:48:05.344000,5.19,5.19,5.2,1183200.0
2018-01-15 09:48:09.917000,5.19,5.18,5.2,1183200.0
2018-01-15 09:48:15.574000,5.19,5.18,5.2,1183200.0
2018-01-15 09:48:18.127000,5.19,5.18,5.2,1183200.0
2018-01-15 09:48:20.739000,5.19,5.18,5.2,1183200.0
2018-01-15 09:48:23.594000,5.19,5.18,5.2,1183200.0
2018-01-15 09:48:26.192000,5.19,5.18,5.2,1183200.0
2018-01-15 09:48:28.689000,5.19,5.18,5.2,1183200.0
2018-01-15 09:48:31.115000,5.19,5.18,5.2,1183200.0
2018-01-15 09:48:33.707000,5.19,5.18,5.2,1183200.0
2018-01-15 09:48:36.340000,5.19,5.18,5.2,1183200.0
2018-01-15 09:48:39.036000,5.19,5.18,5.2,1183200.0
2018-01-15 09:48:41.441000,5.19,5.18,5.2,1183200.0
2018-01-15 09:48:44.113000,5.19,5.18,5.2,1183200.0
2018-01-15 09:48:46.517000,5.19,5.18,5.2,1183200.0
2018-01-15 09:48:48.993000,5.19,5.18,5.2,1183200.0
2018-01-15 09:48:51.693000,5.19,5.18,5.2,1183200.0
2018-01-15 09:48:54.380000,5.19,5.18,5.2,1183200.0
2018-01-15 09:48:56.828000,5.19,5.18,5.2,1183200.0
2018-01-15 09:48:59.294000,5.19,5.18,5.2,1183200.0
2018-01-15 09:49:01.922000,5.19,5.18,5.2,1183200.0
2018-01-15 09:49:04.588000,5.19,5.18,5.2,1183200.0
2018-01-15 09:49:07.077000,5.19,5.18,5.2,1183200.0
2018-01-15 09:49:09.757000,5.19,5.18,5.2,1183200.0
2018-01-15 09:49:12.424000,5.19,5.18,5.2,1183200.0
2018-01-15 09:49:15.506000,5.19,5.18,5.2,1183200.0
2018-01-15 09:49:17.850000,5.19,5.18,5.2,1183200.0
2018-01-15 09:49:22.281000,5.19,5.18,5.2,1183200.0
2018-01-15 09:49:24.916000,5.19,5.18,5.2,1183200.0
2018-01-15 09:49:27.798000,5.19,5.18,5.2,1183200.0
2018-01-15 09:49:30.408000,5.19,5.18,5.2,1183200.0
2018-01-15 09:49:33.083000,5.19,5.18,5.2,1183200.0
2018-01-15 09:49:35.630000,5.19,5.18,5.2,1183200.0
2018-01-15 09:49:38.196000,5.19,5.18,5.2,1183200.0
2018-01-15 09:49:40.654000,5.19,5.18,5.2,1183200.0
2018-01-15 09:49:42.907000,5.18,5.18,5.19,1194600.0
2018-01-15 09:49:45.487000,5.18,5.18,5.19,1194600.0
2018-01-15 09:49:47.993000,5.18,5.18,5.19,1194600.0
2018-01-15 09:49:50.816000,5.18,5.18,5.19,1194600.0
2018-01-15 09:49:53.244000,5.18,5.18,5.19,1194600.0
2018-01-15 09:49:55.839000,5.18,5.18,5.19,1194600.0
2018-01-15 09:49:58.375000,5.18,5.18,5.19,1194600.0
2018-01-15 09:50:00.869000,5.18,5.18,5.19,1194600.0
2018-01-15 09:50:03.485000,5.18,5.18,5.19,1194600.0
2018-01-15 09:50:08.393000,5.18,5.18,5.19,1194600.0
2018-01-15 09:50:10.897000,5.18,5.18,5.19,1194600.0
2018-01-15 09:50:13.393000,5.18,5.18,5.19,1194600.0
2018-01-15 09:50:16.193000,5.18,5.18,5.19,1194600.0
2018-01-15 09:50:19.956000,5.18,5.18,5.19,1194600.0
2018-01-15 09:50:22.344000,5.18,5.18,5.19,1194600.0
2018-01-15 09:50:25.057000,5.18,5.18,5.19,1194600.0
2018-01-15 09:50:27.566000,5.18,5.18,5.19,1194600.0
2018-01-15 09:50:30.022000,5.18,5.18,5.19,1194600.0
2018-01-15 09:50:33.641000,5.18,5.18,5.19,1194600.0
2018-01-15 09:50:37.189000,5.18,5.18,5.19,1194600.0
2018-01-15 09:50:40.271000,5.18,5.18,5.19,1194600.0
2018-01-15 09:50:43.757000,5.18,5.18,5.19,1194600.0
2018-01-15 09:50:47.048000,5.18,5.18,5.19,1194600.0
2018-01-15 09:50:50.248000,5.18,5.18,5.19,1194600.0
2018-01-15 09:50:53.988000,5.18,5.18,5.19,1194600.0
2018-01-15 09:50:58.950000,5.18,5.18,5.19,1204600.0
2018-01-15 09:51:03.008000,5.18,5.18,5.19,1204600.0
2018-01-15 09:51:09.990000,5.18,5.18,5.19,1204600.0
2018-01-15 09:51:13.725000,5.18,5.18,5.19,1204600.0
2018-01-15 09:51:20.741000,5.18,5.18,5.19,1204600.0
2018-01-15 09:51:24.545000,5.18,5.18,5.19,1204600.0
2018-01-15 09:51:27.849000,5.18,5.18,5.19,1204600.0
2018-01-15 09:51:31.088000,5.18,5.18,5.19,1204600.0
2018-01-15 09:51:34.209000,5.18,5.18,5.19,1204600.0
2018-01-15 09:51:37.627000,5.18,5.18,5.19,1204600.0
2018-01-15 09:51:41.003000,5.18,5.18,5.19,1204600.0
2018-01-15 09:51:44.335000,5.18,5.18,5.19,1204600.0
2018-01-15 09:51:47.441000,5.18,5.18,5.19,1204600.0
2018-01-15 09:51:50.414000,5.18,5.18,5.19,1204600.0
2018-01-15 09:51:53.796000,5.18,5.18,5.19,1204600.0
2018-01-15 09:51:56.823000,5.18,5.18,5.19,1204600.0
2018-01-15 09:51:59.929000,5.18,5.18,5.19,1204600.0
2018-01-15 09:52:04.476000,5.18,5.18,5.19,1204600.0
2018-01-15 09:52:08.752000,5.18,5.18,5.19,1204600.0
2018-01-15 09:52:12.008000,5.18,5.18,5.19,1204600.0
2018-01-15 09:52:15.143000,5.18,5.18,5.19,1204600.0
2018-01-15 09:52:18.972000,5.18,5.18,5.19,1204600.0
2018-01-15 09:52:24.262000,5.18,5.18,5.19,1224600.0
2018-01-15 09:52:27.350000,5.18,5.18,5.19,1224600.0
2018-01-15 09:52:30.351000,5.18,5.18,5.19,1224600.0
2018-01-15 09:52:33.485000,5.18,5.18,5.19,1224600.0
2018-01-15 09:52:36.589000,5.18,5.18,5.19,1224600.0
2018-01-15 09:52:40.129000,5.18,5.18,5.19,1224600.0
2018-01-15 09:52:42.968000,5.18,5.18,5.19,1224600.0
2018-01-15 09:52:45.997000,5.18,5.18,5.19,1224600.0
2018-01-15 09:52:49,5.18,5.18,5.19,1224600.0
2018-01-15 09:52:52.300000,5.18,5.18,5.19,1224600.0
2018-01-15 09:52:55.399000,5.18,5.18,5.19,1224600.0
2018-01-15 09:52:58.417000,5.18,5.18,5.19,1224600.0
2018-01-15 09:53:01.314000,5.18,5.18,5.19,1224600.0
2018-01-15 09:53:04.373000,5.18,5.18,5.19,1224600.0
2018-01-15 09:53:09.368000,5.18,5.18,5.19,1224600.0
2018-01-15 09:53:12.307000,5.18,5.18,5.19,1224600.0
2018-01-15 09:53:15.454000,5.18,5.18,5.19,1224600.0
2018-01-15 09:53:21.819000,5.18,5.18,5.19,1224600.0
2018-01-15 09:53:24.910000,5.18,5.18,5.19,1224600.0
2018-01-15 09:53:27.941000,5.18,5.18,5.19,1224600.0
2018-01-15 09:53:31.066000,5.18,5.18,5.19,1224600.0
2018-01-15 09:53:34.388000,5.18,5.18,5.19,1224600.0
2018-01-15 09:53:37.477000,5.18,5.18,5.19,1224600.0
2018-01-15 09:53:40.573000,5.18,5.18,5.19,1224600.0
2018-01-15 09:53:43.762000,5.18,5.18,5.19,1224600.0
2018-01-15 09:53:47.174000,5.18,5.18,5.2,1224600.0
2018-01-15 09:53:50.230000,5.18,5.18,5.2,1224600.0
2018-01-15 09:53:53.182000,5.19,5.18,5.19,1444600.0
2018-01-15 09:53:56.052000,5.19,5.18,5.19,1444600.0
2018-01-15 09:53:59.074000,5.19,5.18,5.19,1444600.0
2018-01-15 09:54:02.530000,5.19,5.18,5.19,1444600.0
2018-01-15 09:54:07.570000,5.19,5.18,5.19,1444600.0
2018-01-15 09:54:10.824000,5.19,5.18,5.19,1444600.0
2018-01-15 09:54:15.221000,5.19,5.18,5.19,1444600.0
2018-01-15 09:54:21.129000,5.19,5.18,5.19,1444600.0
2018-01-15 09:54:24.267000,5.19,5.18,5.19,1444600.0
2018-01-15 09:54:27.410000,5.19,5.18,5.19,1444600.0
2018-01-15 09:54:30.637000,5.19,5.18,5.19,1444600.0
2018-01-15 09:54:33.803000,5.19,5.18,5.19,1444600.0
2018-01-15 09:54:36.849000,5.19,5.18,5.19,1444600.0
2018-01-15 09:54:39.769000,5.19,5.18,5.19,1444600.0
2018-01-15 09:54:43.059000,5.19,5.18,5.19,1444600.0
2018-01-15 09:54:46.001000,5.19,5.18,5.19,1444600.0
2018-01-15 09:54:48.999000,5.19,5.18,5.19,1444600.0
2018-01-15 09:54:52.243000,5.19,5.18,5.19,1444600.0
2018-01-15 09:54:55.148000,5.19,5.18,5.19,1444600.0
2018-01-15 09:54:58.235000,5.19,5.18,5.19,1444600.0
2018-01-15 09:55:01.537000,5.19,5.18,5.19,1444600.0
2018-01-15 09:55:04.762000,5.19,5.18,5.19,1444600.0
2018-01-15 09:55:08.076000,5.19,5.18,5.19,1444600.0
2018-01-15 09:55:11.064000,5.19,5.18,5.19,1444600.0
2018-01-15 09:55:14.172000,5.19,5.18,5.19,1444600.0
2018-01-15 09:55:17.318000,5.19,5.18,5.19,1444600.0
2018-01-15 09:55:20.469000,5.19,5.19,5.2,1459600.0
2018-01-15 09:55:24.071000,5.19,5.19,5.2,1459600.0
2018-01-15 09:55:26.872000,5.19,5.19,5.2,1459600.0
2018-01-15 09:55:29.956000,5.19,5.19,5.2,1459600.0
2018-01-15 09:55:32.831000,5.19,5.19,5.2,1459600.0
2018-01-15 09:55:35.796000,5.19,5.19,5.2,1459600.0
2018-01-15 09:55:39.014000,5.19,5.19,5.2,1459600.0
2018-01-15 09:55:42.170000,5.19,5.18,5.19,1530600.0
2018-01-15 09:55:45.202000,5.19,5.18,5.19,1530600.0
2018-01-15 09:55:48.473000,5.19,5.18,5.19,1530600.0
2018-01-15 09:55:51.254000,5.19,5.18,5.19,1530600.0
2018-01-15 09:55:54.384000,5.19,5.18,5.19,1530600.0
2018-01-15 09:55:57.413000,5.19,5.18,5.19,1530600.0
2018-01-15 09:56:00.522000,5.19,5.18,5.19,1530600.0
2018-01-15 09:56:03.626000,5.19,5.18,5.19,1530600.0
2018-01-15 09:56:07.576000,5.19,5.18,5.19,1530600.0
2018-01-15 09:56:10.541000,5.19,5.18,5.19,1530600.0
2018-01-15 09:56:13.463000,5.19,5.18,5.19,1530600.0
2018-01-15 09:56:16.582000,5.19,5.18,5.19,1530600.0
2018-01-15 09:56:21.158000,5.19,5.18,5.19,1530600.0
2018-01-15 09:56:24.235000,5.19,5.18,5.19,1530600.0
2018-01-15 09:56:27.259000,5.19,5.18,5.19,1530600.0
2018-01-15 09:56:30.369000,5.19,5.18,5.19,1530600.0
2018-01-15 09:56:33.520000,5.19,5.18,5.19,1530600.0
2018-01-15 09:56:36.645000,5.19,5.18,5.19,1530600.0
2018-01-15 09:56:39.645000,5.19,5.18,5.19,1530600.0
2018-01-15 09:56:42.723000,5.19,5.18,5.19,1530600.0
2018-01-15 09:56:46.049000,5.19,5.18,5.19,1530600.0
2018-01-15 09:56:49.114000,5.19,5.18,5.19,1530600.0
2018-01-15 09:56:52.419000,5.19,5.18,5.19,1531500.0
2018-01-15 09:56:55.203000,5.19,5.18,5.19,1531500.0
2018-01-15 09:56:58.165000,5.19,5.18,5.19,1531500.0
2018-01-15 09:57:01.366000,5.19,5.18,5.19,1531500.0
2018-01-15 09:57:04.648000,5.19,5.18,5.19,1531500.0
2018-01-15 09:57:07.389000,5.19,5.18,5.19,1531500.0
2018-01-15 09:57:10.226000,5.19,5.18,5.19,1531500.0
2018-01-15 09:57:12.956000,5.19,5.18,5.19,1531500.0
2018-01-15 09:57:15.601000,5.19,5.18,5.19,1531500.0
2018-01-15 09:57:21.740000,5.19,5.18,5.19,1531500.0
2018-01-15 09:57:24.646000,5.19,5.18,5.19,1531500.0
2018-01-15 09:57:27.553000,5.19,5.18,5.19,1531500.0
2018-01-15 09:57:31.016000,5.19,5.18,5.19,1531500.0
2018-01-15 09:57:33.728000,5.19,5.18,5.19,1531500.0
2018-01-15 09:57:36.466000,5.19,5.18,5.19,1531500.0
2018-01-15 09:57:39.446000,5.19,5.18,5.19,1531500.0
2018-01-15 09:57:42.508000,5.19,5.18,5.2,1531500.0
2018-01-15 09:57:45.586000,5.19,5.18,5.2,1531500.0
2018-01-15 09:57:48.475000,5.19,5.18,5.2,1531500.0
2018-01-15 09:57:51.649000,5.19,5.18,5.2,1531500.0
2018-01-15 09:57:54.734000,5.19,5.19,5.2,1531500.0
2018-01-15 09:57:57.797000,5.19,5.19,5.2,1531500.0
2018-01-15 09:58:00.808000,5.19,5.19,5.2,1531500.0
2018-01-15 09:58:03.931000,5.19,5.19,5.2,1531500.0
2018-01-15 09:58:06.868000,5.19,5.19,5.2,1531500.0
2018-01-15 09:58:11.882000,5.19,5.19,5.2,1531500.0
2018-01-15 09:58:17.324000,5.19,5.19,5.2,1531500.0
2018-01-15 09:58:21.955000,5.19,5.19,5.2,1531500.0
2018-01-15 09:58:25.023000,5.19,5.19,5.2,1531500.0
2018-01-15 09:58:28.405000,5.19,5.19,5.2,1531500.0
2018-01-15 09:58:31.406000,5.19,5.19,5.2,1531500.0
2018-01-15 09:58:34.318000,5.19,5.19,5.2,1531500.0
2018-01-15 09:58:37.431000,5.19,5.19,5.2,1531500.0
2018-01-15 09:58:40.366000,5.19,5.19,5.2,1531500.0
2018-01-15 09:58:43.578000,5.19,5.19,5.2,1531500.0
2018-01-15 09:58:46.469000,5.19,5.19,5.2,1531500.0
2018-01-15 09:58:49.588000,5.19,5.19,5.2,1531500.0
2018-01-15 09:58:52.364000,5.19,5.19,5.2,1531500.0
2018-01-15 09:58:55.087000,5.19,5.19,5.2,1531500.0
2018-01-15 09:58:58.259000,5.19,5.19,5.2,1531500.0
2018-01-15 09:59:01.263000,5.19,5.19,5.2,1531500.0
2018-01-15 09:59:04.633000,5.19,5.19,5.2,1531500.0
2018-01-15 09:59:07.501000,5.19,5.19,5.2,1531500.0
2018-01-15 09:59:10.727000,5.19,5.19,5.2,1531500.0
2018-01-15 09:59:13.697000,5.19,5.19,5.2,1531500.0
2018-01-15 09:59:16.859000,5.19,5.19,5.2,1531500.0
2018-01-15 09:59:20.236000,5.19,5.19,5.2,1531500.0
2018-01-15 09:59:23.473000,5.19,5.19,5.2,1531500.0
2018-01-15 09:59:26.471000,5.19,5.19,5.2,1531500.0
2018-01-15 09:59:29.339000,5.19,5.18,5.19,1541500.0
2018-01-15 09:59:32.365000,5.19,5.18,5.19,1541500.0
2018-01-15 09:59:35.269000,5.19,5.18,5.19,1541500.0
2018-01-15 09:59:38.269000,5.19,5.18,5.19,1541500.0
2018-01-15 09:59:41.537000,5.19,5.18,5.19,1541500.0
2018-01-15 09:59:44.550000,5.19,5.18,5.19,1541500.0
2018-01-15 09:59:47.571000,5.19,5.18,5.19,1541500.0
2018-01-15 09:59:50.638000,5.19,5.18,5.2,1541500.0
2018-01-15 09:59:53.743000,5.19,5.18,5.2,1541500.0
2018-01-15 09:59:56.497000,5.19,5.18,5.2,1541500.0
2018-01-15 09:59:59.657000,5.19,5.18,5.2,1541500.0
2018-01-15 10:00:02.624000,5.19,5.18,5.2,1541500.0
2018-01-15 10:00:08.999000,5.19,5.18,5.2,1541500.0
2018-01-15 10:00:11.808000,5.19,5.18,5.2,1541500.0
2018-01-15 10:00:15.853000,5.19,5.18,5.2,1541500.0
2018-01-15 10:00:21.378000,5.19,5.18,5.2,1541500.0
2018-01-15 10:00:24.183000,5.19,5.18,5.2,1541500.0
2018-01-15 10:00:27.198000,5.19,5.18,5.2,1541500.0
2018-01-15 10:00:30.263000,5.19,5.18,5.2,1541500.0
2018-01-15 10:00:33.255000,5.19,5.18,5.2,1541500.0
2018-01-15 10:00:36.319000,5.19,5.18,5.2,1541500.0
2018-01-15 10:00:39.596000,5.19,5.18,5.2,1541500.0
2018-01-15 10:00:42.872000,5.19,5.18,5.2,1541500.0
2018-01-15 10:00:46.097000,5.19,5.19,5.2,1541500.0
2018-01-15 10:00:49.187000,5.19,5.19,5.2,1541500.0
2018-01-15 10:00:52.428000,5.19,5.19,5.2,1541500.0
2018-01-15 10:00:55.800000,5.19,5.19,5.2,1541500.0
2018-01-15 10:00:58.605000,5.19,5.19,5.2,1541500.0
2018-01-15 10:01:01.609000,5.19,5.19,5.2,1541500.0
2018-01-15 10:01:05.057000,5.19,5.19,5.2,1541500.0
2018-01-15 10:01:09.919000,5.19,5.19,5.2,1541500.0
2018-01-15 10:01:15.022000,5.19,5.19,5.2,1541500.0
2018-01-15 10:01:21.408000,5.19,5.19,5.2,1541500.0
2018-01-15 10:01:24.231000,5.19,5.19,5.2,1541500.0
2018-01-15 10:01:27.243000,5.19,5.19,5.2,1541500.0
2018-01-15 10:01:30.335000,5.19,5.19,5.2,1541500.0
2018-01-15 10:01:33.256000,5.19,5.19,5.2,1541500.0
2018-01-15 10:01:36.231000,5.19,5.19,5.2,1541500.0
2018-01-15 10:01:39.381000,5.19,5.19,5.2,1541500.0
2018-01-15 10:01:42.567000,5.19,5.19,5.2,1541500.0
2018-01-15 10:01:45.603000,5.19,5.19,5.2,1541500.0
2018-01-15 10:01:48.412000,5.19,5.19,5.2,1541500.0
2018-01-15 10:01:51.412000,5.19,5.19,5.2,1541500.0
2018-01-15 10:01:54.320000,5.19,5.19,5.2,1541500.0
2018-01-15 10:01:57.258000,5.19,5.19,5.2,1541500.0
2018-01-15 10:02:00.086000,5.19,5.19,5.2,1541500.0
2018-01-15 10:02:03.045000,5.19,5.19,5.2,1541500.0
2018-01-15 10:02:05.929000,5.19,5.19,5.2,1541500.0
2018-01-15 10:02:09.377000,5.19,5.19,5.2,1541500.0
2018-01-15 10:02:12.925000,5.19,5.19,5.2,1541500.0
2018-01-15 10:02:17.031000,5.19,5.19,5.2,1541500.0
2018-01-15 10:02:20.722000,5.19,5.19,5.2,1541500.0
2018-01-15 10:02:24.549000,5.19,5.19,5.2,1541500.0
2018-01-15 10:02:28.256000,5.19,5.19,5.2,1541500.0
2018-01-15 10:02:32.147000,5.19,5.19,5.2,1541500.0
2018-01-15 10:02:35.783000,5.19,5.19,5.2,1541500.0
2018-01-15 10:02:39.787000,5.19,5.19,5.2,1541500.0
2018-01-15 10:02:45.061000,5.19,5.19,5.2,1541500.0
2018-01-15 10:02:48.851000,5.19,5.19,5.2,1541500.0
2018-01-15 10:02:52.962000,5.19,5.19,5.2,1541500.0
2018-01-15 10:02:56.864000,5.19,5.19,5.2,1541500.0
2018-01-15 10:03:00.557000,5.19,5.19,5.2,1541500.0
2018-01-15 10:03:04.426000,5.19,5.19,5.2,1541500.0
2018-01-15 10:03:10.404000,5.19,5.19,5.2,1541500.0
2018-01-15 10:03:15,5.19,5.19,5.2,1541500.0
2018-01-15 10:03:20.328000,5.19,5.19,5.2,1541500.0
2018-01-15 10:03:24.525000,5.19,5.19,5.2,1541500.0
2018-01-15 10:03:28.264000,5.19,5.19,5.2,1541500.0
2018-01-15 10:03:32.140000,5.19,5.19,5.2,1541500.0
2018-01-15 10:03:36.161000,5.19,5.19,5.2,1541500.0
2018-01-15 10:03:40.251000,5.2,5.18,5.2,1599500.0
2018-01-15 10:03:44.386000,5.2,5.18,5.2,1599500.0
2018-01-15 10:03:48.345000,5.2,5.18,5.2,1599500.0
2018-01-15 10:03:52.164000,5.2,5.18,5.2,1599500.0
2018-01-15 10:03:56.555000,5.2,5.18,5.2,1599500.0
2018-01-15 10:04:00.477000,5.2,5.18,5.2,1599500.0
2018-01-15 10:04:04.784000,5.2,5.18,5.2,1599500.0
2018-01-15 10:04:08.516000,5.2,5.18,5.2,1599500.0
2018-01-15 10:04:14.920000,5.2,5.18,5.2,1599500.0
2018-01-15 10:04:19.255000,5.2,5.18,5.2,1599500.0
2018-01-15 10:04:23.084000,5.2,5.18,5.2,1599500.0
2018-01-15 10:04:27.212000,5.2,5.18,5.2,1599500.0
2018-01-15 10:04:31.218000,5.2,5.18,5.2,1599500.0
2018-01-15 10:04:35.090000,5.2,5.18,5.2,1599500.0
2018-01-15 10:04:39.083000,5.2,5.18,5.2,1599500.0
2018-01-15 10:04:43.132000,5.2,5.18,5.2,1599500.0
2018-01-15 10:04:47.439000,5.2,5.18,5.2,1599500.0
2018-01-15 10:04:52.009000,5.2,5.18,5.2,1599500.0
2018-01-15 10:04:56.565000,5.2,5.18,5.2,1599500.0
2018-01-15 10:04:59.426000,5.2,5.18,5.2,1599500.0
2018-01-15 10:05:02.364000,5.2,5.18,5.2,1599500.0
2018-01-15 10:05:05.167000,5.2,5.18,5.2,1599500.0
2018-01-15 10:05:08.224000,5.2,5.18,5.2,1599500.0
2018-01-15 10:05:15.550000,5.2,5.18,5.2,1599500.0
2018-01-15 10:05:21.689000,5.2,5.18,5.2,1599500.0
2018-01-15 10:05:25.012000,5.2,5.18,5.2,1599500.0
2018-01-15 10:05:28.136000,5.2,5.18,5.2,1599500.0
2018-01-15 10:05:31.252000,5.2,5.18,5.2,1599500.0
2018-01-15 10:05:34.444000,5.2,5.18,5.2,1599500.0
2018-01-15 10:05:37.435000,5.2,5.18,5.2,1599500.0
2018-01-15 10:05:40.473000,5.2,5.18,5.2,1599500.0
2018-01-15 10:05:43.501000,5.2,5.18,5.2,1599500.0
2018-01-15 10:05:46.497000,5.2,5.18,5.2,1599500.0
2018-01-15 10:05:49.701000,5.2,5.18,5.2,1599500.0
2018-01-15 10:05:53.186000,5.2,5.18,5.2,1599500.0
2018-01-15 10:05:56.107000,5.2,5.18,5.2,1599500.0
2018-01-15 10:05:59.127000,5.2,5.18,5.2,1599500.0
2018-01-15 10:06:01.976000,5.2,5.18,5.2,1599500.0
2018-01-15 10:06:05.043000,5.2,5.18,5.2,1599500.0
2018-01-15 10:06:08.366000,5.2,5.18,5.2,1599500.0
2018-01-15 10:06:11.721000,5.2,5.18,5.2,1599500.0
2018-01-15 10:06:14.515000,5.2,5.18,5.2,1599500.0
2018-01-15 10:06:17.661000,5.2,5.18,5.2,1599500.0
2018-01-15 10:06:20.695000,5.19,5.19,5.2,1671500.0
2018-01-15 10:06:23.820000,5.19,5.19,5.2,1671500.0
2018-01-15 10:06:26.753000,5.19,5.19,5.2,1671500.0
2018-01-15 10:06:29.791000,5.19,5.19,5.2,1671500.0
2018-01-15 10:06:34.226000,5.19,5.19,5.2,1671500.0
2018-01-15 10:06:37.895000,5.19,5.19,5.2,1671500.0
2018-01-15 10:06:42.947000,5.19,5.19,5.2,1671500.0
2018-01-15 10:06:47.097000,5.19,5.19,5.2,1671500.0
2018-01-15 10:06:50.975000,5.19,5.19,5.2,1671500.0
2018-01-15 10:06:54.821000,5.19,5.19,5.2,1671500.0
2018-01-15 10:06:59.811000,5.19,5.19,5.2,1671500.0
2018-01-15 10:07:04.130000,5.19,5.19,5.2,1671500.0
2018-01-15 10:07:11.051000,5.19,5.19,5.2,1671500.0
2018-01-15 10:07:14.764000,5.19,5.19,5.2,1671500.0
2018-01-15 10:07:20.502000,5.19,5.19,5.2,1671500.0
2018-01-15 10:07:24.217000,5.19,5.19,5.2,1671500.0
2018-01-15 10:07:28.110000,5.19,5.19,5.2,1671500.0
2018-01-15 10:07:32.650000,5.19,5.19,5.2,1671500.0
2018-01-15 10:07:36.334000,5.19,5.19,5.2,1671500.0
2018-01-15 10:07:39.954000,5.19,5.19,5.2,1671500.0
2018-01-15 10:07:43.941000,5.19,5.19,5.2,1671500.0
2018-01-15 10:07:47.677000,5.19,5.19,5.2,1671500.0
2018-01-15 10:07:51.513000,5.19,5.19,5.2,1671500.0
2018-01-15 10:07:55.424000,5.19,5.19,5.2,1671500.0
2018-01-15 10:07:59.333000,5.19,5.19,5.2,1671500.0
2018-01-15 10:08:03.267000,5.19,5.19,5.2,1671500.0
2018-01-15 10:08:06.906000,5.19,5.19,5.2,1671500.0
2018-01-15 10:08:11.092000,5.19,5.19,5.2,1671500.0
2018-01-15 10:08:14.849000,5.19,5.19,5.2,1671500.0
2018-01-15 10:08:19.057000,5.19,5.19,5.2,1671500.0
2018-01-15 10:08:22.564000,5.19,5.19,5.2,1671500.0
2018-01-15 10:08:26.499000,5.19,5.19,5.2,1671500.0
2018-01-15 10:08:29.308000,5.19,5.19,5.2,1671500.0
2018-01-15 10:08:32.944000,5.19,5.19,5.2,1671500.0
2018-01-15 10:08:36.152000,5.19,5.19,5.2,1671500.0
2018-01-15 10:08:39.412000,5.19,5.19,5.2,1671500.0
2018-01-15 10:08:42.972000,5.2,5.19,5.2,1781100.0
2018-01-15 10:08:46.956000,5.2,5.19,5.2,1781100.0
2018-01-15 10:08:50.216000,5.2,5.19,5.2,1781100.0
2018-01-15 10:08:54.003000,5.2,5.19,5.2,1781100.0
2018-01-15 10:08:57.253000,5.2,5.19,5.2,1781100.0
2018-01-15 10:09:00.505000,5.2,5.19,5.2,1781100.0
2018-01-15 10:09:04.883000,5.2,5.19,5.2,1781100.0
2018-01-15 10:09:08.290000,5.2,5.19,5.2,1781100.0
2018-01-15 10:09:12.502000,5.2,5.19,5.2,1781100.0
2018-01-15 10:09:16.358000,5.2,5.18,5.2,1781100.0
2018-01-15 10:09:19.842000,5.2,5.18,5.2,1781100.0
2018-01-15 10:09:23.150000,5.2,5.18,5.2,1781100.0
2018-01-15 10:09:25.798000,5.2,5.18,5.2,1781100.0
2018-01-15 10:09:28.467000,5.2,5.18,5.2,1781100.0
2018-01-15 10:09:30.710000,5.2,5.18,5.2,1781100.0
2018-01-15 10:09:34.042000,5.2,5.18,5.2,1781100.0
2018-01-15 10:09:37.510000,5.2,5.18,5.2,1781100.0
2018-01-15 10:09:40.902000,5.2,5.18,5.2,1781100.0
2018-01-15 10:09:44.175000,5.2,5.18,5.2,1781100.0
2018-01-15 10:09:47.426000,5.2,5.18,5.2,1781100.0
2018-01-15 10:09:50.704000,5.2,5.18,5.2,1781100.0
2018-01-15 10:09:53.988000,5.2,5.18,5.2,1781100.0
2018-01-15 10:09:57.441000,5.2,5.18,5.2,1781100.0
2018-01-15 10:10:01.319000,5.2,5.18,5.2,1781100.0
2018-01-15 10:10:05.239000,5.2,5.18,5.2,1781100.0
2018-01-15 10:10:08.549000,5.2,5.18,5.2,1781100.0
2018-01-15 10:10:11.839000,5.2,5.18,5.2,1781100.0
2018-01-15 10:10:15.373000,5.2,5.18,5.2,1781100.0
2018-01-15 10:10:19.463000,5.2,5.18,5.2,1781100.0
2018-01-15 10:10:23.051000,5.2,5.18,5.2,1781100.0
2018-01-15 10:10:28.324000,5.2,5.18,5.2,1781100.0
2018-01-15 10:10:32.427000,5.2,5.18,5.2,1781100.0
2018-01-15 10:10:36.903000,5.2,5.18,5.2,1781100.0
2018-01-15 10:10:41.496000,5.2,5.18,5.2,1781100.0
2018-01-15 10:10:45.664000,5.2,5.18,5.2,1781100.0
2018-01-15 10:10:49.546000,5.2,5.18,5.2,1781100.0
2018-01-15 10:10:53.996000,5.2,5.18,5.2,1781100.0
2018-01-15 10:10:58.385000,5.2,5.18,5.2,1781100.0
2018-01-15 10:11:03,5.2,5.18,5.2,1781100.0
2018-01-15 10:11:09.244000,5.19,5.18,5.19,1781100.0
2018-01-15 10:11:14.556000,5.19,5.18,5.19,1781100.0
2018-01-15 10:11:20.232000,5.19,5.18,5.19,1781100.0
2018-01-15 10:11:24.834000,5.19,5.18,5.19,1781100.0
2018-01-15 10:11:29.446000,5.19,5.18,5.19,1781100.0
2018-01-15 10:11:33.436000,5.19,5.18,5.19,1781100.0
2018-01-15 10:11:37.437000,5.19,5.18,5.19,1781100.0
2018-01-15 10:11:41.921000,5.19,5.18,5.19,1781100.0
2018-01-15 10:11:46.362000,5.19,5.18,5.19,1781100.0
2018-01-15 10:11:50.263000,5.19,5.18,5.19,1781100.0
2018-01-15 10:11:54.154000,5.19,5.18,5.19,1781100.0
2018-01-15 10:11:58.354000,5.19,5.18,5.19,1781100.0
2018-01-15 10:12:02.613000,5.19,5.18,5.19,1781100.0
2018-01-15 10:12:09.303000,5.19,5.18,5.19,1781100.0
2018-01-15 10:12:13.156000,5.19,5.18,5.19,1781100.0
2018-01-15 10:12:16.736000,5.19,5.18,5.19,1781100.0
2018-01-15 10:12:21.181000,5.19,5.18,5.19,1781100.0
2018-01-15 10:12:24.603000,5.19,5.18,5.19,1781100.0
2018-01-15 10:12:27.680000,5.19,5.18,5.19,1781100.0
2018-01-15 10:12:30.795000,5.19,5.18,5.19,1781100.0
2018-01-15 10:12:33.885000,5.19,5.18,5.19,1781100.0
2018-01-15 10:12:36.824000,5.19,5.18,5.19,1781100.0
2018-01-15 10:12:40.367000,5.19,5.18,5.19,1781100.0
2018-01-15 10:12:43.297000,5.19,5.18,5.19,1781100.0
2018-01-15 10:12:46.834000,5.19,5.18,5.19,1781100.0
2018-01-15 10:12:50.010000,5.19,5.18,5.19,1781100.0
2018-01-15 10:12:53.075000,5.19,5.18,5.19,1781100.0
2018-01-15 10:12:56.104000,5.19,5.18,5.19,1781100.0
2018-01-15 10:12:59.055000,5.19,5.18,5.19,1781100.0
2018-01-15 10:13:02.026000,5.19,5.18,5.19,1781100.0
2018-01-15 10:13:05.159000,5.19,5.18,5.19,1781100.0
2018-01-15 10:13:07.994000,5.19,5.18,5.19,1781100.0
2018-01-15 10:13:11.173000,5.19,5.18,5.19,1781100.0
2018-01-15 10:13:14.224000,5.19,5.18,5.19,1781100.0
2018-01-15 10:13:17.263000,5.19,5.18,5.19,1781100.0
2018-01-15 10:13:19.958000,5.19,5.18,5.19,1781100.0
2018-01-15 10:13:22.903000,5.19,5.18,5.19,1781100.0
2018-01-15 10:13:26.089000,5.19,5.18,5.19,1781100.0
2018-01-15 10:13:28.993000,5.19,5.18,5.19,1781100.0
2018-01-15 10:13:31.870000,5.19,5.18,5.19,1781100.0
2018-01-15 10:13:35.170000,5.19,5.18,5.19,1781100.0
2018-01-15 10:13:38.282000,5.19,5.18,5.19,1781100.0
2018-01-15 10:13:41.462000,5.19,5.18,5.19,1781100.0
2018-01-15 10:13:44.613000,5.19,5.18,5.19,1781100.0
2018-01-15 10:13:47.521000,5.19,5.18,5.19,1781100.0
2018-01-15 10:13:50.655000,5.19,5.18,5.19,1781100.0
2018-01-15 10:13:53.523000,5.19,5.18,5.19,1781100.0
2018-01-15 10:13:56.674000,5.19,5.18,5.19,1781100.0
2018-01-15 10:13:59.795000,5.19,5.18,5.19,1781100.0
2018-01-15 10:14:02.866000,5.19,5.18,5.19,1781100.0
2018-01-15 10:14:05.846000,5.19,5.18,5.19,1781100.0
2018-01-15 10:14:09.009000,5.19,5.18,5.19,1781100.0
2018-01-15 10:14:14.164000,5.19,5.18,5.19,1781100.0
2018-01-15 10:14:17.165000,5.19,5.18,5.19,1781100.0
2018-01-15 10:14:20.823000,5.19,5.18,5.19,1781100.0
2018-01-15 10:14:23.903000,5.19,5.18,5.19,1781100.0
2018-01-15 10:14:26.945000,5.19,5.18,5.19,1781100.0
2018-01-15 10:14:29.861000,5.19,5.18,5.19,1781100.0
2018-01-15 10:14:32.765000,5.19,5.18,5.19,1781100.0
2018-01-15 10:14:35.687000,5.19,5.18,5.19,1781100.0
2018-01-15 10:14:39.007000,5.19,5.18,5.19,1781100.0
2018-01-15 10:14:41.896000,5.19,5.18,5.19,1781100.0
2018-01-15 10:14:44.913000,5.19,5.18,5.19,1781100.0
2018-01-15 10:14:47.760000,5.19,5.18,5.19,1781100.0
2018-01-15 10:14:50.821000,5.19,5.18,5.19,1781100.0
2018-01-15 10:14:53.750000,5.19,5.18,5.19,1781100.0
2018-01-15 10:14:56.743000,5.19,5.18,5.19,1781100.0
2018-01-15 10:14:59.763000,5.19,5.18,5.19,1781100.0
2018-01-15 10:15:02.895000,5.19,5.18,5.19,1781100.0
2018-01-15 10:15:05.958000,5.19,5.18,5.19,1781100.0
2018-01-15 10:15:13.500000,5.19,5.18,5.19,1781100.0
2018-01-15 10:15:16.567000,5.19,5.18,5.19,1781100.0
2018-01-15 10:15:19.483000,5.19,5.18,5.19,1781100.0
2018-01-15 10:15:24.391000,5.19,5.18,5.19,1781100.0
2018-01-15 10:15:27.379000,5.19,5.18,5.19,1781100.0
2018-01-15 10:15:30.451000,5.19,5.18,5.19,1781100.0
2018-01-15 10:15:33.426000,5.19,5.18,5.19,1781100.0
2018-01-15 10:15:36.521000,5.19,5.18,5.19,1781100.0
2018-01-15 10:15:39.770000,5.19,5.18,5.19,1781100.0
2018-01-15 10:15:42.669000,5.19,5.18,5.19,1781100.0
2018-01-15 10:15:45.694000,5.19,5.18,5.19,1781100.0
2018-01-15 10:15:48.994000,5.19,5.18,5.19,1781100.0
2018-01-15 10:15:52.188000,5.19,5.18,5.19,1781100.0
2018-01-15 10:15:55.562000,5.19,5.18,5.19,1781100.0
2018-01-15 10:15:58.988000,5.19,5.18,5.19,1781100.0
2018-01-15 10:16:03.309000,5.19,5.18,5.19,1781100.0
2018-01-15 10:16:06.633000,5.19,5.18,5.19,1781100.0
2018-01-15 10:16:09.995000,5.19,5.18,5.19,1781100.0
2018-01-15 10:16:13.594000,5.19,5.18,5.19,1781100.0
2018-01-15 10:16:16.609000,5.19,5.18,5.19,1781100.0
2018-01-15 10:16:19.425000,5.19,5.18,5.19,1781100.0
2018-01-15 10:16:22.526000,5.19,5.18,5.19,1781100.0
2018-01-15 10:16:25.524000,5.19,5.18,5.19,1781100.0
2018-01-15 10:16:28.398000,5.19,5.18,5.19,1781100.0
2018-01-15 10:16:31.565000,5.18,5.18,5.19,1794400.0
2018-01-15 10:16:34.474000,5.18,5.18,5.19,1794400.0
2018-01-15 10:16:37.540000,5.18,5.18,5.19,1794400.0
2018-01-15 10:16:40.600000,5.18,5.18,5.19,1794400.0
2018-01-15 10:16:43.744000,5.18,5.18,5.19,1794400.0
2018-01-15 10:16:46.676000,5.18,5.18,5.19,1794400.0
2018-01-15 10:16:49.694000,5.18,5.18,5.19,1794400.0
2018-01-15 10:16:52.628000,5.18,5.18,5.19,1794400.0
2018-01-15 10:16:55.633000,5.18,5.18,5.19,1794400.0
2018-01-15 10:16:58.547000,5.18,5.18,5.19,1794400.0
2018-01-15 10:17:01.537000,5.18,5.18,5.19,1794400.0
2018-01-15 10:17:04.264000,5.18,5.18,5.19,1794400.0
2018-01-15 10:17:07.632000,5.18,5.18,5.19,1794400.0
2018-01-15 10:17:10.659000,5.18,5.18,5.19,1794400.0
2018-01-15 10:17:14.824000,5.18,5.18,5.19,1794400.0
2018-01-15 10:17:19.958000,5.18,5.18,5.19,1794400.0
2018-01-15 10:17:22.811000,5.18,5.18,5.19,1794400.0
2018-01-15 10:17:26.735000,5.18,5.18,5.19,1794400.0
2018-01-15 10:17:29.960000,5.18,5.18,5.19,1794400.0
2018-01-15 10:17:32.839000,5.18,5.18,5.19,1794400.0
2018-01-15 10:17:35.634000,5.18,5.18,5.19,1794400.0
2018-01-15 10:17:38.439000,5.18,5.18,5.19,1794400.0
2018-01-15 10:17:41.436000,5.18,5.18,5.19,1794400.0
2018-01-15 10:17:44.409000,5.18,5.18,5.19,1794400.0
2018-01-15 10:17:47.278000,5.18,5.18,5.19,1794400.0
2018-01-15 10:17:50.264000,5.18,5.18,5.19,1794400.0
2018-01-15 10:17:52.903000,5.18,5.18,5.19,1794400.0
2018-01-15 10:17:56.472000,5.18,5.18,5.19,1794400.0
2018-01-15 10:17:59.486000,5.18,5.18,5.19,1794400.0
2018-01-15 10:18:02.584000,5.18,5.18,5.19,1794400.0
2018-01-15 10:18:05.465000,5.18,5.18,5.19,1794400.0
2018-01-15 10:18:08.308000,5.18,5.18,5.19,1794400.0
2018-01-15 10:18:11.464000,5.18,5.18,5.19,1794400.0
2018-01-15 10:18:14.278000,5.18,5.18,5.19,1794400.0
2018-01-15 10:18:19.130000,5.18,5.18,5.19,1794400.0
2018-01-15 10:18:22.235000,5.18,5.18,5.19,1794400.0
2018-01-15 10:18:25.422000,5.18,5.18,5.19,1794400.0
2018-01-15 10:18:28.330000,5.18,5.18,5.19,1794400.0
2018-01-15 10:18:31.091000,5.18,5.18,5.19,1794400.0
2018-01-15 10:18:33.895000,5.18,5.18,5.19,1794400.0
2018-01-15 10:18:36.685000,5.18,5.18,5.19,1794400.0
2018-01-15 10:18:39.537000,5.18,5.18,5.19,1794400.0
2018-01-15 10:18:42.572000,5.18,5.18,5.19,1794400.0
2018-01-15 10:18:45.482000,5.19,5.18,5.19,1811600.0
2018-01-15 10:18:48.459000,5.19,5.18,5.19,1811600.0
2018-01-15 10:18:51.582000,5.19,5.18,5.19,1811600.0
2018-01-15 10:18:54.367000,5.19,5.18,5.19,1811600.0
2018-01-15 10:18:58.204000,5.19,5.18,5.19,1811600.0
2018-01-15 10:19:01.384000,5.19,5.18,5.19,1811600.0
2018-01-15 10:19:04.240000,5.19,5.18,5.19,1811600.0
2018-01-15 10:19:09.919000,5.19,5.18,5.19,1811600.0
2018-01-15 10:19:12.952000,5.19,5.18,5.19,1811600.0
2018-01-15 10:19:16.055000,5.19,5.18,5.19,1811600.0
2018-01-15 10:19:19.028000,5.19,5.18,5.19,1811600.0
2018-01-15 10:19:22.103000,5.19,5.18,5.19,1811600.0
2018-01-15 10:19:25.178000,5.19,5.18,5.19,1811600.0
2018-01-15 10:19:28.118000,5.19,5.18,5.19,1811600.0
2018-01-15 10:19:31.027000,5.19,5.18,5.19,1811600.0
2018-01-15 10:19:34.298000,5.19,5.18,5.2,1890400.0
2018-01-15 10:19:37.362000,5.19,5.18,5.2,1890400.0
2018-01-15 10:19:40.239000,5.19,5.18,5.2,1890400.0
2018-01-15 10:19:43.420000,5.19,5.18,5.2,1890400.0
2018-01-15 10:19:46.691000,5.19,5.18,5.2,1890400.0
2018-01-15 10:19:49.868000,5.19,5.18,5.2,1890400.0
2018-01-15 10:19:53.055000,5.19,5.18,5.2,1890400.0
2018-01-15 10:19:56.228000,5.19,5.18,5.2,1890400.0
2018-01-15 10:19:59.147000,5.19,5.18,5.2,1890400.0
2018-01-15 10:20:02.091000,5.19,5.18,5.2,1890400.0
2018-01-15 10:20:05.501000,5.19,5.18,5.2,1890400.0
2018-01-15 10:20:08.423000,5.19,5.18,5.2,1890400.0
2018-01-15 10:20:11.406000,5.19,5.18,5.2,1890400.0
2018-01-15 10:20:14.375000,5.19,5.18,5.2,1890400.0
2018-01-15 10:20:19.867000,5.19,5.18,5.2,1890400.0
2018-01-15 10:20:22.988000,5.19,5.18,5.2,1890400.0
2018-01-15 10:20:25.927000,5.19,5.18,5.2,1890400.0
2018-01-15 10:20:28.971000,5.19,5.18,5.2,1890400.0
2018-01-15 10:20:32.287000,5.19,5.18,5.2,1890400.0
2018-01-15 10:20:35.391000,5.19,5.18,5.19,1890400.0
2018-01-15 10:20:38.186000,5.19,5.18,5.19,1890400.0
2018-01-15 10:20:41.262000,5.19,5.18,5.19,1890400.0
2018-01-15 10:20:44.327000,5.19,5.18,5.19,1890400.0
2018-01-15 10:20:47.201000,5.19,5.18,5.19,1890400.0
2018-01-15 10:20:50.111000,5.19,5.18,5.19,1890400.0
2018-01-15 10:20:53.321000,5.19,5.18,5.19,1890400.0
2018-01-15 10:20:56.323000,5.19,5.18,5.19,1890400.0
2018-01-15 10:20:59.207000,5.19,5.18,5.19,1890400.0
2018-01-15 10:21:02.110000,5.19,5.18,5.19,1890400.0
2018-01-15 10:21:05.110000,5.19,5.18,5.19,1890400.0
2018-01-15 10:21:07.946000,5.19,5.18,5.19,1890400.0
2018-01-15 10:21:11.002000,5.19,5.18,5.19,1890400.0
2018-01-15 10:21:13.943000,5.19,5.18,5.19,1890400.0
2018-01-15 10:21:17.292000,5.19,5.18,5.19,1890400.0
2018-01-15 10:21:21.957000,5.19,5.18,5.19,1890400.0
2018-01-15 10:21:25.062000,5.19,5.18,5.19,1890400.0
2018-01-15 10:21:28.211000,5.19,5.18,5.19,1890400.0
2018-01-15 10:21:31.451000,5.19,5.18,5.19,1890400.0
2018-01-15 10:21:34.391000,5.19,5.18,5.19,1890400.0
2018-01-15 10:21:37.371000,5.19,5.18,5.19,1890400.0
2018-01-15 10:21:40.407000,5.19,5.18,5.19,1890400.0
2018-01-15 10:21:43.781000,5.19,5.18,5.19,1890400.0
2018-01-15 10:21:46.748000,5.19,5.18,5.19,1890400.0
2018-01-15 10:21:49.760000,5.19,5.18,5.19,1890400.0
2018-01-15 10:21:52.902000,5.19,5.18,5.19,1890400.0
2018-01-15 10:21:55.934000,5.19,5.18,5.19,1890400.0
2018-01-15 10:21:58.880000,5.19,5.18,5.19,1890400.0
2018-01-15 10:22:02.022000,5.19,5.18,5.19,1890400.0
2018-01-15 10:22:05.036000,5.19,5.18,5.19,1890400.0
2018-01-15 10:22:07.783000,5.19,5.18,5.19,1890400.0
2018-01-15 10:22:10.847000,5.19,5.18,5.19,1890400.0
2018-01-15 10:22:13.900000,5.19,5.18,5.19,1890400.0
2018-01-15 10:22:20.624000,5.19,5.18,5.19,1890400.0
2018-01-15 10:22:23.531000,5.19,5.18,5.2,1900400.0
2018-01-15 10:22:26.591000,5.19,5.18,5.2,1900400.0
2018-01-15 10:22:29.743000,5.19,5.18,5.2,1900400.0
2018-01-15 10:22:32.808000,5.19,5.18,5.2,1900400.0
2018-01-15 10:22:35.777000,5.19,5.18,5.2,1900400.0
2018-01-15 10:22:38.866000,5.19,5.18,5.2,1900400.0
2018-01-15 10:22:41.900000,5.19,5.18,5.2,1900400.0
2018-01-15 10:22:44.993000,5.19,5.18,5.2,1900400.0
2018-01-15 10:22:48.100000,5.19,5.18,5.2,1900400.0
2018-01-15 10:22:51.348000,5.19,5.18,5.2,1900400.0
2018-01-15 10:22:54.355000,5.19,5.18,5.2,1900400.0
2018-01-15 10:22:57.280000,5.19,5.18,5.2,1900400.0
2018-01-15 10:23:00.343000,5.19,5.18,5.2,1900400.0
2018-01-15 10:23:03.180000,5.19,5.18,5.2,1900400.0
2018-01-15 10:23:06.227000,5.19,5.18,5.2,1900400.0
2018-01-15 10:23:09.052000,5.19,5.18,5.2,1900400.0
2018-01-15 10:23:12.538000,5.19,5.18,5.2,1900400.0
2018-01-15 10:23:15.801000,5.19,5.18,5.2,1900400.0
2018-01-15 10:23:18.834000,5.19,5.18,5.2,1900400.0
2018-01-15 10:23:21.563000,5.19,5.18,5.2,1900400.0
2018-01-15 10:23:24.168000,5.19,5.18,5.2,1900400.0
2018-01-15 10:23:27.448000,5.19,5.18,5.2,1900400.0
2018-01-15 10:23:30.775000,5.19,5.18,5.2,1900400.0
2018-01-15 10:23:35.567000,5.19,5.18,5.2,1900400.0
2018-01-15 10:23:38.548000,5.19,5.18,5.2,1900400.0
2018-01-15 10:23:41.840000,5.19,5.18,5.2,1900400.0
2018-01-15 10:23:44.650000,5.19,5.18,5.2,1900400.0
2018-01-15 10:23:47.545000,5.19,5.18,5.2,1900400.0
2018-01-15 10:23:50.476000,5.19,5.18,5.2,1900400.0
2018-01-15 10:23:53.246000,5.19,5.18,5.2,1900400.0
2018-01-15 10:23:56.266000,5.19,5.18,5.2,1900400.0
2018-01-15 10:23:59.246000,5.19,5.18,5.2,1900400.0
2018-01-15 10:24:03.763000,5.19,5.18,5.2,1900400.0
2018-01-15 10:24:06.673000,5.19,5.18,5.2,1900400.0
2018-01-15 10:24:09.511000,5.19,5.18,5.2,1900400.0
2018-01-15 10:24:12.598000,5.19,5.18,5.2,1900400.0
2018-01-15 10:24:15.468000,5.19,5.18,5.2,1900400.0
2018-01-15 10:24:18.495000,5.19,5.18,5.2,1900400.0
2018-01-15 10:24:21.345000,5.19,5.18,5.2,1900400.0
2018-01-15 10:24:24.261000,5.19,5.18,5.2,1900400.0
2018-01-15 10:24:27.258000,5.19,5.18,5.2,1900400.0
2018-01-15 10:24:30.045000,5.19,5.18,5.2,1900400.0
2018-01-15 10:24:33.076000,5.19,5.18,5.2,1900400.0
2018-01-15 10:24:35.925000,5.19,5.18,5.2,1900400.0
2018-01-15 10:24:38.868000,5.19,5.18,5.2,1900400.0
2018-01-15 10:24:41.998000,5.19,5.18,5.2,1900400.0
2018-01-15 10:24:45.117000,5.19,5.18,5.2,1900400.0
2018-01-15 10:24:47.953000,5.19,5.18,5.2,1900400.0
2018-01-15 10:24:50.823000,5.19,5.19,5.2,1901400.0
2018-01-15 10:24:53.785000,5.19,5.19,5.2,1901400.0
2018-01-15 10:24:56.655000,5.19,5.19,5.2,1901400.0
2018-01-15 10:24:59.777000,5.19,5.19,5.2,1901400.0
2018-01-15 10:25:02.698000,5.19,5.19,5.2,1901400.0
2018-01-15 10:25:05.803000,5.19,5.19,5.2,1901400.0
2018-01-15 10:25:08.723000,5.19,5.19,5.2,1901400.0
2018-01-15 10:25:11.727000,5.19,5.19,5.2,1901400.0
2018-01-15 10:25:14.625000,5.19,5.19,5.2,1901400.0
2018-01-15 10:25:21.553000,5.19,5.19,5.2,1901400.0
2018-01-15 10:25:24.865000,5.19,5.19,5.2,1901400.0
2018-01-15 10:25:27.718000,5.19,5.19,5.2,1901400.0
2018-01-15 10:25:30.466000,5.19,5.19,5.2,1901400.0
2018-01-15 10:25:33.377000,5.19,5.19,5.2,1901400.0
2018-01-15 10:25:36.418000,5.19,5.19,5.2,1901400.0
2018-01-15 10:25:39.582000,5.19,5.19,5.2,1901400.0
2018-01-15 10:25:42.987000,5.19,5.19,5.2,1901400.0
2018-01-15 10:25:45.889000,5.19,5.19,5.2,1901400.0
2018-01-15 10:25:48.869000,5.19,5.19,5.2,1901400.0
2018-01-15 10:25:52.045000,5.19,5.19,5.2,1901400.0
2018-01-15 10:25:54.794000,5.19,5.19,5.2,1901400.0
2018-01-15 10:25:57.667000,5.19,5.19,5.2,1901400.0
2018-01-15 10:26:00.357000,5.19,5.19,5.2,1901400.0
2018-01-15 10:26:03.293000,5.19,5.19,5.2,1901400.0
2018-01-15 10:26:06.501000,5.19,5.19,5.2,1901400.0
2018-01-15 10:26:09.469000,5.19,5.19,5.2,1901400.0
2018-01-15 10:26:14.007000,5.19,5.19,5.2,1901400.0
2018-01-15 10:26:16.782000,5.19,5.19,5.2,1901400.0
2018-01-15 10:26:19.583000,5.19,5.19,5.2,1901400.0
2018-01-15 10:26:22.679000,5.19,5.19,5.2,1901400.0
2018-01-15 10:26:25.774000,5.19,5.19,5.2,1901400.0
2018-01-15 10:26:28.902000,5.19,5.19,5.2,1901400.0
2018-01-15 10:26:31.929000,5.19,5.19,5.2,1901400.0
2018-01-15 10:26:34.908000,5.19,5.19,5.2,1901400.0
2018-01-15 10:26:37.948000,5.19,5.19,5.2,1901400.0
2018-01-15 10:26:41.001000,5.19,5.19,5.2,1901400.0
2018-01-15 10:26:43.906000,5.19,5.19,5.2,1901400.0
2018-01-15 10:26:46.942000,5.19,5.19,5.2,1901400.0
2018-01-15 10:26:49.941000,5.19,5.19,5.2,1901400.0
2018-01-15 10:26:52.790000,5.19,5.19,5.2,1901400.0
2018-01-15 10:26:55.698000,5.19,5.19,5.2,1901400.0
2018-01-15 10:26:58.624000,5.19,5.19,5.2,1901400.0
2018-01-15 10:27:01.467000,5.19,5.19,5.2,1901400.0
2018-01-15 10:27:04.155000,5.19,5.19,5.2,1901400.0
2018-01-15 10:27:10.883000,5.19,5.19,5.2,1901400.0
2018-01-15 10:27:13.505000,5.19,5.19,5.2,1901400.0
2018-01-15 10:27:16.231000,5.19,5.19,5.2,1901400.0
2018-01-15 10:27:21.869000,5.19,5.19,5.2,1901400.0
2018-01-15 10:27:24.874000,5.19,5.19,5.2,1901400.0
2018-01-15 10:27:27.800000,5.19,5.19,5.2,1901400.0
2018-01-15 10:27:30.835000,5.19,5.19,5.2,1901400.0
2018-01-15 10:27:33.979000,5.19,5.19,5.2,1901400.0
2018-01-15 10:27:37.071000,5.19,5.19,5.2,1901400.0
2018-01-15 10:27:39.859000,5.19,5.19,5.2,1901400.0
2018-01-15 10:27:42.919000,5.19,5.19,5.2,1901400.0
2018-01-15 10:27:45.791000,5.19,5.19,5.2,1901400.0
2018-01-15 10:27:48.529000,5.19,5.19,5.2,1901400.0
2018-01-15 10:27:51.742000,5.19,5.19,5.2,1901400.0
2018-01-15 10:27:54.548000,5.19,5.19,5.2,1901400.0
2018-01-15 10:27:57.362000,5.19,5.19,5.2,1901400.0
2018-01-15 10:28:00.377000,5.19,5.19,5.2,1901400.0
2018-01-15 10:28:03.390000,5.19,5.19,5.2,1901400.0
2018-01-15 10:28:06.305000,5.19,5.19,5.2,1901400.0
2018-01-15 10:28:10.384000,5.19,5.18,5.2,1901400.0
2018-01-15 10:28:13.275000,5.19,5.18,5.2,1901400.0
2018-01-15 10:28:16.019000,5.19,5.18,5.2,1901400.0
2018-01-15 10:28:19.339000,5.19,5.18,5.2,1901400.0
2018-01-15 10:28:22.262000,5.19,5.18,5.2,1901400.0
2018-01-15 10:28:25.269000,5.19,5.18,5.2,1901400.0
2018-01-15 10:28:28.197000,5.19,5.18,5.2,1901400.0
2018-01-15 10:28:30.901000,5.19,5.18,5.2,1901400.0
2018-01-15 10:28:33.682000,5.19,5.18,5.2,1901400.0
2018-01-15 10:28:36.544000,5.19,5.18,5.2,1901400.0
2018-01-15 10:28:39.488000,5.19,5.18,5.2,1901400.0
2018-01-15 10:28:42.512000,5.19,5.18,5.2,1901400.0
2018-01-15 10:28:45.362000,5.19,5.18,5.2,1901400.0
2018-01-15 10:28:47.893000,5.19,5.18,5.2,1901400.0
2018-01-15 10:28:50.698000,5.19,5.18,5.2,1901400.0
2018-01-15 10:28:53.812000,5.19,5.18,5.2,1901400.0
2018-01-15 10:28:56.750000,5.19,5.18,5.2,1901400.0
2018-01-15 10:28:59.905000,5.19,5.18,5.2,1901400.0
2018-01-15 10:29:02.873000,5.19,5.18,5.2,1901400.0
2018-01-15 10:29:09.714000,5.19,5.18,5.2,1901400.0
2018-01-15 10:29:12.500000,5.19,5.18,5.2,1901400.0
2018-01-15 10:29:19.948000,5.19,5.18,5.2,1901400.0
2018-01-15 10:29:22.890000,5.19,5.18,5.2,1901400.0
2018-01-15 10:29:25.870000,5.19,5.18,5.2,1901400.0
2018-01-15 10:29:28.735000,5.19,5.18,5.2,1901400.0
2018-01-15 10:29:31.703000,5.19,5.18,5.2,1901400.0
2018-01-15 10:29:34.699000,5.19,5.18,5.2,1901400.0
2018-01-15 10:29:37.825000,5.19,5.18,5.2,1901400.0
2018-01-15 10:29:41.313000,5.19,5.18,5.2,1901400.0
2018-01-15 10:29:44.335000,5.19,5.18,5.2,1901400.0
2018-01-15 10:29:47.334000,5.19,5.18,5.2,1901400.0
2018-01-15 10:29:50.358000,5.19,5.18,5.2,1901400.0
2018-01-15 10:29:53.210000,5.19,5.18,5.2,1901400.0
2018-01-15 10:29:56.156000,5.19,5.18,5.2,1901400.0
2018-01-15 10:29:59.224000,5.19,5.18,5.2,1901400.0
2018-01-15 10:30:02.481000,5.19,5.18,5.2,1901400.0
2018-01-15 10:30:05.357000,5.19,5.18,5.2,1901400.0
2018-01-15 10:30:08.032000,5.19,5.19,5.2,1916400.0
2018-01-15 10:30:11.240000,5.19,5.19,5.2,1916400.0
2018-01-15 10:30:15.804000,5.19,5.19,5.2,1916400.0
2018-01-15 10:30:19.369000,5.19,5.19,5.2,1916400.0
2018-01-15 10:30:22.354000,5.19,5.19,5.2,1916400.0
2018-01-15 10:30:25.399000,5.19,5.19,5.2,1916400.0
2018-01-15 10:30:28.195000,5.19,5.19,5.2,1916400.0
2018-01-15 10:30:31.192000,5.19,5.19,5.2,1916400.0
2018-01-15 10:30:34.289000,5.19,5.19,5.2,1916400.0
2018-01-15 10:30:37.492000,5.19,5.19,5.2,1916400.0
2018-01-15 10:30:43.440000,5.19,5.19,5.2,1916400.0
2018-01-15 10:30:46.581000,5.19,5.19,5.2,2116400.0
2018-01-15 10:30:49.712000,5.19,5.19,5.2,2116400.0
2018-01-15 10:30:52.853000,5.19,5.19,5.2,2116400.0
2018-01-15 10:30:55.876000,5.19,5.19,5.2,2116400.0
2018-01-15 10:30:58.763000,5.19,5.19,5.2,2116400.0
2018-01-15 10:31:02.136000,5.19,5.19,5.2,2116400.0
2018-01-15 10:31:05.429000,5.19,5.19,5.2,2116400.0
2018-01-15 10:31:08.577000,5.19,5.19,5.2,2116400.0
2018-01-15 10:31:11.869000,5.19,5.19,5.2,2116400.0
2018-01-15 10:31:14.752000,5.19,5.19,5.2,2116400.0
2018-01-15 10:31:21.754000,5.19,5.19,5.2,2116400.0
2018-01-15 10:31:24.833000,5.19,5.19,5.2,2116400.0
2018-01-15 10:31:27.719000,5.19,5.19,5.2,2116400.0
2018-01-15 10:31:30.890000,5.19,5.19,5.2,2116400.0
2018-01-15 10:31:33.748000,5.19,5.19,5.2,2116400.0
2018-01-15 10:31:36.814000,5.19,5.19,5.2,2116400.0
2018-01-15 10:31:39.901000,5.19,5.19,5.2,2116400.0
2018-01-15 10:31:42.758000,5.19,5.19,5.2,2116400.0
2018-01-15 10:31:45.579000,5.19,5.19,5.2,2116400.0
2018-01-15 10:31:48.569000,5.19,5.19,5.2,2116400.0
2018-01-15 10:31:51.576000,5.19,5.19,5.2,2116400.0
2018-01-15 10:31:54.659000,5.19,5.19,5.2,2116400.0
2018-01-15 10:31:57.444000,5.19,5.19,5.2,2116400.0
2018-01-15 10:32:00.474000,5.19,5.19,5.2,2116400.0
2018-01-15 10:32:04.565000,5.19,5.19,5.2,2116400.0
2018-01-15 10:32:07.313000,5.19,5.19,5.2,2116400.0
2018-01-15 10:32:13.946000,5.19,5.19,5.2,2116400.0
2018-01-15 10:32:16.703000,5.19,5.19,5.2,2116400.0
2018-01-15 10:32:19.552000,5.19,5.19,5.2,2116400.0
2018-01-15 10:32:22.408000,5.19,5.19,5.2,2116400.0
2018-01-15 10:32:25.406000,5.19,5.19,5.2,2116400.0
2018-01-15 10:32:28.206000,5.19,5.19,5.2,2116400.0
2018-01-15 10:32:31.251000,5.19,5.19,5.2,2116400.0
2018-01-15 10:32:34.108000,5.19,5.19,5.2,2116400.0
2018-01-15 10:32:36.969000,5.19,5.19,5.2,2116400.0
2018-01-15 10:32:40.059000,5.19,5.19,5.2,2116400.0
2018-01-15 10:32:43.283000,5.19,5.19,5.2,2116400.0
2018-01-15 10:32:46.310000,5.19,5.19,5.2,2116400.0
2018-01-15 10:32:49.320000,5.19,5.19,5.2,2116400.0
2018-01-15 10:32:52.191000,5.19,5.19,5.2,2116400.0
2018-01-15 10:32:55.221000,5.19,5.19,5.2,2116400.0
2018-01-15 10:32:58.072000,5.19,5.19,5.2,2116400.0
2018-01-15 10:33:01.119000,5.19,5.19,5.2,2116400.0
2018-01-15 10:33:03.894000,5.19,5.19,5.2,2116400.0
2018-01-15 10:33:08.128000,5.19,5.19,5.2,2116400.0
2018-01-15 10:33:11.099000,5.19,5.19,5.2,2116400.0
2018-01-15 10:33:14.032000,5.19,5.19,5.2,2116400.0
2018-01-15 10:33:17.849000,5.19,5.19,5.2,2116400.0
2018-01-15 10:33:20.836000,5.19,5.18,5.2,2116400.0
2018-01-15 10:33:23.739000,5.19,5.18,5.2,2116400.0
2018-01-15 10:33:26.702000,5.19,5.18,5.2,2116400.0
2018-01-15 10:33:29.453000,5.19,5.18,5.2,2116400.0
2018-01-15 10:33:32.230000,5.19,5.18,5.2,2116400.0
2018-01-15 10:33:35.277000,5.19,5.18,5.2,2116400.0
2018-01-15 10:33:38.311000,5.19,5.18,5.2,2116400.0
2018-01-15 10:33:41.125000,,,,
2018-01-15 10:33:44.036000,5.19,5.18,5.2,2116400.0
2018-01-15 10:33:46.942000,5.19,5.18,5.2,2116400.0
2018-01-15 10:33:50.031000,5.19,5.18,5.2,2116400.0
2018-01-15 10:33:52.984000,5.19,5.18,5.2,2116400.0
2018-01-15 10:33:56.227000,5.19,5.18,5.2,2116400.0
2018-01-15 10:33:59.303000,5.19,5.18,5.2,2116400.0
2018-01-15 10:34:02.338000,5.19,5.18,5.2,2116400.0
2018-01-15 10:34:05.257000,5.19,5.18,5.2,2116400.0
2018-01-15 10:34:10.104000,5.19,5.18,5.2,2116400.0
2018-01-15 10:34:13.045000,5.19,5.18,5.2,2116400.0
2018-01-15 10:34:16.136000,5.19,5.18,5.2,2116400.0
2018-01-15 10:34:23.604000,5.19,5.18,5.2,2116400.0
2018-01-15 10:34:26.463000,5.19,5.18,5.2,2116400.0
2018-01-15 10:34:29.534000,5.19,5.18,5.2,2116400.0
2018-01-15 10:34:32.454000,5.19,5.18,5.2,2116400.0
2018-01-15 10:34:35.317000,5.19,5.18,5.2,2116400.0
2018-01-15 10:34:38.050000,5.19,5.18,5.2,2116400.0
2018-01-15 10:34:41.158000,5.19,5.18,5.2,2116400.0
2018-01-15 10:34:44.032000,5.19,5.18,5.2,2116400.0
2018-01-15 10:34:46.857000,5.19,5.18,5.2,2116400.0
2018-01-15 10:34:49.990000,5.19,5.18,5.19,2128400.0
2018-01-15 10:34:53.091000,5.19,5.18,5.19,2128400.0
2018-01-15 10:34:56.007000,5.19,5.18,5.19,2128400.0
2018-01-15 10:34:58.852000,5.19,5.18,5.19,2128400.0
2018-01-15 10:35:01.663000,5.19,5.18,5.19,2128400.0
2018-01-15 10:35:04.675000,5.19,5.18,5.19,2128400.0
2018-01-15 10:35:07.677000,5.19,5.18,5.19,2128400.0
2018-01-15 10:35:10.628000,5.19,5.18,5.19,2128400.0
2018-01-15 10:35:13.675000,5.19,5.18,5.19,2128400.0
2018-01-15 10:35:18.442000,5.19,5.18,5.19,2128400.0
2018-01-15 10:35:21.716000,5.19,5.18,5.19,2128400.0
2018-01-15 10:35:24.631000,5.19,5.18,5.19,2128400.0
2018-01-15 10:35:27.841000,5.19,5.18,5.19,2128400.0
2018-01-15 10:35:30.774000,5.19,5.18,5.19,2128400.0
2018-01-15 10:35:33.700000,5.19,5.18,5.19,2128400.0
2018-01-15 10:35:36.565000,5.19,5.18,5.19,2128400.0
2018-01-15 10:35:39.596000,5.19,5.18,5.19,2128400.0
2018-01-15 10:35:42.629000,5.19,5.18,5.19,2128400.0
2018-01-15 10:35:45.652000,5.19,5.18,5.19,2128400.0
2018-01-15 10:35:48.521000,5.19,5.18,5.19,2128400.0
2018-01-15 10:35:51.449000,5.19,5.18,5.19,2128400.0
2018-01-15 10:35:54.266000,5.19,5.18,5.19,2128400.0
2018-01-15 10:35:57.223000,5.19,5.18,5.19,2128400.0
2018-01-15 10:36:00.188000,5.19,5.18,5.19,2128400.0
2018-01-15 10:36:03.153000,5.19,5.18,5.19,2128400.0
2018-01-15 10:36:09.853000,5.19,5.18,5.19,2128400.0
2018-01-15 10:36:16.766000,5.19,5.18,5.19,2128400.0
2018-01-15 10:36:20.939000,5.19,5.18,5.19,2128400.0
2018-01-15 10:36:23.909000,5.19,5.18,5.19,2128400.0
2018-01-15 10:36:26.635000,5.19,5.18,5.19,2128400.0
2018-01-15 10:36:29.664000,5.19,5.18,5.19,2128400.0
2018-01-15 10:36:32.563000,5.19,5.18,5.19,2128400.0
2018-01-15 10:36:35.490000,5.19,5.18,5.19,2128400.0
2018-01-15 10:36:38.381000,5.19,5.18,5.19,2128400.0
2018-01-15 10:36:41.311000,5.19,5.18,5.19,2128400.0
2018-01-15 10:36:44.278000,5.19,5.18,5.19,2128400.0
2018-01-15 10:36:47.218000,5.19,5.18,5.19,2128400.0
2018-01-15 10:36:50.365000,5.19,5.18,5.19,2128400.0
2018-01-15 10:36:53.276000,5.19,5.18,5.19,2164400.0
2018-01-15 10:36:56.129000,5.19,5.18,5.19,2164400.0
2018-01-15 10:36:59.130000,5.19,5.18,5.19,2164400.0
2018-01-15 10:37:02.098000,5.19,5.19,5.2,2164400.0
2018-01-15 10:37:05.154000,5.19,5.19,5.2,2164400.0
2018-01-15 10:37:08.428000,5.19,5.19,5.2,2164400.0
2018-01-15 10:37:12.131000,5.19,5.19,5.2,2164400.0
2018-01-15 10:37:15.115000,5.19,5.19,5.2,2164400.0
2018-01-15 10:37:18.874000,5.19,5.19,5.2,2164400.0
2018-01-15 10:37:21.841000,5.19,5.19,5.2,2164400.0
2018-01-15 10:37:24.805000,5.19,5.19,5.2,2164400.0
2018-01-15 10:37:27.629000,5.19,5.19,5.2,2164400.0
2018-01-15 10:37:30.689000,5.19,5.18,5.2,2164400.0
2018-01-15 10:37:33.517000,5.19,5.18,5.2,2164400.0
2018-01-15 10:37:36.401000,5.19,5.18,5.2,2164400.0
2018-01-15 10:37:39.256000,5.19,5.18,5.2,2164400.0
2018-01-15 10:37:42.057000,5.19,5.18,5.2,2164400.0
2018-01-15 10:37:44.772000,5.19,5.18,5.2,2164400.0
2018-01-15 10:37:47.682000,5.19,5.18,5.2,2164400.0
2018-01-15 10:37:50.458000,5.19,5.18,5.2,2164400.0
2018-01-15 10:37:53.259000,5.19,5.18,5.2,2164400.0
2018-01-15 10:37:56.068000,5.19,5.18,5.2,2164400.0
2018-01-15 10:37:58.875000,5.19,5.18,5.2,2164400.0
2018-01-15 10:38:01.570000,5.19,5.18,5.2,2164400.0
2018-01-15 10:38:04.470000,5.19,5.18,5.2,2164400.0
2018-01-15 10:38:09.513000,5.19,5.18,5.2,2164400.0
2018-01-15 10:38:13.264000,5.19,5.18,5.2,2164400.0
2018-01-15 10:38:16.275000,5.19,5.18,5.2,2164400.0
2018-01-15 10:38:19.083000,5.19,5.18,5.2,2164400.0
2018-01-15 10:38:21.928000,5.19,5.18,5.2,2164400.0
2018-01-15 10:38:24.930000,5.19,5.18,5.2,2164400.0
2018-01-15 10:38:27.789000,5.19,5.18,5.2,2164400.0
2018-01-15 10:38:30.673000,5.19,5.18,5.2,2164400.0
2018-01-15 10:38:33.485000,5.19,5.18,5.2,2164400.0
2018-01-15 10:38:36.250000,5.19,5.18,5.2,2164400.0
2018-01-15 10:38:39.119000,5.19,5.18,5.2,2164400.0
2018-01-15 10:38:42.146000,5.19,5.18,5.2,2164400.0
2018-01-15 10:38:45.167000,5.19,5.18,5.2,2164400.0
2018-01-15 10:38:48.088000,5.19,5.18,5.2,2164400.0
2018-01-15 10:38:51.002000,5.19,5.18,5.2,2164400.0
2018-01-15 10:38:53.972000,5.19,5.18,5.2,2164400.0
2018-01-15 10:38:56.822000,5.19,5.18,5.2,2164400.0
2018-01-15 10:38:59.739000,5.19,5.18,5.2,2164400.0
2018-01-15 10:39:02.795000,5.19,5.18,5.2,2164400.0
2018-01-15 10:39:08.376000,5.19,5.18,5.2,2164400.0
2018-01-15 10:39:11.446000,5.19,5.18,5.2,2164400.0
2018-01-15 10:39:14.611000,5.19,5.18,5.2,2164400.0
2018-01-15 10:39:17.566000,5.19,5.18,5.2,2164400.0
2018-01-15 10:39:20.351000,5.19,5.18,5.19,2164600.0
2018-01-15 10:39:23.287000,5.19,5.18,5.19,2164600.0
2018-01-15 10:39:26.308000,5.19,5.18,5.19,2164600.0
2018-01-15 10:39:29.160000,5.19,5.18,5.19,2164600.0
2018-01-15 10:39:31.925000,5.19,5.18,5.19,2164600.0
2018-01-15 10:39:34.953000,5.19,5.18,5.19,2164600.0
2018-01-15 10:39:37.892000,5.19,5.18,5.19,2164600.0
2018-01-15 10:39:40.800000,5.19,5.18,5.19,2164600.0
2018-01-15 10:39:43.687000,5.19,5.18,5.19,2164600.0
2018-01-15 10:39:46.517000,5.19,5.18,5.19,2164600.0
2018-01-15 10:39:49.411000,5.19,5.18,5.19,2164600.0
2018-01-15 10:39:52.202000,5.19,5.18,5.19,2164600.0
2018-01-15 10:39:54.911000,5.19,5.18,5.19,2164600.0
2018-01-15 10:39:57.738000,5.19,5.18,5.19,2164600.0
2018-01-15 10:40:00.930000,5.19,5.18,5.19,2164600.0
2018-01-15 10:40:03.795000,5.19,5.18,5.19,2164600.0
2018-01-15 10:40:06.693000,5.19,5.18,5.19,2164600.0
2018-01-15 10:40:10.850000,5.19,5.18,5.19,2164600.0
2018-01-15 10:40:13.798000,5.19,5.18,5.19,2164600.0
2018-01-15 10:40:18.486000,5.19,5.18,5.19,2164600.0
2018-01-15 10:40:21.378000,5.19,5.18,5.19,2164600.0
2018-01-15 10:40:24.157000,5.19,5.18,5.19,2164600.0
2018-01-15 10:40:27.123000,5.19,5.18,5.19,2164600.0
2018-01-15 10:40:30.229000,5.19,5.18,5.19,2164600.0
2018-01-15 10:40:33.122000,5.19,5.18,5.19,2164600.0
2018-01-15 10:40:35.997000,5.19,5.18,5.19,2164600.0
2018-01-15 10:40:38.835000,5.19,5.18,5.19,2164600.0
2018-01-15 10:40:41.610000,5.19,5.18,5.19,2164600.0
2018-01-15 10:40:44.911000,5.19,5.18,5.19,2164600.0
2018-01-15 10:40:47.786000,5.19,5.18,5.19,2164600.0
2018-01-15 10:40:50.536000,5.19,5.18,5.19,2164600.0
2018-01-15 10:40:53.344000,5.19,5.18,5.19,2164600.0
2018-01-15 10:40:56.015000,5.19,5.18,5.19,2164600.0
2018-01-15 10:40:58.857000,5.19,5.18,5.19,2164600.0
2018-01-15 10:41:01.985000,5.19,5.18,5.19,2164600.0
2018-01-15 10:41:05.185000,5.19,5.18,5.19,2164600.0
2018-01-15 10:41:07.955000,5.19,5.18,5.19,2164600.0
2018-01-15 10:41:13.258000,5.19,5.18,5.19,2164600.0
2018-01-15 10:41:16.231000,5.19,5.18,5.19,2164600.0
2018-01-15 10:41:19.250000,5.19,5.18,5.19,2164600.0
2018-01-15 10:41:22.152000,5.19,5.19,5.2,2169600.0
2018-01-15 10:41:24.786000,5.19,5.19,5.2,2169600.0
2018-01-15 10:41:27.645000,5.19,5.19,5.2,2169600.0
2018-01-15 10:41:30.456000,5.19,5.19,5.2,2169600.0
2018-01-15 10:41:33.432000,5.19,5.19,5.2,2169600.0
2018-01-15 10:41:36.542000,5.19,5.19,5.2,2169600.0
2018-01-15 10:41:39.405000,5.19,5.19,5.2,2169600.0
2018-01-15 10:41:42.213000,5.19,5.19,5.2,2169600.0
2018-01-15 10:41:44.945000,5.19,5.19,5.2,2169600.0
2018-01-15 10:41:48.158000,5.19,5.19,5.2,2169600.0
2018-01-15 10:41:51.091000,5.19,5.19,5.2,2169600.0
2018-01-15 10:41:53.914000,5.19,5.19,5.2,2169600.0
2018-01-15 10:41:57.066000,5.19,5.19,5.2,2169600.0
2018-01-15 10:41:59.970000,5.19,5.19,5.2,2169600.0
2018-01-15 10:42:02.710000,5.19,5.19,5.2,2169600.0
2018-01-15 10:42:06.379000,5.19,5.19,5.2,2169600.0
2018-01-15 10:42:09.096000,5.19,5.19,5.2,2169600.0
2018-01-15 10:42:15.130000,5.19,5.19,5.2,2169600.0
2018-01-15 10:42:24.369000,5.19,5.19,5.2,2169600.0
2018-01-15 10:42:35.199000,5.19,5.19,5.2,2169600.0
2018-01-15 10:42:43.297000,5.19,5.19,5.2,2169600.0
2018-01-15 10:42:53.360000,5.19,5.19,5.2,2169600.0
2018-01-15 10:43:03.497000,5.19,5.19,5.2,2169600.0
2018-01-15 10:43:09.638000,5.19,5.19,5.2,2169600.0
2018-01-15 10:43:15.396000,5.19,5.19,5.2,2169600.0
2018-01-15 10:43:18.845000,5.19,5.19,5.2,2169600.0
2018-01-15 10:43:21.998000,5.19,5.19,5.2,2169600.0
2018-01-15 10:43:24.965000,5.19,5.19,5.2,2169600.0
2018-01-15 10:43:28.085000,5.19,5.19,5.2,2169600.0
2018-01-15 10:43:31.061000,5.19,5.19,5.2,2169600.0
2018-01-15 10:43:33.918000,5.19,5.19,5.2,2169600.0
2018-01-15 10:43:36.851000,5.2,5.18,5.2,2174300.0
2018-01-15 10:43:39.931000,5.2,5.18,5.2,2174300.0
2018-01-15 10:43:43.415000,5.2,5.18,5.2,2174300.0
2018-01-15 10:43:46.502000,5.2,5.18,5.2,2174300.0
2018-01-15 10:43:49.520000,5.2,5.19,5.2,2174300.0
2018-01-15 10:43:52.448000,5.2,5.19,5.2,2174300.0
2018-01-15 10:43:55.416000,5.2,5.19,5.2,2174300.0
2018-01-15 10:43:58.333000,5.2,5.19,5.2,2174300.0
2018-01-15 10:44:01.299000,5.2,5.19,5.2,2174300.0
2018-01-15 10:44:04.386000,5.2,5.19,5.2,2174300.0
2018-01-15 10:44:09.980000,5.2,5.19,5.2,2174300.0
2018-01-15 10:44:12.847000,5.2,5.19,5.2,2174300.0
2018-01-15 10:44:15.976000,5.2,5.19,5.2,2174300.0
2018-01-15 10:44:18.967000,5.2,5.18,5.2,2174300.0
2018-01-15 10:44:22.038000,5.2,5.18,5.2,2174300.0
2018-01-15 10:44:25.100000,5.19,5.18,5.19,2174300.0
2018-01-15 10:44:28.417000,5.19,5.18,5.19,2174300.0
2018-01-15 10:44:31.303000,5.19,5.18,5.19,2174300.0
2018-01-15 10:44:34.267000,5.19,5.18,5.19,2174300.0
2018-01-15 10:44:37.226000,5.19,5.18,5.19,2174300.0
2018-01-15 10:44:40.133000,5.19,5.18,5.19,2174300.0
2018-01-15 10:44:43.003000,5.19,5.18,5.19,2174300.0
2018-01-15 10:44:45.911000,5.19,5.18,5.19,2174300.0
2018-01-15 10:44:48.805000,5.19,5.18,5.19,2174300.0
2018-01-15 10:44:51.656000,5.19,5.18,5.19,2174300.0
2018-01-15 10:44:54.233000,5.19,5.18,5.19,2174300.0
2018-01-15 10:44:57.096000,5.19,5.18,5.19,2174300.0
2018-01-15 10:44:59.930000,5.19,5.18,5.19,2174300.0
2018-01-15 10:45:02.618000,5.19,5.18,5.19,2174300.0
2018-01-15 10:45:06.036000,5.19,5.18,5.19,2174300.0
2018-01-15 10:45:08.857000,5.19,5.18,5.19,2174300.0
2018-01-15 10:45:11.949000,5.19,5.18,5.19,2174300.0
2018-01-15 10:45:14.933000,5.19,5.18,5.19,2174300.0
2018-01-15 10:45:17.863000,5.2,5.18,5.2,2174300.0
2018-01-15 10:45:22.370000,5.2,5.18,5.2,2174300.0
2018-01-15 10:45:25.160000,5.2,5.18,5.2,2174300.0
2018-01-15 10:45:27.972000,5.2,5.18,5.2,2174300.0
2018-01-15 10:45:30.717000,5.2,5.18,5.2,2174300.0
2018-01-15 10:45:33.445000,5.2,5.18,5.2,2174300.0
2018-01-15 10:45:36.259000,5.2,5.19,5.2,2174300.0
2018-01-15 10:45:39.248000,5.2,5.19,5.2,2174300.0
2018-01-15 10:45:42.235000,5.2,5.19,5.2,2174300.0
2018-01-15 10:45:45.412000,5.2,5.19,5.2,2174300.0
2018-01-15 10:45:48.200000,5.2,5.19,5.2,2174300.0
2018-01-15 10:45:50.926000,5.2,5.19,5.2,2174300.0
2018-01-15 10:45:53.783000,5.2,5.19,5.2,2174300.0
2018-01-15 10:45:56.815000,5.2,5.19,5.2,2174300.0
2018-01-15 10:45:59.558000,5.2,5.19,5.2,2174300.0
2018-01-15 10:46:02.527000,5.2,5.19,5.2,2174300.0
2018-01-15 10:46:08.745000,5.2,5.19,5.2,2174300.0
2018-01-15 10:46:12.827000,5.2,5.19,5.2,2174300.0
2018-01-15 10:46:15.713000,5.2,5.19,5.2,2174300.0
2018-01-15 10:46:22.406000,5.2,5.19,5.2,2174300.0
2018-01-15 10:46:25.462000,5.2,5.19,5.2,2174300.0
2018-01-15 10:46:28.424000,5.2,5.19,5.2,2174300.0
2018-01-15 10:46:31.364000,5.2,5.19,5.2,2174300.0
2018-01-15 10:46:34.358000,5.2,5.18,5.2,2174300.0
2018-01-15 10:46:37.360000,5.2,5.18,5.2,2174300.0
2018-01-15 10:46:40.330000,5.2,5.18,5.2,2174300.0
2018-01-15 10:46:43.531000,5.2,5.18,5.2,2174300.0
2018-01-15 10:46:46.706000,5.19,5.18,5.19,2174300.0
2018-01-15 10:46:49.633000,5.19,5.18,5.19,2174300.0
2018-01-15 10:46:52.479000,5.19,5.18,5.19,2174300.0
2018-01-15 10:46:55.374000,5.19,5.18,5.19,2174300.0
2018-01-15 10:46:58.276000,5.19,5.18,5.19,2174300.0
2018-01-15 10:47:01.184000,5.19,5.18,5.19,2174300.0
2018-01-15 10:47:04.180000,5.19,5.18,5.19,2174300.0
2018-01-15 10:47:09.716000,5.19,5.18,5.19,2174300.0
2018-01-15 10:47:12.683000,5.19,5.18,5.19,2174300.0
2018-01-15 10:47:16.487000,5.19,5.18,5.19,2174300.0
2018-01-15 10:47:21.968000,5.19,5.18,5.19,2174300.0
2018-01-15 10:47:24.943000,5.19,5.18,5.19,2174300.0
2018-01-15 10:47:28.117000,5.19,5.18,5.19,2174300.0
2018-01-15 10:47:31.211000,5.19,5.18,5.19,2174300.0
2018-01-15 10:47:34.179000,5.19,5.18,5.19,2174300.0
2018-01-15 10:47:37.031000,5.2,5.18,5.2,2174300.0
2018-01-15 10:47:40.062000,5.2,5.18,5.2,2174300.0
2018-01-15 10:47:43.224000,5.2,5.18,5.2,2174300.0
2018-01-15 10:47:46.333000,5.2,5.18,5.2,2174300.0
2018-01-15 10:47:49.436000,5.2,5.18,5.2,2174300.0
2018-01-15 10:47:52.494000,5.2,5.18,5.2,2174300.0
2018-01-15 10:47:55.481000,5.2,5.18,5.2,2174300.0
2018-01-15 10:47:58.423000,5.2,5.18,5.2,2174300.0
2018-01-15 10:48:01.545000,5.2,5.18,5.2,2174300.0
2018-01-15 10:48:08.742000,5.2,5.18,5.2,2174300.0
2018-01-15 10:48:15.865000,5.2,5.18,5.2,2174300.0
2018-01-15 10:48:20.381000,5.2,5.18,5.2,2174300.0
2018-01-15 10:48:23.590000,5.19,5.18,5.19,2174300.0
2018-01-15 10:48:26.560000,5.19,5.18,5.19,2174300.0
2018-01-15 10:48:29.503000,5.19,5.18,5.19,2174300.0
2018-01-15 10:48:33.086000,5.19,5.18,5.19,2174300.0
2018-01-15 10:48:35.906000,5.19,5.18,5.19,2174300.0
2018-01-15 10:48:38.744000,5.19,5.18,5.19,2174300.0
2018-01-15 10:48:42.025000,5.19,5.18,5.19,2174300.0
2018-01-15 10:48:45.014000,5.19,5.18,5.19,2174300.0
2018-01-15 10:48:48.014000,5.19,5.18,5.19,2174300.0
2018-01-15 10:48:51.022000,5.19,5.18,5.19,2174300.0
2018-01-15 10:48:53.980000,5.19,5.18,5.19,2174300.0
2018-01-15 10:48:57.029000,5.19,5.18,5.19,2174300.0
2018-01-15 10:49:00.044000,5.19,5.18,5.19,2174300.0
2018-01-15 10:49:03.056000,5.19,5.18,5.19,2174300.0
2018-01-15 10:49:08.696000,5.19,5.18,5.19,2174300.0
2018-01-15 10:49:11.923000,5.19,5.18,5.19,2174300.0
2018-01-15 10:49:14.904000,5.19,5.18,5.19,2174300.0
2018-01-15 10:49:18.088000,5.19,5.18,5.19,2174300.0
2018-01-15 10:49:21.164000,5.19,5.18,5.19,2174300.0
2018-01-15 10:49:24.285000,5.19,5.18,5.19,2174300.0
2018-01-15 10:49:27.226000,5.19,5.18,5.19,2174300.0
2018-01-15 10:49:30.225000,5.19,5.18,5.19,2174300.0
2018-01-15 10:49:33.262000,5.19,5.18,5.19,2174300.0
2018-01-15 10:49:36.207000,5.19,5.18,5.19,2174300.0
2018-01-15 10:49:39.167000,5.19,5.18,5.19,2174300.0
2018-01-15 10:49:42.319000,5.19,5.18,5.19,2174300.0
2018-01-15 10:49:45.444000,5.19,5.18,5.19,2174300.0
2018-01-15 10:49:48.470000,5.19,5.18,5.19,2174300.0
2018-01-15 10:49:51.497000,5.19,5.18,5.19,2174300.0
2018-01-15 10:49:54.598000,5.19,5.18,5.19,2174300.0
2018-01-15 10:49:57.612000,5.19,5.18,5.19,2174300.0
2018-01-15 10:50:00.585000,5.19,5.18,5.19,2174300.0
2018-01-15 10:50:03.674000,5.19,5.18,5.19,2174300.0
2018-01-15 10:50:06.674000,5.19,5.18,5.19,2174300.0
2018-01-15 10:50:09.509000,5.19,5.18,5.19,2174300.0
2018-01-15 10:50:12.443000,5.19,5.18,5.19,2174300.0
2018-01-15 10:50:15.436000,5.19,5.18,5.19,2174300.0
2018-01-15 10:50:18.585000,5.19,5.18,5.19,2174300.0
2018-01-15 10:50:21.553000,5.19,5.18,5.19,2174300.0
2018-01-15 10:50:24.409000,5.19,5.18,5.19,2174300.0
2018-01-15 10:50:27.215000,5.19,5.18,5.19,2174300.0
2018-01-15 10:50:30.136000,5.19,5.18,5.19,2174300.0
2018-01-15 10:50:33.118000,5.19,5.18,5.19,2174300.0
2018-01-15 10:50:35.925000,5.19,5.18,5.19,2174300.0
2018-01-15 10:50:38.909000,5.19,5.18,5.19,2174300.0
2018-01-15 10:50:41.718000,5.19,5.18,5.19,2174300.0
2018-01-15 10:50:44.678000,5.19,5.18,5.19,2174300.0
2018-01-15 10:50:47.925000,5.19,5.18,5.19,2174300.0
2018-01-15 10:50:50.866000,5.19,5.18,5.19,2174300.0
2018-01-15 10:50:53.838000,5.19,5.18,5.19,2174300.0
2018-01-15 10:50:56.722000,5.19,5.18,5.19,2174300.0
2018-01-15 10:50:59.778000,5.19,5.18,5.19,2174300.0
2018-01-15 10:51:02.774000,5.19,5.18,5.19,2174300.0
2018-01-15 10:51:05.611000,5.19,5.18,5.19,2174300.0
2018-01-15 10:51:08.408000,5.19,5.18,5.19,2174300.0
2018-01-15 10:51:11.489000,5.19,5.18,5.19,2174300.0
2018-01-15 10:51:17.215000,5.19,5.18,5.19,2174300.0
2018-01-15 10:51:20.175000,5.19,5.18,5.19,2174300.0
2018-01-15 10:51:23.330000,5.19,5.18,5.19,2174300.0
2018-01-15 10:51:26.697000,5.19,5.18,5.19,2174300.0
2018-01-15 10:51:29.611000,5.19,5.18,5.19,2174300.0
2018-01-15 10:51:32.846000,5.19,5.18,5.19,2174300.0
2018-01-15 10:51:36.088000,5.19,5.18,5.19,2174300.0
2018-01-15 10:51:39.105000,5.19,5.18,5.19,2174300.0
2018-01-15 10:51:42.420000,5.19,5.18,5.19,2174300.0
2018-01-15 10:51:45.418000,5.19,5.18,5.19,2174300.0
2018-01-15 10:51:48.438000,5.19,5.18,5.19,2174300.0
2018-01-15 10:51:51.389000,5.19,5.18,5.19,2174300.0
2018-01-15 10:51:54.749000,5.19,5.18,5.19,2174300.0
2018-01-15 10:51:57.886000,5.19,5.18,5.19,2174300.0
2018-01-15 10:52:01.005000,5.19,5.18,5.19,2174300.0
2018-01-15 10:52:04.013000,5.19,5.18,5.19,2174300.0
2018-01-15 10:52:10.982000,5.19,5.18,5.19,2174300.0
2018-01-15 10:52:13.853000,5.19,5.18,5.19,2174300.0
2018-01-15 10:52:16.886000,5.19,5.18,5.19,2174300.0
2018-01-15 10:52:21.664000,5.19,5.18,5.19,2174300.0
2018-01-15 10:52:24.651000,5.19,5.18,5.19,2174300.0
2018-01-15 10:52:27.585000,5.19,5.18,5.19,2174300.0
2018-01-15 10:52:30.592000,5.19,5.18,5.19,2174300.0
2018-01-15 10:52:33.686000,5.19,5.18,5.19,2174300.0
2018-01-15 10:52:36.710000,5.19,5.18,5.19,2174300.0
2018-01-15 10:52:39.658000,5.19,5.18,5.19,2174300.0
2018-01-15 10:52:42.525000,5.19,5.18,5.19,2174300.0
2018-01-15 10:52:45.590000,5.19,5.18,5.19,2174300.0
2018-01-15 10:52:48.902000,5.19,5.18,5.19,2174300.0
2018-01-15 10:52:51.889000,5.19,5.18,5.19,2174300.0
2018-01-15 10:52:54.804000,5.19,5.18,5.19,2174300.0
2018-01-15 10:52:57.711000,5.19,5.18,5.19,2174300.0
2018-01-15 10:53:00.682000,5.19,5.18,5.19,2174300.0
2018-01-15 10:53:03.624000,5.19,5.18,5.19,2174300.0
2018-01-15 10:53:06.473000,5.19,5.18,5.19,2174300.0
2018-01-15 10:53:09.414000,5.19,5.18,5.19,2174300.0
2018-01-15 10:53:15.708000,5.19,5.19,5.2,2274300.0
2018-01-15 10:53:18.782000,5.19,5.19,5.2,2274300.0
2018-01-15 10:53:21.863000,5.19,5.19,5.2,2274300.0
2018-01-15 10:53:24.983000,5.19,5.19,5.2,2274300.0
2018-01-15 10:53:27.990000,5.19,5.19,5.2,2274300.0
2018-01-15 10:53:31.255000,5.19,5.19,5.2,2274300.0
2018-01-15 10:53:34.342000,5.19,5.19,5.2,2274300.0
2018-01-15 10:53:37.402000,5.19,5.19,5.2,2274300.0
2018-01-15 10:53:40.387000,5.19,5.19,5.2,2274300.0
2018-01-15 10:53:43.416000,5.19,5.19,5.2,2274300.0
2018-01-15 10:53:46.316000,5.19,5.19,5.2,2274300.0
2018-01-15 10:53:49.236000,5.19,5.19,5.2,2274300.0
2018-01-15 10:53:52.279000,5.19,5.19,5.2,2274300.0
2018-01-15 10:53:55.168000,5.19,5.19,5.2,2274300.0
2018-01-15 10:53:58.158000,5.19,5.19,5.2,2274300.0
2018-01-15 10:54:01.009000,5.19,5.19,5.2,2274300.0
2018-01-15 10:54:04.056000,5.19,5.19,5.2,2274300.0
2018-01-15 10:54:09.596000,5.19,5.19,5.2,2274300.0
2018-01-15 10:54:14.048000,5.19,5.19,5.2,2274300.0
2018-01-15 10:54:17.066000,5.19,5.19,5.2,2274300.0
2018-01-15 10:54:20.013000,5.19,5.19,5.2,2274300.0
2018-01-15 10:54:22.985000,5.19,5.19,5.2,2274300.0
2018-01-15 10:54:26.001000,5.19,5.19,5.2,2274300.0
2018-01-15 10:54:29.242000,5.19,5.19,5.2,2274300.0
2018-01-15 10:54:32.330000,5.19,5.19,5.2,2274300.0
2018-01-15 10:54:35.495000,5.19,5.19,5.2,2274300.0
2018-01-15 10:54:38.287000,5.19,5.19,5.2,2274300.0
2018-01-15 10:54:41.581000,5.19,5.19,5.2,2274300.0
2018-01-15 10:54:44.553000,5.19,5.19,5.2,2274300.0
2018-01-15 10:54:47.423000,5.19,5.19,5.2,2274300.0
2018-01-15 10:54:50.693000,5.19,5.19,5.2,2274300.0
2018-01-15 10:54:53.757000,5.19,5.19,5.2,2274300.0
2018-01-15 10:54:56.606000,5.19,5.19,5.2,2274300.0
2018-01-15 10:54:59.575000,5.19,5.19,5.2,2274300.0
2018-01-15 10:55:02.362000,5.19,5.19,5.2,2274300.0
2018-01-15 10:55:08.585000,5.19,5.19,5.2,2274300.0
2018-01-15 10:55:11.424000,5.19,5.19,5.2,2274300.0
2018-01-15 10:55:14.251000,5.19,5.19,5.2,2274300.0
2018-01-15 10:55:17.197000,5.19,5.19,5.2,2274300.0
2018-01-15 10:55:20.091000,5.19,5.19,5.2,2274300.0
2018-01-15 10:55:23.066000,5.19,5.19,5.2,2274300.0
2018-01-15 10:55:25.883000,5.19,5.19,5.2,2274300.0
2018-01-15 10:55:28.997000,5.19,5.19,5.2,2274300.0
2018-01-15 10:55:31.823000,5.19,5.19,5.2,2274300.0
2018-01-15 10:55:34.736000,5.19,5.19,5.2,2274300.0
2018-01-15 10:55:37.734000,5.19,5.19,5.2,2274300.0
2018-01-15 10:55:40.707000,5.19,5.19,5.2,2274300.0
2018-01-15 10:55:43.582000,5.19,5.19,5.2,2274300.0
2018-01-15 10:55:46.405000,5.19,5.19,5.2,2274300.0
2018-01-15 10:55:49.190000,5.19,5.19,5.2,2274300.0
2018-01-15 10:55:52.135000,5.19,5.19,5.2,2274300.0
2018-01-15 10:55:54.953000,5.19,5.19,5.2,2274300.0
2018-01-15 10:55:57.924000,5.19,5.19,5.2,2274300.0
2018-01-15 10:56:01.313000,5.19,5.19,5.2,2274300.0
2018-01-15 10:56:04.193000,5.19,5.19,5.2,2274300.0
2018-01-15 10:56:07.075000,5.19,5.19,5.2,2274300.0
2018-01-15 10:56:09.928000,5.19,5.19,5.2,2274300.0
2018-01-15 10:56:15.869000,5.19,5.19,5.2,2274300.0
2018-01-15 10:56:20.156000,5.19,5.19,5.2,2274300.0
2018-01-15 10:56:23.337000,5.19,5.19,5.2,2274300.0
2018-01-15 10:56:26.375000,5.19,5.19,5.2,2274300.0
2018-01-15 10:56:29.342000,5.19,5.19,5.2,2274300.0
2018-01-15 10:56:32.258000,5.19,5.19,5.2,2274300.0
2018-01-15 10:56:35.154000,5.19,5.19,5.2,2274300.0
2018-01-15 10:56:38.078000,5.19,5.19,5.2,2274300.0
2018-01-15 10:56:40.981000,5.19,5.19,5.2,2274300.0
2018-01-15 10:56:43.922000,5.19,5.19,5.2,2274300.0
2018-01-15 10:57:21.819000,5.19,5.19,5.2,2274300.0
2018-01-15 10:57:24.848000,5.19,5.19,5.2,2274300.0
2018-01-15 10:57:27.834000,5.19,5.19,5.2,2274300.0
2018-01-15 10:57:30.761000,5.19,5.19,5.2,2274300.0
2018-01-15 10:57:33.568000,5.19,5.19,5.2,2274300.0
2018-01-15 10:57:36.688000,5.19,5.19,5.2,2274300.0
2018-01-15 10:57:39.580000,5.19,5.19,5.2,2274300.0
2018-01-15 10:57:42.478000,5.19,5.19,5.2,2274300.0
2018-01-15 10:57:45.486000,5.19,5.19,5.2,2274300.0
2018-01-15 10:57:48.509000,5.19,5.19,5.2,2274300.0
2018-01-15 10:57:51.719000,5.19,5.19,5.2,2274300.0
2018-01-15 10:57:54.774000,5.19,5.19,5.2,2274300.0
2018-01-15 10:57:57.676000,5.19,5.19,5.2,2274300.0
2018-01-15 10:58:00.486000,5.19,5.19,5.2,2274300.0
2018-01-15 10:58:03.240000,5.19,5.19,5.2,2274300.0
2018-01-15 10:58:07.599000,5.19,5.19,5.2,2274300.0
2018-01-15 10:58:10.413000,5.19,5.19,5.2,2274300.0
2018-01-15 10:58:13.333000,5.19,5.19,5.2,2274300.0
2018-01-15 10:58:19.391000,5.19,5.19,5.2,2274300.0
2018-01-15 10:58:22.266000,5.2,5.19,5.2,2276300.0
2018-01-15 10:58:25.196000,5.2,5.19,5.2,2276300.0
2018-01-15 10:58:28.227000,5.2,5.19,5.2,2276300.0
2018-01-15 10:58:31.424000,5.2,5.19,5.2,2276300.0
2018-01-15 10:58:34.377000,5.2,5.2,5.21,2313300.0
2018-01-15 10:58:37.225000,5.2,5.2,5.21,2313300.0
2018-01-15 10:58:40.210000,5.2,5.19,5.2,2313300.0
2018-01-15 10:58:43.199000,5.2,5.19,5.2,2313300.0
2018-01-15 10:58:46.015000,5.2,5.19,5.2,2313300.0
2018-01-15 10:58:49.063000,5.2,5.19,5.2,2313300.0
2018-01-15 10:58:51.875000,5.2,5.19,5.2,2313300.0
2018-01-15 10:58:54.716000,5.2,5.19,5.2,2313300.0
2018-01-15 10:58:57.479000,5.2,5.19,5.2,2313300.0
2018-01-15 10:59:00.270000,5.2,5.19,5.2,2313300.0
2018-01-15 10:59:03.060000,5.2,5.19,5.2,2313300.0
2018-01-15 10:59:10.048000,5.2,5.19,5.2,2313300.0
2018-01-15 10:59:16.362000,5.2,5.19,5.21,2313300.0
2018-01-15 10:59:19.288000,5.2,5.19,5.21,2313300.0
2018-01-15 10:59:22.469000,5.2,5.19,5.21,2313300.0
2018-01-15 10:59:25.413000,5.2,5.19,5.21,2313300.0
2018-01-15 10:59:28.377000,5.2,5.19,5.21,2313300.0
2018-01-15 10:59:31.472000,5.2,5.19,5.21,2313300.0
2018-01-15 10:59:34.379000,5.2,5.19,5.21,2313300.0
2018-01-15 10:59:37.232000,5.2,5.19,5.21,2313300.0
2018-01-15 10:59:40.083000,5.2,5.19,5.21,2313300.0
2018-01-15 10:59:42.998000,5.2,5.19,5.21,2313300.0
2018-01-15 10:59:45.886000,5.2,5.19,5.21,2313300.0
2018-01-15 10:59:48.942000,5.2,5.19,5.21,2313300.0
2018-01-15 10:59:51.816000,5.2,5.19,5.21,2313300.0
2018-01-15 10:59:55.243000,5.2,5.19,5.21,2313300.0
2018-01-15 10:59:58.108000,5.2,5.19,5.21,2313300.0
2018-01-15 11:00:01.182000,5.2,5.19,5.21,2313300.0
2018-01-15 11:00:04.273000,5.2,5.19,5.21,2313300.0
2018-01-15 11:00:07.127000,5.2,5.19,5.21,2313300.0
2018-01-15 11:00:10.626000,5.2,5.19,5.21,2313300.0
2018-01-15 11:00:13.502000,5.2,5.19,5.21,2313300.0
2018-01-15 11:00:16.384000,5.2,5.19,5.21,2313300.0
2018-01-15 11:00:20.043000,5.2,5.19,5.21,2313300.0
2018-01-15 11:00:23.128000,5.2,5.19,5.21,2313300.0
2018-01-15 11:00:26.583000,5.2,5.19,5.21,2313300.0
2018-01-15 11:00:29.564000,5.2,5.19,5.21,2313300.0
2018-01-15 11:00:32.560000,5.2,5.19,5.21,2313300.0
2018-01-15 11:00:35.461000,5.2,5.19,5.21,2313300.0
2018-01-15 11:00:38.374000,5.2,5.19,5.21,2313300.0
2018-01-15 11:00:41.254000,5.2,5.19,5.21,2313300.0
2018-01-15 11:00:44.260000,5.2,5.19,5.21,2313300.0
2018-01-15 11:00:47.238000,5.2,5.19,5.21,2313300.0
2018-01-15 11:00:50.146000,5.2,5.19,5.21,2313300.0
2018-01-15 11:00:52.943000,5.2,5.19,5.21,2313300.0
2018-01-15 11:00:55.957000,5.2,5.19,5.21,2313300.0
2018-01-15 11:00:58.928000,5.2,5.19,5.21,2313300.0
2018-01-15 11:01:01.744000,5.2,5.19,5.21,2313300.0
2018-01-15 11:01:04.591000,5.2,5.19,5.21,2313300.0
2018-01-15 11:01:10.111000,5.2,5.19,5.2,2318600.0
2018-01-15 11:01:13.499000,5.2,5.19,5.2,2318600.0
2018-01-15 11:01:19.868000,5.2,5.19,5.2,2318600.0
2018-01-15 11:01:22.679000,5.2,5.19,5.2,2318600.0
2018-01-15 11:01:25.621000,5.2,5.19,5.2,2318600.0
2018-01-15 11:01:28.536000,5.2,5.19,5.2,2318600.0
2018-01-15 11:01:31.293000,5.2,5.19,5.2,2318600.0
2018-01-15 11:01:34.395000,5.2,5.19,5.2,2318600.0
2018-01-15 11:01:37.305000,5.2,5.19,5.2,2318600.0
2018-01-15 11:01:40.146000,5.2,5.19,5.2,2318600.0
2018-01-15 11:01:43.069000,5.2,5.19,5.2,2318600.0
2018-01-15 11:01:45.984000,5.2,5.19,5.2,2318600.0
2018-01-15 11:01:49.037000,5.2,5.19,5.2,2318600.0
2018-01-15 11:01:52.009000,5.2,5.19,5.2,2318600.0
2018-01-15 11:01:54.882000,5.2,5.19,5.2,2318600.0
2018-01-15 11:01:57.876000,5.2,5.19,5.2,2318600.0
2018-01-15 11:02:01.050000,5.2,5.19,5.2,2318600.0
2018-01-15 11:02:04.354000,5.2,5.19,5.2,2318600.0
2018-01-15 11:02:07.324000,5.2,5.19,5.2,2318600.0
2018-01-15 11:02:10.385000,5.2,5.19,5.2,2318600.0
2018-01-15 11:02:13.474000,5.2,5.19,5.2,2318600.0
2018-01-15 11:02:16.326000,5.2,5.19,5.2,2318600.0
2018-01-15 11:02:19.365000,5.2,5.19,5.2,2318600.0
2018-01-15 11:02:22.307000,5.2,5.19,5.2,2318600.0
2018-01-15 11:02:25.205000,5.2,5.19,5.2,2318600.0
2018-01-15 11:02:28.175000,5.2,5.19,5.2,2318600.0
2018-01-15 11:02:31.081000,5.2,5.19,5.2,2318600.0
2018-01-15 11:02:34.116000,5.2,5.19,5.2,2318600.0
2018-01-15 11:02:37.123000,5.2,5.19,5.2,2318600.0
2018-01-15 11:02:39.940000,5.2,5.19,5.2,2318600.0
2018-01-15 11:02:42.946000,5.2,5.19,5.2,2318600.0
2018-01-15 11:02:46.006000,5.2,5.19,5.2,2318600.0
2018-01-15 11:02:49.084000,5.2,5.19,5.2,2318600.0
2018-01-15 11:02:52.185000,5.2,5.19,5.2,2318600.0
2018-01-15 11:02:55.189000,5.2,5.19,5.2,2318600.0
2018-01-15 11:02:58.326000,5.2,5.19,5.2,2318600.0
2018-01-15 11:03:01.482000,5.2,5.19,5.2,2318600.0
2018-01-15 11:03:04.508000,5.2,5.19,5.2,2318600.0
2018-01-15 11:03:07.686000,5.2,5.19,5.2,2318600.0
2018-01-15 11:03:10.812000,5.2,5.19,5.2,2318600.0
2018-01-15 11:03:13.864000,5.2,5.19,5.2,2318600.0
2018-01-15 11:03:16.925000,5.2,5.19,5.2,2318600.0
2018-01-15 11:03:19.941000,5.2,5.19,5.2,2318600.0
2018-01-15 11:03:23.049000,5.2,5.19,5.2,2318600.0
2018-01-15 11:03:26.193000,5.2,5.19,5.2,2318600.0
2018-01-15 11:03:29.197000,5.2,5.19,5.2,2318600.0
2018-01-15 11:03:32.144000,5.2,5.19,5.2,2318600.0
2018-01-15 11:03:35.118000,5.2,5.19,5.2,2318600.0
2018-01-15 11:03:38.201000,5.2,5.19,5.2,2318600.0
2018-01-15 11:03:41.169000,5.2,5.19,5.2,2318600.0
2018-01-15 11:03:44.050000,5.2,5.19,5.2,2318600.0
2018-01-15 11:03:46.923000,5.2,5.19,5.2,2318600.0
2018-01-15 11:03:50.044000,5.2,5.19,5.2,2318600.0
2018-01-15 11:03:52.957000,5.2,5.19,5.2,2318600.0
2018-01-15 11:03:56.059000,5.2,5.19,5.2,2318600.0
2018-01-15 11:03:58.894000,5.2,5.19,5.2,2318600.0
2018-01-15 11:04:02.135000,5.2,5.19,5.2,2318600.0
2018-01-15 11:04:05.254000,5.2,5.19,5.2,2318600.0
2018-01-15 11:04:08.354000,5.2,5.19,5.2,2318600.0
2018-01-15 11:04:12.741000,5.2,5.19,5.2,2318600.0
2018-01-15 11:04:16.386000,5.2,5.19,5.2,2318600.0
2018-01-15 11:04:19.314000,5.2,5.19,5.2,2318600.0
2018-01-15 11:04:22.371000,5.2,5.19,5.2,2318600.0
2018-01-15 11:04:25.450000,5.2,5.19,5.2,2318600.0
2018-01-15 11:04:28.360000,5.2,5.19,5.2,2318600.0
2018-01-15 11:04:31.338000,5.2,5.19,5.2,2318600.0
2018-01-15 11:04:34.428000,5.2,5.19,5.2,2318600.0
2018-01-15 11:04:37.354000,5.2,5.19,5.2,2318600.0
2018-01-15 11:04:40.299000,5.2,5.19,5.2,2318600.0
2018-01-15 11:04:43.283000,5.2,5.19,5.2,2318600.0
2018-01-15 11:04:46.509000,5.2,5.19,5.2,2318600.0
2018-01-15 11:04:49.458000,5.2,5.19,5.2,2318600.0
2018-01-15 11:04:52.452000,5.2,5.19,5.2,2318600.0
2018-01-15 11:04:55.566000,5.2,5.19,5.2,2318600.0
2018-01-15 11:04:58.999000,5.2,5.19,5.2,2318600.0
2018-01-15 11:05:01.960000,5.2,5.19,5.2,2318600.0
2018-01-15 11:05:09.320000,5.2,5.19,5.2,2318600.0
2018-01-15 11:05:12.283000,5.2,5.19,5.2,2318600.0
2018-01-15 11:05:15.340000,5.2,5.19,5.2,2318600.0
2018-01-15 11:05:18.876000,5.2,5.19,5.2,2318600.0
2018-01-15 11:05:22.162000,5.2,5.19,5.2,2318600.0
2018-01-15 11:05:25.117000,5.2,5.19,5.2,2318600.0
2018-01-15 11:05:28.058000,5.2,5.19,5.2,2318600.0
2018-01-15 11:05:31.066000,5.2,5.19,5.2,2318600.0
2018-01-15 11:05:34.026000,5.2,5.19,5.2,2318600.0
2018-01-15 11:05:37.093000,5.2,5.19,5.2,2318600.0
2018-01-15 11:05:40.459000,5.2,5.19,5.2,2318600.0
2018-01-15 11:05:43.495000,5.2,5.19,5.2,2318600.0
2018-01-15 11:05:46.451000,5.2,5.19,5.2,2318600.0
2018-01-15 11:05:49.512000,5.2,5.19,5.2,2318600.0
2018-01-15 11:05:52.251000,5.2,5.19,5.2,2318600.0
2018-01-15 11:05:55.239000,5.2,5.19,5.2,2318600.0
2018-01-15 11:05:58.248000,5.2,5.19,5.2,2318600.0
2018-01-15 11:06:01.028000,5.2,5.19,5.2,2318600.0
2018-01-15 11:06:04.241000,5.2,5.19,5.2,2318600.0
2018-01-15 11:06:10.759000,5.2,5.19,5.2,2328600.0
2018-01-15 11:06:14.175000,5.2,5.19,5.2,2328600.0
2018-01-15 11:06:17.831000,5.2,5.19,5.2,2328600.0
2018-01-15 11:06:20.859000,5.2,5.19,5.2,2328600.0
2018-01-15 11:06:23.711000,5.2,5.19,5.2,2328600.0
2018-01-15 11:06:26.519000,5.2,5.19,5.2,2328600.0
2018-01-15 11:06:29.363000,5.2,5.19,5.2,2328600.0
2018-01-15 11:06:32.083000,5.2,5.19,5.2,2328600.0
2018-01-15 11:06:35.178000,5.2,5.19,5.2,2328600.0
2018-01-15 11:06:38.050000,5.2,5.19,5.2,2328600.0
2018-01-15 11:06:40.989000,5.2,5.19,5.2,2328600.0
2018-01-15 11:06:43.809000,5.2,5.19,5.2,2328600.0
2018-01-15 11:06:46.699000,5.2,5.19,5.2,2328600.0
2018-01-15 11:06:49.539000,5.2,5.19,5.2,2328600.0
2018-01-15 11:06:52.484000,5.2,5.19,5.2,2328600.0
2018-01-15 11:06:55.388000,5.2,5.19,5.2,2328600.0
2018-01-15 11:06:58.193000,5.2,5.19,5.2,2328600.0
2018-01-15 11:07:01.059000,5.2,5.19,5.2,2328600.0
2018-01-15 11:07:04.122000,5.2,5.19,5.2,2328600.0
2018-01-15 11:07:07.091000,5.2,5.19,5.2,2328600.0
2018-01-15 11:07:13.004000,5.2,5.19,5.2,2328600.0
2018-01-15 11:07:15.827000,5.2,5.19,5.2,2328600.0
2018-01-15 11:07:18.865000,5.2,5.19,5.2,2328600.0
2018-01-15 11:07:22.195000,5.2,5.19,5.2,2328600.0
2018-01-15 11:07:25.079000,5.2,5.19,5.2,2328600.0
2018-01-15 11:07:28.128000,5.2,5.19,5.2,2328600.0
2018-01-15 11:07:30.922000,5.2,5.19,5.2,2328600.0
2018-01-15 11:07:33.774000,5.2,5.19,5.2,2328600.0
2018-01-15 11:07:36.641000,5.2,5.19,5.2,2328600.0
2018-01-15 11:07:39.645000,5.2,5.19,5.2,2328600.0
2018-01-15 11:07:42.397000,5.2,5.19,5.2,2328600.0
2018-01-15 11:07:45.237000,5.2,5.19,5.2,2328600.0
2018-01-15 11:07:48.101000,5.2,5.19,5.2,2328600.0
2018-01-15 11:07:50.984000,5.2,5.19,5.2,2328600.0
2018-01-15 11:07:53.751000,5.2,5.19,5.2,2328600.0
2018-01-15 11:07:56.570000,5.2,5.19,5.2,2328600.0
2018-01-15 11:07:59.576000,5.2,5.19,5.2,2328600.0
2018-01-15 11:08:02.470000,5.2,5.19,5.2,2338600.0
2018-01-15 11:08:09.477000,5.2,5.19,5.2,2338600.0
2018-01-15 11:08:12.493000,5.2,5.19,5.2,2338600.0
2018-01-15 11:08:15.437000,5.2,5.19,5.2,2338600.0
2018-01-15 11:08:19.043000,5.2,5.19,5.2,2338600.0
2018-01-15 11:08:22.078000,5.2,5.19,5.2,2338600.0
2018-01-15 11:08:25.064000,5.2,5.19,5.2,2338600.0
2018-01-15 11:08:27.927000,5.2,5.19,5.2,2338600.0
2018-01-15 11:08:30.760000,5.2,5.19,5.2,2338600.0
2018-01-15 11:08:33.555000,5.2,5.19,5.2,2338600.0
2018-01-15 11:08:36.388000,5.2,5.19,5.2,2338600.0
2018-01-15 11:08:39.270000,5.2,5.19,5.2,2338600.0
2018-01-15 11:08:42.071000,5.2,5.19,5.2,2338600.0
2018-01-15 11:08:44.922000,5.2,5.19,5.2,2338600.0
2018-01-15 11:08:47.802000,5.2,5.19,5.2,2338600.0
2018-01-15 11:08:50.874000,5.2,5.19,5.2,2338600.0
2018-01-15 11:08:53.833000,5.2,5.19,5.2,2338600.0
2018-01-15 11:08:56.742000,5.2,5.19,5.2,2338600.0
2018-01-15 11:08:59.476000,5.2,5.19,5.2,2338600.0
2018-01-15 11:09:02.345000,5.2,5.19,5.2,2338600.0
2018-01-15 11:09:05.448000,5.2,5.19,5.2,2338600.0
2018-01-15 11:09:08.300000,5.2,5.19,5.2,2338600.0
2018-01-15 11:09:11.413000,5.2,5.19,5.2,2338600.0
2018-01-15 11:09:14.292000,5.2,5.19,5.2,2338600.0
2018-01-15 11:09:17.177000,5.2,5.19,5.2,2338600.0
2018-01-15 11:09:20.026000,5.2,5.19,5.2,2338600.0
2018-01-15 11:09:23.021000,5.2,5.19,5.2,2338600.0
2018-01-15 11:09:25.936000,5.2,5.19,5.2,2338600.0
2018-01-15 11:09:29.024000,5.2,5.19,5.2,2338600.0
2018-01-15 11:09:31.847000,5.2,5.19,5.2,2338600.0
2018-01-15 11:09:34.903000,5.2,5.19,5.2,2338600.0
2018-01-15 11:09:37.860000,5.2,5.19,5.2,2338600.0
2018-01-15 11:09:40.697000,5.2,5.19,5.2,2338600.0
2018-01-15 11:09:43.430000,5.2,5.19,5.2,2338600.0
2018-01-15 11:09:46.216000,5.2,5.19,5.2,2338600.0
2018-01-15 11:09:49.080000,5.2,5.19,5.2,2338600.0
2018-01-15 11:09:51.851000,5.2,5.19,5.2,2338600.0
2018-01-15 11:09:54.869000,5.2,5.19,5.2,2338600.0
2018-01-15 11:09:57.808000,5.2,5.19,5.2,2338600.0
2018-01-15 11:10:00.599000,5.2,5.19,5.2,2338600.0
2018-01-15 11:10:03.373000,5.2,5.19,5.2,2338600.0
2018-01-15 11:10:06.237000,5.2,5.19,5.2,2338600.0
2018-01-15 11:10:13.318000,5.2,5.19,5.2,2338600.0
2018-01-15 11:10:16.049000,5.2,5.19,5.2,2338600.0
2018-01-15 11:10:18.918000,5.2,5.19,5.2,2338600.0
2018-01-15 11:10:21.719000,5.2,5.19,5.2,2338600.0
2018-01-15 11:10:24.465000,5.2,5.19,5.2,2338600.0
2018-01-15 11:10:27.337000,5.2,5.19,5.2,2338600.0
2018-01-15 11:10:30.231000,5.2,5.19,5.2,2338600.0
2018-01-15 11:10:33.253000,5.2,5.19,5.2,2338600.0
2018-01-15 11:10:36.259000,5.2,5.19,5.2,2338600.0
2018-01-15 11:10:39.106000,5.2,5.19,5.2,2338600.0
2018-01-15 11:10:42.137000,5.2,5.19,5.2,2338600.0
2018-01-15 11:10:44.912000,5.2,5.19,5.2,2338600.0
2018-01-15 11:10:47.782000,5.2,5.19,5.2,2338600.0
2018-01-15 11:10:50.659000,5.2,5.19,5.2,2338600.0
2018-01-15 11:10:53.569000,5.2,5.19,5.2,2338600.0
2018-01-15 11:10:56.457000,5.2,5.19,5.2,2338600.0
2018-01-15 11:10:59.415000,5.2,5.19,5.2,2338600.0
2018-01-15 11:11:02.359000,5.2,5.19,5.2,2338600.0
2018-01-15 11:11:05.223000,5.2,5.19,5.2,2338600.0
2018-01-15 11:11:11.374000,5.2,5.19,5.2,2338600.0
2018-01-15 11:11:14.083000,5.2,5.19,5.2,2338600.0
2018-01-15 11:11:16.918000,5.2,5.19,5.2,2338600.0
2018-01-15 11:11:19.799000,5.2,5.19,5.2,2338600.0
2018-01-15 11:11:22.640000,5.2,5.19,5.2,2338600.0
2018-01-15 11:11:25.545000,5.2,5.19,5.2,2338600.0
2018-01-15 11:11:28.681000,5.2,5.19,5.2,2338600.0
2018-01-15 11:11:31.574000,5.2,5.19,5.2,2338600.0
2018-01-15 11:11:34.444000,5.2,5.19,5.2,2338600.0
2018-01-15 11:11:37.205000,5.2,5.19,5.2,2338600.0
2018-01-15 11:11:40.010000,5.19,5.19,5.2,2388600.0
2018-01-15 11:11:42.888000,5.19,5.19,5.2,2388600.0
2018-01-15 11:11:45.828000,5.19,5.19,5.2,2388600.0
2018-01-15 11:11:48.654000,5.19,5.19,5.2,2388600.0
2018-01-15 11:11:51.624000,5.19,5.19,5.2,2388600.0
2018-01-15 11:11:54.659000,5.19,5.19,5.2,2409300.0
2018-01-15 11:11:57.529000,5.19,5.19,5.2,2409300.0
2018-01-15 11:12:00.680000,5.19,5.19,5.2,2409300.0
2018-01-15 11:12:03.585000,5.19,5.19,5.2,2409300.0
2018-01-15 11:12:06.557000,5.19,5.19,5.2,2409300.0
2018-01-15 11:12:09.435000,5.19,5.19,5.2,2409300.0
2018-01-15 11:12:12.379000,5.19,5.19,5.2,2409300.0
2018-01-15 11:12:15.590000,5.19,5.19,5.2,2409300.0
2018-01-15 11:12:18.321000,5.19,5.19,5.2,2409300.0
2018-01-15 11:12:21.484000,5.19,5.19,5.2,2409300.0
2018-01-15 11:12:24.440000,5.19,5.19,5.2,2409300.0
2018-01-15 11:12:27.320000,5.19,5.19,5.2,2409300.0
2018-01-15 11:12:30.471000,5.19,5.19,5.2,2409300.0
2018-01-15 11:12:33.497000,5.19,5.19,5.2,2409300.0
2018-01-15 11:12:36.245000,5.19,5.19,5.2,2409300.0
2018-01-15 11:12:40.646000,5.19,5.19,5.2,2409300.0
2018-01-15 11:12:43.381000,5.19,5.18,5.2,2409300.0
2018-01-15 11:12:46.860000,5.19,5.18,5.2,2409300.0
2018-01-15 11:12:50.012000,5.19,5.18,5.2,2409300.0
2018-01-15 11:12:52.937000,5.19,5.18,5.2,2409300.0
2018-01-15 11:12:55.721000,5.19,5.18,5.2,2409300.0
2018-01-15 11:12:58.892000,5.19,5.18,5.2,2409300.0
2018-01-15 11:13:01.762000,5.19,5.18,5.2,2409300.0
2018-01-15 11:13:04.970000,5.19,5.18,5.2,2409300.0
2018-01-15 11:13:09.384000,5.19,5.18,5.2,2409300.0
2018-01-15 11:13:12.308000,5.19,5.18,5.2,2409300.0
2018-01-15 11:13:15.158000,5.19,5.18,5.2,2409300.0
2018-01-15 11:13:17.913000,5.19,5.18,5.2,2409300.0
2018-01-15 11:13:21.076000,5.19,5.18,5.2,2409300.0
2018-01-15 11:13:24.080000,5.19,5.18,5.2,2409300.0
2018-01-15 11:13:27.033000,5.19,5.18,5.2,2409300.0
2018-01-15 11:13:29.992000,5.19,5.18,5.2,2409300.0
2018-01-15 11:13:32.849000,5.19,5.18,5.2,2409300.0
2018-01-15 11:13:35.628000,5.19,5.18,5.2,2409300.0
2018-01-15 11:13:38.486000,5.19,5.18,5.2,2409300.0
2018-01-15 11:13:41.388000,5.19,5.18,5.2,2409300.0
2018-01-15 11:13:44.308000,5.19,5.18,5.2,2409300.0
2018-01-15 11:13:47.243000,5.19,5.18,5.2,2409300.0
2018-01-15 11:13:50.270000,5.19,5.18,5.2,2409300.0
2018-01-15 11:13:53.061000,5.19,5.18,5.2,2409300.0
2018-01-15 11:13:55.926000,5.19,5.18,5.2,2409300.0
2018-01-15 11:13:58.703000,5.19,5.18,5.2,2409300.0
2018-01-15 11:14:01.763000,5.19,5.18,5.2,2409300.0
2018-01-15 11:14:08.876000,5.19,5.18,5.2,2409300.0
2018-01-15 11:14:13.016000,5.19,5.18,5.2,2409300.0
2018-01-15 11:14:15.747000,5.19,5.18,5.2,2409300.0
2018-01-15 11:14:18.561000,5.19,5.18,5.2,2409300.0
2018-01-15 11:14:21.388000,5.19,5.18,5.2,2409300.0
2018-01-15 11:14:24.176000,5.19,5.18,5.2,2409300.0
2018-01-15 11:14:27.413000,5.19,5.18,5.2,2409300.0
2018-01-15 11:14:30.326000,5.19,5.18,5.2,2409300.0
2018-01-15 11:14:33.173000,5.19,5.18,5.2,2409300.0
2018-01-15 11:14:35.946000,5.19,5.18,5.2,2409300.0
2018-01-15 11:14:38.811000,5.19,5.18,5.2,2409300.0
2018-01-15 11:14:41.540000,5.19,5.18,5.2,2409300.0
2018-01-15 11:14:44.494000,5.19,5.18,5.2,2409300.0
2018-01-15 11:14:47.394000,5.19,5.18,5.2,2409300.0
2018-01-15 11:14:50.540000,5.19,5.18,5.2,2409300.0
2018-01-15 11:14:53.367000,5.19,5.18,5.2,2409300.0
2018-01-15 11:14:56.120000,5.19,5.18,5.2,2409300.0
2018-01-15 11:14:59.078000,5.19,5.18,5.2,2409300.0
2018-01-15 11:15:01.975000,5.19,5.18,5.2,2409300.0
2018-01-15 11:15:04.730000,5.19,5.18,5.2,2409300.0
2018-01-15 11:15:07.599000,5.19,5.18,5.2,2409300.0
2018-01-15 11:15:11.831000,5.19,5.18,5.2,2409300.0
2018-01-15 11:15:14.740000,5.19,5.18,5.2,2409300.0
2018-01-15 11:15:17.541000,5.19,5.18,5.2,2409300.0
2018-01-15 11:15:22.282000,5.19,5.18,5.2,2409300.0
2018-01-15 11:15:25.355000,5.19,5.18,5.2,2409300.0
2018-01-15 11:15:28.405000,5.19,5.18,5.2,2409300.0
2018-01-15 11:15:31.373000,5.19,5.18,5.2,2409300.0
2018-01-15 11:15:34.310000,5.19,5.18,5.2,2409300.0
2018-01-15 11:15:37.163000,5.19,5.18,5.2,2409300.0
2018-01-15 11:15:39.992000,5.19,5.18,5.2,2409300.0
2018-01-15 11:15:42.831000,5.19,5.18,5.2,2409300.0
2018-01-15 11:15:45.732000,5.19,5.18,5.2,2409300.0
2018-01-15 11:15:48.936000,5.19,5.18,5.2,2409300.0
2018-01-15 11:15:51.656000,5.19,5.18,5.2,2409300.0
2018-01-15 11:15:54.310000,5.19,5.18,5.2,2409300.0
2018-01-15 11:15:57.174000,5.19,5.18,5.2,2409300.0
2018-01-15 11:15:59.966000,5.19,5.18,5.2,2409300.0
2018-01-15 11:16:02.765000,5.19,5.18,5.2,2409300.0
2018-01-15 11:16:05.786000,5.19,5.18,5.2,2409300.0
2018-01-15 11:16:12.534000,5.19,5.18,5.2,2409300.0
2018-01-15 11:16:15.295000,5.19,5.18,5.2,2409300.0
2018-01-15 11:16:18.922000,5.19,5.18,5.2,2409300.0
2018-01-15 11:16:22.107000,5.19,5.18,5.2,2409300.0
2018-01-15 11:16:25.476000,5.19,5.18,5.2,2409300.0
2018-01-15 11:16:28.362000,5.19,5.18,5.2,2409300.0
2018-01-15 11:16:31.195000,5.19,5.18,5.2,2409300.0
2018-01-15 11:16:34.174000,5.19,5.18,5.2,2409300.0
2018-01-15 11:16:37.284000,5.19,5.18,5.2,2409300.0
2018-01-15 11:16:40.046000,5.19,5.18,5.2,2409300.0
2018-01-15 11:16:43.823000,5.19,5.18,5.2,2409300.0
2018-01-15 11:16:46.724000,5.19,5.18,5.2,2409300.0
2018-01-15 11:17:23.069000,5.19,5.18,5.2,2409300.0
2018-01-15 11:17:26.094000,5.19,5.18,5.2,2409300.0
2018-01-15 11:17:29.125000,5.19,5.19,5.2,2412300.0
2018-01-15 11:17:32.182000,5.19,5.19,5.2,2412300.0
2018-01-15 11:17:35.576000,5.19,5.19,5.2,2412300.0
2018-01-15 11:17:38.586000,5.19,5.19,5.2,2412300.0
2018-01-15 11:17:41.608000,5.19,5.19,5.2,2412300.0
2018-01-15 11:17:44.577000,5.19,5.19,5.2,2412300.0
2018-01-15 11:17:47.584000,5.19,5.19,5.2,2412300.0
2018-01-15 11:17:50.700000,5.19,5.19,5.2,2412300.0
2018-01-15 11:17:54.186000,5.19,5.19,5.2,2412300.0
2018-01-15 11:17:57.144000,5.19,5.19,5.2,2412300.0
2018-01-15 11:18:00.069000,5.19,5.19,5.2,2412300.0
2018-01-15 11:18:03.115000,5.19,5.19,5.2,2412300.0
2018-01-15 11:18:08.937000,5.19,5.19,5.2,2412300.0
2018-01-15 11:18:15.780000,5.19,5.19,5.2,2412300.0
2018-01-15 11:18:18.736000,5.19,5.19,5.2,2412300.0
2018-01-15 11:18:21.578000,5.19,5.19,5.2,2412300.0
2018-01-15 11:18:24.925000,5.19,5.19,5.2,2412300.0
2018-01-15 11:18:28.019000,5.19,5.19,5.2,2412300.0
2018-01-15 11:18:31.139000,5.19,5.19,5.2,2412300.0
2018-01-15 11:18:34.534000,5.19,5.19,5.2,2412300.0
2018-01-15 11:18:37.750000,5.19,5.19,5.2,2412300.0
2018-01-15 11:18:40.707000,5.19,5.19,5.2,2412300.0
2018-01-15 11:18:43.595000,5.19,5.19,5.2,2412300.0
2018-01-15 11:18:46.673000,5.19,5.19,5.2,2412300.0
2018-01-15 11:18:49.684000,5.19,5.19,5.2,2412300.0
2018-01-15 11:18:52.715000,5.19,5.19,5.2,2412300.0
2018-01-15 11:18:55.650000,5.19,5.19,5.2,2412300.0
2018-01-15 11:18:58.614000,5.19,5.19,5.2,2412300.0
2018-01-15 11:19:01.604000,5.19,5.19,5.2,2412300.0
2018-01-15 11:19:04.707000,5.19,5.19,5.2,2412300.0
2018-01-15 11:19:07.694000,5.19,5.19,5.2,2412300.0
2018-01-15 11:19:10.765000,5.19,5.19,5.2,2412300.0
2018-01-15 11:19:14.861000,5.19,5.19,5.2,2412300.0
2018-01-15 11:19:20.073000,5.19,5.19,5.2,2412300.0
2018-01-15 11:19:23.248000,5.19,5.19,5.2,2412300.0
2018-01-15 11:19:26.229000,5.19,5.19,5.2,2412300.0
2018-01-15 11:19:29.174000,5.19,5.19,5.2,2412300.0
2018-01-15 11:19:32.014000,5.19,5.19,5.2,2412300.0
2018-01-15 11:19:34.995000,5.19,5.19,5.2,2412300.0
2018-01-15 11:19:37.918000,5.19,5.19,5.2,2432300.0
2018-01-15 11:19:40.946000,5.19,5.19,5.2,2432300.0
2018-01-15 11:19:44.022000,5.19,5.19,5.2,2432300.0
2018-01-15 11:19:47.128000,5.19,5.19,5.2,2432300.0
2018-01-15 11:19:50.075000,5.19,5.19,5.2,2432300.0
2018-01-15 11:19:53.052000,5.19,5.19,5.2,2432300.0
2018-01-15 11:19:56.085000,5.19,5.19,5.2,2432300.0
2018-01-15 11:19:59.082000,5.19,5.19,5.2,2432300.0
2018-01-15 11:20:02.100000,5.19,5.19,5.2,2432300.0
2018-01-15 11:20:05.135000,5.19,5.19,5.2,2432300.0
2018-01-15 11:20:08.190000,5.19,5.19,5.2,2432300.0
2018-01-15 11:20:11.072000,5.19,5.19,5.2,2432300.0
2018-01-15 11:20:14.761000,5.19,5.19,5.2,2432300.0
2018-01-15 11:20:17.790000,5.19,5.19,5.2,2432300.0
2018-01-15 11:20:20.983000,5.19,5.19,5.2,2432300.0
2018-01-15 11:20:24.034000,5.19,5.18,5.2,2448100.0
2018-01-15 11:20:27.149000,5.19,5.18,5.2,2448100.0
2018-01-15 11:20:29.978000,5.19,5.18,5.2,2448100.0
2018-01-15 11:20:32.954000,5.19,5.18,5.2,2448100.0
2018-01-15 11:20:35.760000,5.19,5.18,5.2,2448100.0
2018-01-15 11:20:38.534000,5.19,5.18,5.2,2448100.0
2018-01-15 11:20:41.447000,5.19,5.18,5.2,2448100.0
2018-01-15 11:20:44.581000,5.19,5.18,5.2,2448100.0
2018-01-15 11:20:47.469000,5.19,5.18,5.2,2448100.0
2018-01-15 11:20:50.437000,5.19,5.18,5.2,2448100.0
2018-01-15 11:20:53.443000,5.19,5.18,5.2,2448100.0
2018-01-15 11:20:56.339000,5.19,5.18,5.2,2448100.0
2018-01-15 11:20:59.263000,5.19,5.18,5.2,2448100.0
2018-01-15 11:21:02.415000,5.19,5.18,5.2,2448100.0
2018-01-15 11:21:05.553000,5.19,5.18,5.2,2448100.0
2018-01-15 11:21:08.176000,5.19,5.18,5.2,2448100.0
2018-01-15 11:21:11.070000,5.19,5.18,5.2,2448100.0
2018-01-15 11:21:13.833000,5.19,5.18,5.2,2448100.0
2018-01-15 11:21:16.620000,5.19,5.18,5.2,2448100.0
2018-01-15 11:21:23.071000,5.19,5.18,5.2,2448100.0
2018-01-15 11:21:26.085000,5.19,5.18,5.2,2448100.0
2018-01-15 11:21:29.381000,5.19,5.18,5.2,2448100.0
2018-01-15 11:21:32.429000,5.19,5.18,5.2,2448100.0
2018-01-15 11:21:35.401000,5.19,5.18,5.2,2448100.0
2018-01-15 11:21:38.402000,5.19,5.18,5.2,2448100.0
2018-01-15 11:21:41.854000,5.19,5.18,5.2,2448100.0
2018-01-15 11:21:44.802000,5.19,5.18,5.2,2448100.0
2018-01-15 11:21:47.710000,5.19,5.18,5.2,2448100.0
2018-01-15 11:21:50.709000,5.19,5.18,5.2,2448100.0
2018-01-15 11:21:53.855000,5.19,5.18,5.2,2448100.0
2018-01-15 11:21:56.867000,5.19,5.18,5.2,2448100.0
2018-01-15 11:21:59.718000,5.19,5.18,5.2,2448100.0
2018-01-15 11:22:02.741000,5.19,5.18,5.2,2448100.0
2018-01-15 11:22:06.702000,5.19,5.18,5.2,2458100.0
2018-01-15 11:22:09.514000,5.19,5.18,5.2,2458100.0
2018-01-15 11:22:12.478000,5.19,5.18,5.2,2458100.0
2018-01-15 11:22:15.452000,5.19,5.18,5.2,2458100.0
2018-01-15 11:22:19.758000,5.19,5.18,5.2,2458100.0
2018-01-15 11:22:22.605000,5.19,5.18,5.2,2458100.0
2018-01-15 11:22:25.566000,5.19,5.18,5.2,2458100.0
2018-01-15 11:22:28.546000,5.19,5.18,5.2,2458100.0
2018-01-15 11:22:31.472000,5.19,5.18,5.2,2458100.0
2018-01-15 11:22:34.502000,5.19,5.18,5.2,2458100.0
2018-01-15 11:22:37.444000,5.19,5.18,5.2,2458100.0
2018-01-15 11:22:40.591000,5.19,5.18,5.2,2458100.0
2018-01-15 11:22:43.624000,5.19,5.18,5.2,2458100.0
2018-01-15 11:22:46.535000,5.19,5.18,5.2,2458100.0
2018-01-15 11:22:49.657000,5.19,5.18,5.2,2458100.0
2018-01-15 11:22:52.595000,5.19,5.18,5.2,2458100.0
2018-01-15 11:22:55.520000,5.19,5.18,5.2,2458100.0
2018-01-15 11:22:58.414000,5.19,5.18,5.2,2458100.0
2018-01-15 11:23:01.427000,5.19,5.18,5.2,2458100.0
2018-01-15 11:23:04.401000,5.19,5.18,5.2,2458100.0
2018-01-15 11:23:07.441000,5.19,5.18,5.2,2458100.0
2018-01-15 11:23:10.512000,5.19,5.18,5.2,2458100.0
2018-01-15 11:23:13.653000,5.19,5.18,5.2,2458100.0
2018-01-15 11:23:16.882000,5.19,5.18,5.2,2458100.0
2018-01-15 11:23:19.893000,5.19,5.18,5.2,2458100.0
2018-01-15 11:23:22.835000,5.19,5.18,5.2,2458100.0
2018-01-15 11:23:25.880000,5.19,5.18,5.2,2458100.0
2018-01-15 11:23:29.034000,5.19,5.18,5.2,2458100.0
2018-01-15 11:23:31.955000,5.19,5.18,5.2,2458100.0
2018-01-15 11:23:34.962000,5.19,5.18,5.2,2458100.0
2018-01-15 11:23:38.072000,5.19,5.18,5.2,2458100.0
2018-01-15 11:23:41.027000,5.19,5.18,5.2,2458100.0
2018-01-15 11:23:44.047000,5.19,5.18,5.2,2458100.0
2018-01-15 11:23:46.940000,5.19,5.18,5.2,2458100.0
2018-01-15 11:23:49.841000,5.19,5.18,5.2,2458100.0
2018-01-15 11:23:52.653000,5.19,5.18,5.2,2458100.0
2018-01-15 11:23:55.568000,5.19,5.18,5.2,2458100.0
2018-01-15 11:23:58.774000,5.19,5.18,5.2,2458100.0
2018-01-15 11:24:01.505000,5.19,5.18,5.2,2458100.0
2018-01-15 11:24:04.384000,5.19,5.18,5.2,2458100.0
2018-01-15 11:24:07.307000,5.19,5.18,5.2,2458100.0
2018-01-15 11:24:10.196000,5.19,5.18,5.2,2458100.0
2018-01-15 11:24:13.059000,5.19,5.18,5.2,2458100.0
2018-01-15 11:24:15.819000,5.19,5.18,5.2,2458100.0
2018-01-15 11:24:19.058000,5.19,5.18,5.2,2458100.0
2018-01-15 11:24:21.995000,5.19,5.18,5.2,2458100.0
2018-01-15 11:24:25.148000,5.19,5.18,5.2,2458100.0
2018-01-15 11:24:28.128000,5.19,5.18,5.2,2458100.0
2018-01-15 11:24:30.996000,5.19,5.18,5.2,2458100.0
2018-01-15 11:24:34.011000,5.19,5.18,5.2,2458100.0
2018-01-15 11:24:36.980000,5.19,5.18,5.2,2458100.0
2018-01-15 11:24:40.080000,5.19,5.18,5.2,2458100.0
2018-01-15 11:24:43.023000,5.19,5.18,5.2,2458100.0
2018-01-15 11:24:45.893000,5.19,5.18,5.2,2458100.0
2018-01-15 11:24:48.696000,5.19,5.18,5.2,2458100.0
2018-01-15 11:24:51.428000,5.19,5.18,5.2,2458100.0
2018-01-15 11:24:54.230000,5.19,5.18,5.2,2458100.0
2018-01-15 11:24:57.098000,5.19,5.18,5.2,2458100.0
2018-01-15 11:24:59.950000,5.19,5.18,5.2,2458100.0
2018-01-15 11:25:03.008000,5.19,5.18,5.2,2458100.0
2018-01-15 11:25:05.981000,5.19,5.18,5.2,2458100.0
2018-01-15 11:25:08.812000,5.19,5.18,5.2,2458100.0
2018-01-15 11:25:13.333000,5.19,5.18,5.2,2458100.0
2018-01-15 11:25:16.326000,5.19,5.18,5.2,2458100.0
2018-01-15 11:25:19.494000,5.19,5.18,5.2,2458100.0
2018-01-15 11:25:22.482000,5.19,5.18,5.2,2458100.0
2018-01-15 11:25:25.550000,5.19,5.18,5.2,2458100.0
2018-01-15 11:25:28.450000,5.19,5.18,5.2,2458100.0
2018-01-15 11:25:31.544000,5.19,5.18,5.2,2458100.0
2018-01-15 11:25:34.455000,5.19,5.18,5.2,2458100.0
2018-01-15 11:25:37.430000,5.19,5.18,5.2,2458100.0
2018-01-15 11:25:40.451000,5.19,5.18,5.2,2458100.0
2018-01-15 11:25:43.358000,5.19,5.18,5.2,2458100.0
2018-01-15 11:25:46.160000,5.19,5.18,5.2,2458100.0
2018-01-15 11:25:48.999000,5.19,5.18,5.2,2458100.0
2018-01-15 11:25:51.883000,5.19,5.18,5.2,2463100.0
2018-01-15 11:25:54.711000,5.19,5.18,5.2,2463100.0
2018-01-15 11:25:57.582000,5.19,5.18,5.2,2463100.0
2018-01-15 11:26:00.553000,5.19,5.18,5.2,2463100.0
2018-01-15 11:26:03.427000,5.19,5.18,5.2,2463100.0
2018-01-15 11:26:10.477000,5.19,5.18,5.2,2463100.0
2018-01-15 11:26:13.450000,5.19,5.18,5.2,2463100.0
2018-01-15 11:26:16.358000,5.19,5.18,5.2,2463100.0
2018-01-15 11:26:19.337000,5.19,5.18,5.2,2463100.0
2018-01-15 11:26:22.297000,5.19,5.18,5.2,2463100.0
2018-01-15 11:26:25.104000,5.19,5.18,5.2,2463100.0
2018-01-15 11:26:28,5.19,5.18,5.2,2463100.0
2018-01-15 11:26:30.943000,5.19,5.18,5.2,2463100.0
2018-01-15 11:26:34.006000,5.19,5.18,5.2,2463100.0
2018-01-15 11:26:36.920000,5.19,5.18,5.2,2463100.0
2018-01-15 11:26:39.885000,5.19,5.18,5.2,2463100.0
2018-01-15 11:26:43.149000,5.19,5.18,5.2,2463100.0
2018-01-15 11:26:46.316000,5.19,5.18,5.2,2463100.0
2018-01-15 11:26:49.193000,5.19,5.18,5.2,2463100.0
2018-01-15 11:26:52.179000,5.19,5.18,5.2,2463100.0
2018-01-15 11:26:55.777000,5.19,5.18,5.2,2463100.0
2018-01-15 11:26:58.747000,5.19,5.18,5.2,2463100.0
2018-01-15 11:27:01.754000,5.19,5.18,5.2,2463100.0
2018-01-15 11:27:04.585000,5.19,5.18,5.2,2463100.0
2018-01-15 11:27:07.331000,5.19,5.18,5.2,2463100.0
2018-01-15 11:27:10.224000,5.19,5.18,5.2,2463100.0
2018-01-15 11:27:13.092000,5.19,5.18,5.2,2463100.0
2018-01-15 11:27:16.463000,5.19,5.18,5.2,2463100.0
2018-01-15 11:27:19.392000,5.19,5.18,5.2,2463100.0
2018-01-15 11:27:22.239000,5.19,5.18,5.2,2463100.0
2018-01-15 11:27:25.101000,5.19,5.18,5.2,2463100.0
2018-01-15 11:27:28.032000,5.19,5.18,5.2,2463100.0
2018-01-15 11:27:30.937000,5.19,5.18,5.2,2463100.0
2018-01-15 11:27:33.824000,5.19,5.18,5.2,2463100.0
2018-01-15 11:27:36.747000,5.19,5.18,5.2,2463100.0
2018-01-15 11:27:39.797000,5.19,5.18,5.2,2463100.0
2018-01-15 11:27:42.729000,5.19,5.18,5.2,2463100.0
2018-01-15 11:27:45.681000,5.19,5.18,5.2,2463100.0
2018-01-15 11:27:48.646000,5.19,5.18,5.2,2463100.0
2018-01-15 11:27:51.447000,5.19,5.18,5.2,2463100.0
2018-01-15 11:27:54.337000,5.19,5.18,5.2,2463100.0
2018-01-15 11:27:57.230000,5.19,5.18,5.2,2463100.0
2018-01-15 11:28:00.138000,5.19,5.18,5.2,2463100.0
2018-01-15 11:28:03.197000,5.19,5.18,5.2,2463100.0
2018-01-15 11:28:06.177000,5.19,5.18,5.2,2463100.0
2018-01-15 11:28:09.100000,5.19,5.18,5.2,2463100.0
2018-01-15 11:28:12.189000,5.19,5.18,5.2,2463100.0
2018-01-15 11:28:15.240000,5.19,5.18,5.2,2463100.0
2018-01-15 11:28:21.857000,5.19,5.18,5.2,2463100.0
2018-01-15 11:28:24.642000,5.19,5.18,5.2,2463100.0
2018-01-15 11:28:27.441000,5.19,5.18,5.2,2463100.0
2018-01-15 11:28:30.238000,5.19,5.18,5.2,2463100.0
2018-01-15 11:28:33.146000,5.19,5.19,5.2,2513100.0
2018-01-15 11:28:36.045000,5.19,5.19,5.2,2513100.0
2018-01-15 11:28:38.939000,5.19,5.19,5.2,2513100.0
2018-01-15 11:28:41.954000,5.19,5.19,5.2,2513100.0
2018-01-15 11:28:44.950000,5.19,5.19,5.2,2513100.0
2018-01-15 11:28:47.849000,5.19,5.19,5.2,2513100.0
2018-01-15 11:28:50.831000,5.19,5.19,5.2,2513100.0
2018-01-15 11:28:53.669000,5.19,5.19,5.2,2513100.0
2018-01-15 11:28:56.685000,5.19,5.19,5.2,2513100.0
2018-01-15 11:28:59.651000,5.19,5.19,5.2,2513100.0
2018-01-15 11:29:03.342000,5.19,5.19,5.2,2513100.0
2018-01-15 11:29:06.372000,5.19,5.19,5.2,2513100.0
2018-01-15 11:29:09.404000,5.19,5.19,5.2,2513100.0
2018-01-15 11:29:13.661000,5.19,5.19,5.2,2513100.0
2018-01-15 11:29:16.631000,5.19,5.19,5.2,2513100.0
2018-01-15 11:29:19.692000,5.19,5.19,5.2,2513100.0
2018-01-15 11:29:22.584000,5.19,5.19,5.2,2513100.0
2018-01-15 11:29:25.521000,5.19,5.19,5.2,2513100.0
2018-01-15 11:29:28.496000,5.19,5.19,5.2,2513100.0
2018-01-15 11:29:31.487000,5.19,5.19,5.2,2513100.0
2018-01-15 11:29:34.603000,5.19,5.19,5.2,2513100.0
2018-01-15 11:29:37.455000,5.19,5.19,5.2,2513100.0
2018-01-15 11:29:40.559000,5.19,5.19,5.2,2513100.0
2018-01-15 11:29:43.393000,5.19,5.19,5.2,2513100.0
2018-01-15 11:29:46.335000,5.19,5.19,5.2,2513100.0
2018-01-15 11:29:49.161000,5.19,5.19,5.2,2513100.0
2018-01-15 11:29:51.948000,5.19,5.19,5.2,2513100.0
2018-01-15 11:29:55.081000,5.19,5.19,5.2,2513100.0
2018-01-15 11:29:57.891000,5.19,5.19,5.2,2513100.0
2018-01-15 11:30:00.767000,5.19,5.19,5.2,2513100.0
2018-01-15 11:30:03.825000,5.19,5.19,5.2,2513100.0
2018-01-15 11:30:07.824000,5.19,5.19,5.2,2513100.0
2018-01-15 11:30:10.767000,5.19,5.19,5.2,2513100.0
2018-01-15 11:30:13.528000,5.19,5.19,5.2,2513100.0
2018-01-15 11:30:16.362000,5.19,5.19,5.2,2513100.0
2018-01-15 11:30:21.065000,5.19,5.19,5.2,2513100.0
2018-01-15 11:30:23.847000,5.19,5.19,5.2,2513100.0
2018-01-15 11:30:26.983000,5.19,5.19,5.2,2513100.0
2018-01-15 11:30:29.806000,5.19,5.19,5.2,2513100.0
2018-01-15 11:30:32.743000,5.19,5.19,5.2,2513100.0
2018-01-15 11:30:35.627000,5.19,5.19,5.2,2513100.0
2018-01-15 11:30:38.663000,5.19,5.19,5.2,2513100.0
2018-01-15 11:30:41.593000,5.19,5.19,5.2,2513100.0
2018-01-15 11:30:44.507000,5.19,5.19,5.2,2513100.0
2018-01-15 11:30:47.478000,5.19,5.19,5.2,2513100.0
2018-01-15 11:30:50.332000,5.19,5.19,5.2,2513100.0
2018-01-15 11:30:53.296000,5.19,5.19,5.2,2513100.0
2018-01-15 11:30:56.180000,5.19,5.19,5.2,2513100.0
2018-01-15 11:30:59.055000,5.19,5.19,5.2,2513100.0
2018-01-15 11:31:02.085000,5.19,5.19,5.2,2513100.0
2018-01-15 11:31:05.989000,5.19,5.19,5.2,2513100.0
2018-01-15 11:31:08.820000,5.19,5.19,5.2,2513100.0
2018-01-15 11:31:11.653000,5.19,5.19,5.2,2513100.0
2018-01-15 11:31:17.010000,5.19,5.19,5.2,2513100.0
2018-01-15 11:31:19.886000,5.19,5.19,5.2,2513100.0
2018-01-15 11:31:22.832000,5.19,5.19,5.2,2513100.0
2018-01-15 11:31:25.699000,5.19,5.19,5.2,2513100.0
2018-01-15 11:31:28.645000,5.19,5.19,5.2,2513100.0
2018-01-15 11:31:31.647000,5.19,5.19,5.2,2513100.0
2018-01-15 11:31:34.550000,5.19,5.19,5.2,2513100.0
2018-01-15 11:31:37.471000,5.19,5.19,5.2,2513100.0
2018-01-15 11:31:40.313000,5.19,5.19,5.2,2513100.0
2018-01-15 11:31:43.273000,5.19,5.19,5.2,2513100.0
2018-01-15 11:31:46.102000,5.19,5.19,5.2,2513100.0
2018-01-15 11:31:49.137000,5.19,5.19,5.2,2513100.0
2018-01-15 11:31:52.342000,5.19,5.19,5.2,2513100.0
2018-01-15 11:31:55.373000,5.19,5.19,5.2,2513100.0
2018-01-15 11:31:58.366000,5.19,5.19,5.2,2513100.0
2018-01-15 11:32:01.288000,5.19,5.19,5.2,2513100.0
2018-01-15 11:32:04.442000,5.19,5.19,5.2,2513100.0
2018-01-15 11:32:07.786000,5.19,5.19,5.2,2513100.0
2018-01-15 11:32:14.605000,5.19,5.19,5.2,2513100.0
2018-01-15 11:32:17.552000,5.19,5.19,5.2,2513100.0
2018-01-15 11:32:20.509000,5.19,5.19,5.2,2513100.0
