time,price,bid,ask,volume
2018-01-16 09:43:09.156000,31.65,31.6,31.65,2992450.0
2018-01-16 09:43:15.856000,31.65,31.6,31.65,2992450.0
2018-01-16 09:43:18.940000,31.65,31.6,31.65,3647450.0
2018-01-16 09:43:21.496000,31.65,31.6,31.65,3647450.0
2018-01-16 09:43:24.358000,31.65,31.6,31.65,3647450.0
2018-01-16 09:43:26.964000,31.65,31.6,31.65,3647450.0
2018-01-16 09:43:29.749000,31.65,31.6,31.65,3647450.0
2018-01-16 09:43:32.296000,31.65,31.6,31.65,3647450.0
2018-01-16 09:43:35.113000,31.65,31.6,31.65,3647450.0
2018-01-16 09:43:37.654000,31.65,31.6,31.65,3647450.0
2018-01-16 09:43:40.458000,31.65,31.6,31.65,3647450.0
2018-01-16 09:43:43.075000,31.65,31.6,31.65,3647450.0
2018-01-16 09:43:45.747000,31.65,31.6,31.65,3647450.0
2018-01-16 09:43:48.548000,31.65,31.6,31.65,3647450.0
2018-01-16 09:43:51.142000,31.65,31.6,31.65,3647450.0
2018-01-16 09:43:53.567000,31.65,31.6,31.65,3647450.0
2018-01-16 09:43:55.968000,31.65,31.6,31.65,3647450.0
2018-01-16 09:43:58.549000,31.65,31.6,31.65,3647450.0
2018-01-16 09:44:01.123000,31.65,31.6,31.65,3647450.0
2018-01-16 09:44:04.189000,31.65,31.6,31.65,3647450.0
2018-01-16 09:44:07,31.65,31.6,31.65,3647450.0
2018-01-16 09:44:09.634000,31.65,31.6,31.65,3647450.0
2018-01-16 09:44:12.233000,31.65,31.6,31.65,3647450.0
2018-01-16 09:44:14.940000,31.65,31.6,31.65,3647450.0
2018-01-16 09:44:18.274000,31.65,31.6,31.65,3648651.0
2018-01-16 09:44:20.864000,31.65,31.6,31.65,3648651.0
2018-01-16 09:44:23.347000,31.65,31.6,31.65,3648651.0
2018-01-16 09:44:26.091000,31.65,31.6,31.65,3648651.0
2018-01-16 09:44:28.595000,31.65,31.6,31.65,3648651.0
2018-01-16 09:44:31.280000,31.65,31.6,31.65,3648651.0
2018-01-16 09:44:34.003000,31.65,31.6,31.65,3648651.0
2018-01-16 09:44:36.578000,31.65,31.6,31.65,3648651.0
2018-01-16 09:44:39.312000,31.65,31.6,31.65,3648651.0
2018-01-16 09:44:41.717000,31.65,31.6,31.65,3648651.0
2018-01-16 09:44:44.436000,31.65,31.6,31.65,3648651.0
2018-01-16 09:44:46.885000,31.65,31.6,31.65,3648651.0
2018-01-16 09:44:49.471000,31.65,31.6,31.65,3648651.0
2018-01-16 09:44:52.110000,31.65,31.6,31.65,3648651.0
2018-01-16 09:44:54.579000,31.65,31.6,31.65,3648651.0
2018-01-16 09:44:57.273000,31.65,31.6,31.65,3648651.0
2018-01-16 09:44:59.695000,31.65,31.6,31.65,3648651.0
2018-01-16 09:45:02.139000,31.65,31.6,31.65,3648651.0
2018-01-16 09:45:05.051000,31.65,31.6,31.65,3648651.0
2018-01-16 09:45:07.792000,31.65,31.6,31.65,3648651.0
2018-01-16 09:45:10.127000,31.65,31.6,31.65,3648651.0
2018-01-16 09:45:12.670000,31.65,31.6,31.65,3648651.0
2018-01-16 09:45:17.142000,31.65,31.6,31.7,3649651.0
2018-01-16 09:45:19.785000,31.65,31.6,31.7,3649651.0
2018-01-16 09:45:22.237000,31.65,31.6,31.7,3649651.0
2018-01-16 09:45:24.823000,31.65,31.6,31.7,3649651.0
2018-01-16 09:45:27.479000,31.65,31.6,31.7,3649651.0
2018-01-16 09:45:30.050000,31.65,31.6,31.7,3649651.0
2018-01-16 09:45:32.798000,31.65,31.6,31.7,3649651.0
2018-01-16 09:45:35.636000,31.65,31.6,31.7,3649651.0
2018-01-16 09:45:38.859000,31.65,31.6,31.7,3649651.0
2018-01-16 09:45:41.422000,31.65,31.6,31.7,3649651.0
2018-01-16 09:45:44.429000,31.65,31.6,31.7,3649651.0
2018-01-16 09:45:47.242000,31.65,31.6,31.7,3649651.0
2018-01-16 09:45:49.860000,31.65,31.6,31.7,3649651.0
2018-01-16 09:45:52.562000,31.65,31.6,31.7,3649651.0
2018-01-16 09:45:55.385000,31.65,31.6,31.7,3649651.0
2018-01-16 09:45:57.899000,31.65,31.6,31.7,3649651.0
2018-01-16 09:46:00.478000,31.65,31.6,31.7,3649651.0
2018-01-16 09:46:02.982000,31.65,31.6,31.7,3649651.0
2018-01-16 09:46:05.738000,31.65,31.6,31.7,3649651.0
2018-01-16 09:46:08.415000,31.65,31.6,31.7,3649651.0
2018-01-16 09:46:11.034000,31.65,31.6,31.7,3649651.0
2018-01-16 09:46:14.232000,31.65,31.6,31.7,3649651.0
2018-01-16 09:46:16.891000,31.65,31.6,31.7,3649651.0
2018-01-16 09:46:19.362000,31.65,31.6,31.7,3649651.0
2018-01-16 09:46:22.277000,31.65,31.6,31.7,3649651.0
2018-01-16 09:46:25.009000,31.65,31.6,31.7,3649651.0
2018-01-16 09:46:27.956000,31.65,31.6,31.7,3649651.0
2018-01-16 09:46:31.044000,31.65,31.6,31.7,3649651.0
2018-01-16 09:46:34.118000,31.65,31.6,31.7,3649651.0
2018-01-16 09:46:37.241000,31.65,31.6,31.7,3649651.0
2018-01-16 09:46:40.954000,31.65,31.6,31.7,3649651.0
2018-01-16 09:46:44.215000,31.65,31.6,31.7,3649651.0
2018-01-16 09:46:47.456000,31.65,31.6,31.7,3649651.0
2018-01-16 09:46:50.562000,31.65,31.6,31.7,3649651.0
2018-01-16 09:46:53.575000,31.65,31.6,31.7,3649651.0
2018-01-16 09:46:57.694000,31.65,31.6,31.7,3649651.0
2018-01-16 09:47:00.960000,31.65,31.6,31.7,3649651.0
2018-01-16 09:47:04.162000,31.6,31.6,31.65,3651651.0
2018-01-16 09:47:07.434000,31.6,31.6,31.65,3651651.0
2018-01-16 09:47:10.374000,31.6,31.6,31.65,3651651.0
2018-01-16 09:47:15.453000,31.6,31.6,31.65,3651651.0
2018-01-16 09:47:18.109000,31.6,31.6,31.65,3651651.0
2018-01-16 09:47:21.014000,31.6,31.6,31.65,3651651.0
2018-01-16 09:47:23.662000,31.6,31.6,31.65,3651651.0
2018-01-16 09:47:26.363000,31.6,31.6,31.65,3651651.0
2018-01-16 09:47:29.499000,31.6,31.6,31.65,3651651.0
2018-01-16 09:47:32.182000,31.6,31.6,31.65,3651651.0
2018-01-16 09:47:35.031000,31.6,31.6,31.65,3651651.0
2018-01-16 09:47:37.683000,31.65,31.65,31.7,3868151.0
2018-01-16 09:47:40.248000,31.65,31.65,31.7,3868151.0
2018-01-16 09:47:42.959000,31.65,31.65,31.7,3868151.0
2018-01-16 09:47:45.509000,31.65,31.65,31.7,3868151.0
2018-01-16 09:47:48.095000,31.65,31.65,31.7,3868151.0
2018-01-16 09:47:50.707000,31.65,31.65,31.7,3868151.0
2018-01-16 09:47:53.221000,31.65,31.65,31.7,3868151.0
2018-01-16 09:47:55.657000,31.65,31.65,31.7,3868151.0
2018-01-16 09:47:58.230000,31.65,31.65,31.7,3868151.0
2018-01-16 09:48:00.705000,31.65,31.65,31.7,3868151.0
2018-01-16 09:48:03.725000,31.65,31.65,31.7,3868151.0
2018-01-16 09:48:07.667000,31.65,31.65,31.7,3868151.0
2018-01-16 09:48:10.239000,31.65,31.65,31.7,3868151.0
2018-01-16 09:48:12.838000,31.65,31.65,31.7,3868151.0
2018-01-16 09:48:18.064000,31.65,31.65,31.7,3868151.0
2018-01-16 09:48:20.345000,31.65,31.65,31.7,3868151.0
2018-01-16 09:48:22.497000,31.65,31.65,31.7,3868151.0
2018-01-16 09:48:24.568000,31.65,31.65,31.7,3868151.0
2018-01-16 09:48:27.028000,31.65,31.65,31.7,3868151.0
2018-01-16 09:48:29.282000,31.65,31.65,31.7,3974651.0
2018-01-16 09:48:31.520000,31.65,31.65,31.7,3974651.0
2018-01-16 09:48:33.901000,31.65,31.65,31.7,3974651.0
2018-01-16 09:48:36.166000,31.65,31.65,31.7,3974651.0
2018-01-16 09:48:38.236000,31.65,31.65,31.7,3974651.0
2018-01-16 09:48:40.245000,31.65,31.65,31.7,3974651.0
2018-01-16 09:48:42.453000,31.65,31.65,31.7,3974651.0
2018-01-16 09:48:44.541000,31.65,31.65,31.7,3974651.0
2018-01-16 09:48:46.693000,31.65,31.65,31.7,3974651.0
2018-01-16 09:48:48.835000,31.65,31.65,31.7,3974651.0
2018-01-16 09:48:51.271000,31.65,31.65,31.7,3974651.0
2018-01-16 09:48:53.926000,31.65,31.65,31.7,3974651.0
2018-01-16 09:48:56.488000,31.65,31.65,31.7,3974651.0
2018-01-16 09:48:59.101000,31.65,31.65,31.7,3974651.0
2018-01-16 09:49:01.694000,31.65,31.65,31.7,3974651.0
2018-01-16 09:49:04.525000,31.65,31.65,31.7,3974651.0
2018-01-16 09:49:07.088000,31.65,31.65,31.7,3974651.0
2018-01-16 09:49:09.847000,31.65,31.65,31.7,3974651.0
2018-01-16 09:49:12.433000,31.65,31.65,31.7,3974651.0
2018-01-16 09:49:17.260000,31.65,31.65,31.7,3974651.0
2018-01-16 09:49:19.820000,31.65,31.65,31.7,3974651.0
2018-01-16 09:49:22.013000,31.65,31.65,31.7,3974651.0
2018-01-16 09:49:24.279000,31.65,31.65,31.7,3974651.0
2018-01-16 09:49:26.693000,31.65,31.65,31.7,3974651.0
2018-01-16 09:49:29.246000,31.65,31.65,31.7,3974651.0
2018-01-16 09:49:31.318000,31.65,31.65,31.7,3974651.0
2018-01-16 09:49:33.475000,31.65,31.65,31.7,3974651.0
2018-01-16 09:49:35.685000,31.7,31.65,31.7,4149151.0
2018-01-16 09:49:37.717000,31.7,31.65,31.7,4149151.0
2018-01-16 09:49:39.944000,31.7,31.65,31.7,4149151.0
2018-01-16 09:49:42.232000,31.7,31.65,31.7,4149151.0
2018-01-16 09:49:44.746000,31.7,31.65,31.7,4149151.0
2018-01-16 09:49:46.950000,31.7,31.65,31.7,4149151.0
2018-01-16 09:49:49.152000,31.7,31.65,31.7,4149151.0
2018-01-16 09:49:51.411000,31.7,31.65,31.7,4149151.0
2018-01-16 09:49:54.185000,31.7,31.65,31.7,4149151.0
2018-01-16 09:49:56.489000,31.7,31.65,31.7,4149151.0
2018-01-16 09:49:58.738000,31.7,31.65,31.7,4149151.0
2018-01-16 09:50:01.349000,31.7,31.65,31.7,4149151.0
2018-01-16 09:50:03.519000,31.7,31.65,31.7,4149151.0
2018-01-16 09:50:05.995000,31.7,31.65,31.7,4149151.0
2018-01-16 09:50:08.398000,31.7,31.65,31.7,4149151.0
2018-01-16 09:50:10.442000,31.7,31.65,31.7,4149151.0
2018-01-16 09:50:12.796000,31.7,31.65,31.7,4149151.0
2018-01-16 09:50:15.053000,31.7,31.65,31.7,4149151.0
2018-01-16 09:50:17.176000,31.7,31.65,31.7,4149151.0
2018-01-16 09:50:19.501000,31.7,31.65,31.7,4149151.0
2018-01-16 09:50:21.868000,31.7,31.65,31.7,4149151.0
2018-01-16 09:50:24.078000,31.7,31.65,31.7,4149151.0
2018-01-16 09:50:26.232000,31.7,31.65,31.7,4149151.0
2018-01-16 09:50:28.494000,31.7,31.65,31.7,4149151.0
2018-01-16 09:50:30.976000,31.7,31.7,31.75,4255651.0
2018-01-16 09:50:33.116000,31.7,31.7,31.75,4255651.0
2018-01-16 09:50:35.197000,31.7,31.7,31.75,4255651.0
2018-01-16 09:50:37.296000,31.7,31.7,31.75,4255651.0
2018-01-16 09:50:39.422000,31.7,31.7,31.75,4255651.0
2018-01-16 09:50:42.124000,31.7,31.7,31.75,4255651.0
2018-01-16 09:50:44.250000,31.7,31.7,31.75,4255651.0
2018-01-16 09:50:46.367000,31.7,31.7,31.75,4255651.0
2018-01-16 09:50:48.506000,31.7,31.7,31.75,4255651.0
2018-01-16 09:50:50.600000,31.7,31.7,31.75,4255651.0
2018-01-16 09:50:52.733000,31.7,31.7,31.75,4255651.0
2018-01-16 09:50:55.044000,31.7,31.7,31.75,4255651.0
2018-01-16 09:50:57.374000,31.7,31.7,31.75,4255651.0
2018-01-16 09:50:59.515000,31.7,31.7,31.75,4255651.0
2018-01-16 09:51:01.554000,31.7,31.7,31.75,4255651.0
2018-01-16 09:51:04.198000,31.7,31.7,31.75,4255651.0
2018-01-16 09:51:06.303000,31.7,31.7,31.75,4255651.0
2018-01-16 09:51:08.570000,31.7,31.7,31.75,4255651.0
2018-01-16 09:51:10.604000,31.7,31.7,31.75,4255651.0
2018-01-16 09:51:15.236000,31.7,31.7,31.75,4255651.0
2018-01-16 09:51:17.390000,31.7,31.7,31.75,4255651.0
2018-01-16 09:51:19.125000,31.7,31.7,31.75,4255651.0
2018-01-16 09:51:21.298000,31.7,31.7,31.75,4255651.0
2018-01-16 09:51:23.336000,31.7,31.7,31.75,4255651.0
2018-01-16 09:51:25.353000,31.7,31.7,31.75,4255651.0
2018-01-16 09:51:27.407000,31.7,31.7,31.75,4257651.0
2018-01-16 09:51:29.628000,31.7,31.7,31.75,4257651.0
2018-01-16 09:51:31.806000,31.7,31.7,31.75,4257651.0
2018-01-16 09:51:34.133000,31.7,31.7,31.75,6051151.0
2018-01-16 09:51:36.172000,31.7,31.7,31.75,6051151.0
2018-01-16 09:51:38.322000,31.7,31.7,31.75,6051151.0
2018-01-16 09:51:40.520000,31.7,31.7,31.75,6051151.0
2018-01-16 09:51:42.577000,31.7,31.7,31.75,6051151.0
2018-01-16 09:51:44.988000,31.7,31.7,31.75,6051151.0
2018-01-16 09:51:47.204000,31.7,31.7,31.75,6051151.0
2018-01-16 09:51:49.738000,31.7,31.7,31.75,6051151.0
2018-01-16 09:51:51.743000,31.7,31.7,31.75,6051151.0
2018-01-16 09:51:53.701000,31.7,31.7,31.75,6051151.0
2018-01-16 09:51:55.857000,31.7,31.7,31.75,6051151.0
2018-01-16 09:51:57.991000,31.7,31.7,31.75,6051151.0
2018-01-16 09:52:00.224000,31.7,31.7,31.75,6051151.0
2018-01-16 09:52:02.299000,31.7,31.7,31.75,6051151.0
2018-01-16 09:52:06.337000,31.7,31.7,31.75,6051151.0
2018-01-16 09:52:08.445000,31.7,31.7,31.75,6051151.0
2018-01-16 09:52:10.442000,31.7,31.7,31.75,6051151.0
2018-01-16 09:52:12.511000,31.7,31.7,31.75,6051151.0
2018-01-16 09:52:16.229000,31.7,31.7,31.75,6051151.0
2018-01-16 09:52:18.134000,31.7,31.7,31.75,6051151.0
2018-01-16 09:52:20.289000,31.7,31.7,31.75,6051151.0
2018-01-16 09:52:22.470000,31.7,31.7,31.75,6051151.0
2018-01-16 09:52:24.688000,31.7,31.7,31.75,6051151.0
2018-01-16 09:52:26.588000,31.7,31.7,31.75,6051151.0
2018-01-16 09:52:28.714000,31.7,31.7,31.75,6051151.0
2018-01-16 09:52:30.884000,31.7,31.7,31.75,6051151.0
2018-01-16 09:52:33.120000,31.7,31.7,31.75,6051151.0
2018-01-16 09:52:35.104000,31.7,31.7,31.75,6051151.0
2018-01-16 09:52:37.299000,31.7,31.7,31.75,6051151.0
2018-01-16 09:52:39.474000,31.7,31.7,31.75,6051151.0
2018-01-16 09:52:41.409000,31.7,31.7,31.75,6051151.0
2018-01-16 09:52:43.463000,31.7,31.7,31.75,6051151.0
2018-01-16 09:52:45.429000,31.7,31.7,31.75,6051151.0
2018-01-16 09:52:47.440000,31.7,31.7,31.75,6051151.0
2018-01-16 09:52:49.548000,31.7,31.7,31.75,6051151.0
2018-01-16 09:52:51.528000,31.7,31.7,31.75,6051151.0
2018-01-16 09:52:53.527000,31.7,31.7,31.75,6051151.0
2018-01-16 09:52:55.744000,31.7,31.7,31.75,6051151.0
2018-01-16 09:52:57.845000,31.7,31.7,31.75,6051151.0
2018-01-16 09:52:59.735000,31.7,31.7,31.75,6051151.0
2018-01-16 09:53:01.730000,31.7,31.7,31.75,6051151.0
2018-01-16 09:53:04.324000,31.7,31.7,31.75,6051151.0
2018-01-16 09:53:06.479000,31.7,31.7,31.75,6051151.0
2018-01-16 09:53:08.556000,31.75,31.7,31.75,6159651.0
2018-01-16 09:53:10.510000,31.75,31.7,31.75,6159651.0
2018-01-16 09:53:12.597000,31.75,31.7,31.75,6159651.0
2018-01-16 09:53:14.596000,31.75,31.7,31.75,6159651.0
2018-01-16 09:53:16.682000,31.75,31.7,31.75,6159651.0
2018-01-16 09:53:18.777000,31.75,31.7,31.75,6159651.0
2018-01-16 09:53:20.730000,31.75,31.7,31.75,6159651.0
2018-01-16 09:53:22.738000,31.75,31.7,31.75,6159651.0
2018-01-16 09:53:24.770000,31.75,31.7,31.75,6159651.0
2018-01-16 09:53:26.761000,31.75,31.7,31.75,6159651.0
2018-01-16 09:53:28.834000,31.75,31.7,31.75,6159651.0
2018-01-16 09:53:30.984000,31.75,31.7,31.75,6159651.0
2018-01-16 09:53:33.249000,31.75,31.7,31.75,6159651.0
2018-01-16 09:53:35.421000,31.75,31.7,31.75,6159651.0
2018-01-16 09:53:37.409000,31.75,31.7,31.75,6159651.0
2018-01-16 09:53:39.424000,31.75,31.7,31.75,6159651.0
2018-01-16 09:53:41.528000,31.75,31.7,31.75,6159651.0
2018-01-16 09:53:43.464000,31.75,31.7,31.75,6159651.0
2018-01-16 09:53:45.588000,31.75,31.7,31.75,6159651.0
2018-01-16 09:53:47.904000,31.75,31.7,31.75,6159651.0
2018-01-16 09:53:49.948000,31.75,31.7,31.75,6159651.0
2018-01-16 09:53:52.049000,31.75,31.7,31.75,6159651.0
2018-01-16 09:53:54.048000,31.75,31.7,31.75,6159651.0
2018-01-16 09:53:56.031000,31.75,31.7,31.75,6159651.0
2018-01-16 09:53:58.201000,31.75,31.7,31.75,6159651.0
2018-01-16 09:54:00.309000,31.75,31.7,31.75,6159651.0
2018-01-16 09:54:02.488000,31.75,31.7,31.75,6159651.0
2018-01-16 09:54:06.470000,31.75,31.7,31.75,6159651.0
2018-01-16 09:54:08.590000,31.75,31.7,31.75,6159651.0
2018-01-16 09:54:10.620000,31.75,31.7,31.75,6159651.0
2018-01-16 09:54:12.878000,31.75,31.7,31.75,6159651.0
2018-01-16 09:54:14.801000,31.75,31.7,31.75,6159651.0
2018-01-16 09:54:18.589000,31.75,31.7,31.75,6159651.0
2018-01-16 09:54:20.649000,31.75,31.7,31.75,6159651.0
2018-01-16 09:54:22.851000,31.75,31.7,31.75,6159651.0
2018-01-16 09:54:24.903000,31.75,31.7,31.75,6159651.0
2018-01-16 09:54:27.035000,31.75,31.7,31.75,6159651.0
2018-01-16 09:54:29.055000,31.75,31.7,31.75,6159651.0
2018-01-16 09:54:31.133000,31.75,31.7,31.75,6159651.0
2018-01-16 09:54:33.278000,31.75,31.7,31.75,6159651.0
2018-01-16 09:54:35.386000,31.75,31.7,31.75,6159651.0
2018-01-16 09:54:37.494000,31.75,31.7,31.75,6159651.0
2018-01-16 09:54:39.572000,31.75,31.7,31.75,6159651.0
2018-01-16 09:54:41.574000,31.75,31.7,31.75,6159651.0
2018-01-16 09:54:43.608000,31.75,31.7,31.75,6159651.0
2018-01-16 09:54:45.627000,31.75,31.7,31.75,6159651.0
2018-01-16 09:54:47.568000,31.75,31.7,31.75,6159651.0
2018-01-16 09:54:49.489000,31.75,31.7,31.75,6159651.0
2018-01-16 09:54:51.621000,31.75,31.7,31.75,6159651.0
2018-01-16 09:54:53.855000,31.75,31.7,31.75,6159651.0
2018-01-16 09:54:55.857000,31.75,31.7,31.75,6159651.0
2018-01-16 09:54:57.849000,31.75,31.7,31.75,6159651.0
2018-01-16 09:54:59.801000,31.75,31.7,31.75,6159651.0
2018-01-16 09:55:01.825000,31.75,31.7,31.75,6159651.0
2018-01-16 09:55:04.450000,31.75,31.7,31.75,6159651.0
2018-01-16 09:55:06.579000,31.75,31.7,31.75,6159651.0
2018-01-16 09:55:08.684000,31.75,31.7,31.75,6159651.0
2018-01-16 09:55:11.448000,31.75,31.7,31.75,6159651.0
2018-01-16 09:55:14.146000,31.75,31.7,31.75,6159651.0
2018-01-16 09:55:17.645000,31.75,31.7,31.75,6159651.0
2018-01-16 09:55:19.800000,31.75,31.7,31.75,6159651.0
2018-01-16 09:55:22.012000,31.75,31.7,31.75,6159651.0
2018-01-16 09:55:24.419000,31.75,31.7,31.75,6159651.0
2018-01-16 09:55:26.534000,31.75,31.7,31.75,6159651.0
2018-01-16 09:55:28.659000,31.75,31.7,31.75,6159651.0
2018-01-16 09:55:30.674000,31.75,31.7,31.75,6225182.0
2018-01-16 09:55:32.664000,31.75,31.7,31.75,6225182.0
2018-01-16 09:55:34.647000,31.75,31.7,31.75,6225182.0
2018-01-16 09:55:36.685000,31.75,31.7,31.75,6225182.0
2018-01-16 09:55:38.779000,31.75,31.7,31.75,6225182.0
2018-01-16 09:55:40.783000,31.75,31.7,31.75,6225182.0
2018-01-16 09:55:42.837000,31.75,31.7,31.75,6225182.0
2018-01-16 09:55:44.763000,31.75,31.7,31.75,6225182.0
2018-01-16 09:55:46.670000,31.75,31.7,31.75,6225182.0
2018-01-16 09:55:48.747000,31.75,31.7,31.75,6225182.0
2018-01-16 09:55:50.793000,31.75,31.7,31.75,6225182.0
2018-01-16 09:55:52.852000,31.75,31.7,31.75,6225182.0
2018-01-16 09:55:54.922000,31.75,31.7,31.75,6225182.0
2018-01-16 09:55:56.974000,31.75,31.7,31.75,6225182.0
2018-01-16 09:55:59.086000,31.75,31.7,31.75,6225182.0
2018-01-16 09:56:01.230000,31.75,31.7,31.75,6225182.0
2018-01-16 09:56:03.311000,31.75,31.7,31.75,6225182.0
2018-01-16 09:56:05.259000,31.75,31.75,31.8,6430682.0
2018-01-16 09:56:07.319000,31.75,31.75,31.8,6430682.0
2018-01-16 09:56:09.287000,31.75,31.75,31.8,6430682.0
2018-01-16 09:56:11.193000,31.75,31.75,31.8,6430682.0
2018-01-16 09:56:15.831000,31.75,31.75,31.8,6430682.0
2018-01-16 09:56:17.966000,31.75,31.75,31.8,6430682.0
2018-01-16 09:56:20.423000,31.75,31.75,31.8,6430682.0
2018-01-16 09:56:22.350000,31.75,31.75,31.8,6430682.0
2018-01-16 09:56:24.427000,31.75,31.75,31.8,6430682.0
2018-01-16 09:56:26.443000,31.75,31.75,31.8,6430682.0
2018-01-16 09:56:28.586000,31.75,31.75,31.8,6430682.0
2018-01-16 09:56:30.507000,31.75,31.75,31.8,6430682.0
2018-01-16 09:56:32.605000,31.75,31.75,31.8,6430682.0
2018-01-16 09:56:34.676000,31.75,31.75,31.8,6430682.0
2018-01-16 09:56:36.726000,31.75,31.75,31.8,6430682.0
2018-01-16 09:56:38.728000,31.75,31.75,31.8,6430682.0
2018-01-16 09:56:40.741000,31.75,31.75,31.8,6430682.0
2018-01-16 09:56:42.845000,31.75,31.75,31.8,6430682.0
2018-01-16 09:56:45.258000,31.75,31.75,31.8,6430682.0
2018-01-16 09:56:47.241000,31.75,31.75,31.8,6430682.0
2018-01-16 09:56:49.258000,31.75,31.75,31.8,6430682.0
2018-01-16 09:56:51.382000,31.75,31.75,31.8,6430682.0
2018-01-16 09:56:53.529000,31.75,31.75,31.8,6430682.0
2018-01-16 09:56:55.594000,31.75,31.75,31.8,6430682.0
2018-01-16 09:56:57.665000,31.75,31.75,31.8,6430682.0
2018-01-16 09:56:59.571000,31.75,31.75,31.8,6430682.0
2018-01-16 09:57:01.589000,31.75,31.75,31.8,6430682.0
2018-01-16 09:57:03.514000,31.75,31.75,31.8,6430682.0
2018-01-16 09:57:05.575000,31.75,31.75,31.8,6430682.0
2018-01-16 09:57:07.585000,31.75,31.75,31.8,6430682.0
2018-01-16 09:57:09.646000,31.75,31.75,31.8,6430682.0
2018-01-16 09:57:14.663000,31.75,31.75,31.8,6430682.0
2018-01-16 09:57:19.004000,31.75,31.75,31.8,6430682.0
2018-01-16 09:57:21.523000,31.75,31.75,31.8,6430682.0
2018-01-16 09:57:23.473000,31.75,31.75,31.8,6430682.0
2018-01-16 09:57:25.457000,31.75,31.75,31.8,6430682.0
2018-01-16 09:57:27.613000,31.75,31.75,31.8,6430682.0
2018-01-16 09:57:29.934000,31.75,31.75,31.8,6430682.0
2018-01-16 09:57:32.209000,31.75,31.75,31.8,6430682.0
2018-01-16 09:57:34.493000,31.75,31.75,31.8,6430682.0
2018-01-16 09:57:37.240000,31.75,31.75,31.8,6430682.0
2018-01-16 09:57:39.548000,31.75,31.75,31.8,6430682.0
2018-01-16 09:57:41.779000,31.75,31.75,31.8,6430682.0
2018-01-16 09:57:43.922000,31.75,31.75,31.8,6430682.0
2018-01-16 09:57:46.262000,31.75,31.75,31.8,6430682.0
2018-01-16 09:57:48.516000,31.75,31.75,31.8,6430682.0
2018-01-16 09:57:51.126000,31.75,31.75,31.8,6430682.0
2018-01-16 09:57:53.323000,31.75,31.75,31.8,6430682.0
2018-01-16 09:57:55.580000,31.75,31.75,31.8,6430682.0
2018-01-16 09:57:57.676000,31.75,31.75,31.8,6430682.0
2018-01-16 09:58:00.100000,31.75,31.75,31.8,6430682.0
2018-01-16 09:58:02.364000,31.75,31.75,31.8,6430682.0
2018-01-16 09:58:04.672000,31.75,31.75,31.8,6430682.0
2018-01-16 09:58:06.939000,31.75,31.75,31.8,6430682.0
2018-01-16 09:58:09.464000,31.75,31.75,31.8,6430682.0
2018-01-16 09:58:11.604000,31.75,31.75,31.8,6430682.0
2018-01-16 09:58:13.768000,31.75,31.7,31.75,6433182.0
2018-01-16 09:58:17.662000,31.75,31.7,31.75,6433182.0
2018-01-16 09:58:19.813000,31.75,31.7,31.75,6433182.0
2018-01-16 09:58:22.240000,31.75,31.7,31.75,6433182.0
2018-01-16 09:58:24.449000,31.75,31.7,31.75,6433182.0
2018-01-16 09:58:26.707000,31.75,31.7,31.75,6433182.0
2018-01-16 09:58:29.058000,31.75,31.7,31.75,6433182.0
2018-01-16 09:58:31.266000,31.75,31.7,31.75,6433182.0
2018-01-16 09:58:33.510000,31.75,31.7,31.75,6433182.0
2018-01-16 09:58:35.978000,31.75,31.7,31.75,6433182.0
2018-01-16 09:58:38.301000,31.75,31.7,31.75,6433182.0
2018-01-16 09:58:40.592000,31.75,31.7,31.75,6433182.0
2018-01-16 09:58:42.689000,31.75,31.7,31.75,6433182.0
2018-01-16 09:58:45.160000,31.75,31.7,31.75,6433182.0
2018-01-16 09:58:47.690000,31.75,31.7,31.75,6433182.0
2018-01-16 09:58:49.799000,31.75,31.7,31.75,6433182.0
2018-01-16 09:58:52.064000,31.75,31.7,31.75,6433182.0
2018-01-16 09:58:54.094000,31.75,31.7,31.75,6433182.0
2018-01-16 09:58:56.296000,31.75,31.7,31.75,6433182.0
2018-01-16 09:58:58.309000,31.75,31.7,31.75,6433182.0
2018-01-16 09:59:00.887000,31.75,31.7,31.75,6433182.0
2018-01-16 09:59:03.322000,31.75,31.7,31.75,6433182.0
2018-01-16 09:59:05.628000,31.75,31.7,31.75,6433182.0
2018-01-16 09:59:07.862000,31.75,31.7,31.75,6433182.0
2018-01-16 09:59:10.254000,31.75,31.7,31.75,6433182.0
2018-01-16 09:59:12.737000,31.75,31.7,31.75,6433182.0
2018-01-16 09:59:16.889000,31.75,31.7,31.75,6433182.0
2018-01-16 09:59:19.106000,31.75,31.7,31.75,6433852.0
2018-01-16 09:59:21.564000,31.75,31.7,31.75,6433852.0
2018-01-16 09:59:24.142000,31.75,31.7,31.75,6433852.0
2018-01-16 09:59:26.730000,31.75,31.7,31.75,6433852.0
2018-01-16 09:59:29.122000,31.75,31.7,31.75,6433852.0
2018-01-16 09:59:31.738000,31.75,31.7,31.75,6433852.0
2018-01-16 09:59:34.267000,31.75,31.7,31.75,6433852.0
2018-01-16 09:59:36.698000,31.75,31.7,31.75,6433852.0
2018-01-16 09:59:38.985000,31.75,31.7,31.75,6433852.0
2018-01-16 09:59:41.478000,31.75,31.7,31.75,6433852.0
2018-01-16 09:59:43.890000,31.75,31.7,31.75,6433852.0
2018-01-16 09:59:46.280000,31.75,31.7,31.75,6433852.0
2018-01-16 09:59:48.905000,31.75,31.7,31.75,6433852.0
2018-01-16 09:59:51.025000,31.75,31.7,31.75,6433852.0
2018-01-16 09:59:53.462000,31.75,31.7,31.75,6433852.0
2018-01-16 09:59:55.831000,31.75,31.7,31.75,6433852.0
2018-01-16 09:59:58.308000,31.75,31.7,31.75,6433852.0
2018-01-16 10:00:00.692000,31.75,31.7,31.75,6433852.0
2018-01-16 10:00:03.353000,31.75,31.7,31.75,6433852.0
2018-01-16 10:00:06.040000,31.75,31.7,31.75,6434352.0
2018-01-16 10:00:08.514000,31.75,31.7,31.75,6434352.0
2018-01-16 10:00:11.021000,31.75,31.7,31.75,6434352.0
2018-01-16 10:00:13.385000,31.75,31.7,31.75,6434352.0
2018-01-16 10:00:18.699000,31.75,31.7,31.75,6434352.0
2018-01-16 10:00:21.048000,31.75,31.7,31.75,6434352.0
2018-01-16 10:00:23.370000,31.75,31.7,31.75,6434352.0
2018-01-16 10:00:25.936000,31.75,31.7,31.75,6434352.0
2018-01-16 10:00:28.121000,31.75,31.7,31.75,6434352.0
2018-01-16 10:00:30.660000,31.75,31.7,31.75,6434352.0
2018-01-16 10:00:32.972000,31.75,31.7,31.75,6434352.0
2018-01-16 10:00:35.387000,31.75,31.7,31.75,6434352.0
2018-01-16 10:00:37.901000,31.75,31.7,31.75,6434352.0
2018-01-16 10:00:40.208000,31.75,31.7,31.75,6434352.0
2018-01-16 10:00:42.741000,31.75,31.7,31.75,6434352.0
2018-01-16 10:00:45.324000,31.75,31.7,31.75,6434352.0
2018-01-16 10:00:47.724000,31.75,31.7,31.75,6434352.0
2018-01-16 10:00:50.029000,31.75,31.7,31.75,6434352.0
2018-01-16 10:00:52.349000,31.75,31.7,31.75,6434352.0
2018-01-16 10:00:54.625000,31.75,31.7,31.75,6434352.0
2018-01-16 10:00:57.118000,31.75,31.7,31.75,6434352.0
2018-01-16 10:00:59.509000,31.75,31.7,31.75,6434352.0
2018-01-16 10:01:01.841000,31.75,31.7,31.75,6434352.0
2018-01-16 10:01:04.457000,31.75,31.7,31.75,6434352.0
2018-01-16 10:01:06.852000,31.75,31.7,31.75,6434352.0
2018-01-16 10:01:09.757000,31.75,31.7,31.75,6434352.0
2018-01-16 10:01:12.162000,31.75,31.7,31.75,6434352.0
2018-01-16 10:01:14.813000,31.75,31.7,31.75,6434352.0
2018-01-16 10:01:18.183000,31.75,31.7,31.75,6903852.0
2018-01-16 10:01:20.585000,31.75,31.7,31.75,6903852.0
2018-01-16 10:01:23.097000,31.75,31.7,31.75,6903852.0
2018-01-16 10:01:25.672000,31.75,31.7,31.75,6903852.0
2018-01-16 10:01:28.027000,31.75,31.7,31.75,6903852.0
2018-01-16 10:01:30.663000,31.75,31.7,31.75,6903852.0
2018-01-16 10:01:32.996000,31.75,31.7,31.75,6903852.0
2018-01-16 10:01:35.570000,31.75,31.7,31.75,6903852.0
2018-01-16 10:01:37.925000,31.75,31.7,31.75,6903852.0
2018-01-16 10:01:40.380000,31.75,31.7,31.75,6903852.0
2018-01-16 10:01:42.909000,31.75,31.7,31.75,6903852.0
2018-01-16 10:01:45.294000,31.75,31.7,31.75,6903852.0
2018-01-16 10:01:47.693000,31.75,31.7,31.75,6903852.0
2018-01-16 10:01:50.132000,31.75,31.7,31.75,6903852.0
2018-01-16 10:01:52.616000,31.75,31.7,31.75,6903852.0
2018-01-16 10:01:54.790000,31.75,31.7,31.75,6903852.0
2018-01-16 10:01:57.149000,31.75,31.7,31.75,6903852.0
2018-01-16 10:01:59.523000,31.75,31.7,31.75,6903852.0
2018-01-16 10:02:01.858000,31.75,31.7,31.75,6903852.0
2018-01-16 10:02:04.329000,31.75,31.7,31.75,6903852.0
2018-01-16 10:02:06.790000,31.75,31.7,31.75,6903852.0
2018-01-16 10:02:10.077000,31.75,31.75,31.8,7160852.0
2018-01-16 10:02:13.684000,31.75,31.75,31.8,7160852.0
2018-01-16 10:02:18.845000,31.75,31.75,31.8,7160852.0
2018-01-16 10:02:21.237000,31.75,31.75,31.8,7160852.0
2018-01-16 10:02:23.689000,31.75,31.75,31.8,7160852.0
2018-01-16 10:02:26.174000,31.75,31.75,31.8,7160852.0
2018-01-16 10:02:28.568000,31.75,31.75,31.8,7160852.0
2018-01-16 10:02:31.169000,31.75,31.75,31.8,7160852.0
2018-01-16 10:02:33.911000,31.75,31.75,31.8,7160852.0
2018-01-16 10:02:36.185000,31.75,31.75,31.8,7160852.0
2018-01-16 10:02:39.063000,31.75,31.75,31.8,7160852.0
2018-01-16 10:02:41.575000,31.75,31.75,31.8,7160852.0
2018-01-16 10:02:44.241000,31.75,31.75,31.8,7160852.0
2018-01-16 10:02:46.593000,31.75,31.75,31.8,7160852.0
2018-01-16 10:02:49.057000,31.75,31.75,31.8,7160852.0
2018-01-16 10:02:51.425000,31.75,31.75,31.8,7160852.0
2018-01-16 10:02:53.639000,31.75,31.75,31.8,7160852.0
2018-01-16 10:02:55.913000,31.75,31.75,31.8,7160852.0
2018-01-16 10:02:58.173000,31.75,31.75,31.8,7160852.0
2018-01-16 10:03:00.636000,31.75,31.75,31.8,7160852.0
2018-01-16 10:03:03.328000,31.75,31.75,31.8,7160852.0
2018-01-16 10:03:05.730000,31.75,31.75,31.8,7160852.0
2018-01-16 10:03:08.249000,31.75,31.75,31.8,7160852.0
2018-01-16 10:03:10.782000,31.75,31.75,31.8,7160852.0
2018-01-16 10:03:13.027000,31.75,31.75,31.8,7160852.0
2018-01-16 10:03:15.508000,31.75,31.75,31.8,7160852.0
2018-01-16 10:03:18.062000,31.75,31.75,31.8,7160852.0
2018-01-16 10:03:20.839000,31.75,31.75,31.8,7160852.0
2018-01-16 10:03:23.436000,31.75,31.75,31.8,7160852.0
2018-01-16 10:03:25.980000,31.75,31.75,31.8,7160852.0
2018-01-16 10:03:28.409000,31.75,31.75,31.8,7160852.0
2018-01-16 10:03:30.941000,31.75,31.75,31.8,7160852.0
2018-01-16 10:03:33.501000,31.75,31.75,31.8,7160852.0
2018-01-16 10:03:35.762000,31.75,31.75,31.8,7160852.0
2018-01-16 10:03:38.248000,31.75,31.75,31.8,7160852.0
2018-01-16 10:03:40.898000,31.75,31.75,31.8,7160852.0
2018-01-16 10:03:43.251000,31.75,31.75,31.8,7160852.0
2018-01-16 10:03:45.673000,31.75,31.75,31.8,7160852.0
2018-01-16 10:03:48.077000,31.75,31.75,31.8,7160852.0
2018-01-16 10:03:50.448000,31.75,31.75,31.8,7160852.0
2018-01-16 10:03:52.808000,31.75,31.75,31.8,7160852.0
2018-01-16 10:03:55.155000,31.75,31.75,31.8,7160852.0
2018-01-16 10:03:57.525000,31.75,31.75,31.8,7160852.0
2018-01-16 10:04:00.028000,31.75,31.75,31.8,7160852.0
2018-01-16 10:04:02.449000,31.75,31.75,31.8,7160852.0
2018-01-16 10:04:04.881000,31.75,31.75,31.8,7160852.0
2018-01-16 10:04:07.464000,31.75,31.75,31.8,7160852.0
2018-01-16 10:04:09.867000,31.75,31.75,31.8,7160852.0
2018-01-16 10:04:12.339000,31.75,31.75,31.8,7160852.0
2018-01-16 10:04:14.620000,31.75,31.75,31.8,7160852.0
2018-01-16 10:04:17.763000,31.75,31.75,31.8,7160852.0
2018-01-16 10:04:20.211000,31.75,31.75,31.8,7160852.0
2018-01-16 10:04:22.745000,31.75,31.75,31.8,7160852.0
2018-01-16 10:04:25.132000,31.75,31.75,31.8,7160852.0
2018-01-16 10:04:27.495000,31.75,31.75,31.8,7160852.0
2018-01-16 10:04:29.899000,31.75,31.75,31.8,7160852.0
2018-01-16 10:04:32.401000,31.75,31.75,31.8,7160852.0
2018-01-16 10:04:34.569000,31.75,31.75,31.8,7160852.0
2018-01-16 10:04:36.974000,31.75,31.75,31.8,7160852.0
2018-01-16 10:04:39.490000,31.75,31.75,31.8,7160852.0
2018-01-16 10:04:41.898000,31.75,31.75,31.8,7160852.0
2018-01-16 10:04:44.256000,31.75,31.75,31.8,7160852.0
2018-01-16 10:04:46.561000,31.75,31.75,31.8,7160852.0
2018-01-16 10:04:49.226000,31.75,31.75,31.8,7160852.0
2018-01-16 10:04:51.768000,31.75,31.75,31.8,7160852.0
2018-01-16 10:04:54.046000,31.75,31.75,31.8,7160852.0
2018-01-16 10:04:56.382000,31.75,31.75,31.8,7160852.0
2018-01-16 10:04:58.852000,31.75,31.75,31.8,7160852.0
2018-01-16 10:05:01.434000,31.75,31.75,31.8,7160852.0
2018-01-16 10:05:04.023000,31.75,31.75,31.8,7160852.0
2018-01-16 10:05:06.627000,31.75,31.75,31.8,7160852.0
2018-01-16 10:05:09.319000,31.8,31.75,31.8,7290352.0
2018-01-16 10:05:11.782000,31.8,31.75,31.8,7290352.0
2018-01-16 10:05:14.839000,31.8,31.75,31.8,7290352.0
2018-01-16 10:05:17.731000,31.8,31.75,31.8,7290352.0
2018-01-16 10:05:20.279000,31.8,31.75,31.8,7290352.0
2018-01-16 10:05:22.670000,31.8,31.75,31.8,7290352.0
2018-01-16 10:05:25.047000,31.8,31.75,31.8,7290352.0
2018-01-16 10:05:27.356000,31.8,31.75,31.8,7290352.0
2018-01-16 10:05:29.750000,31.8,31.75,31.8,7290352.0
2018-01-16 10:05:32.325000,31.8,31.75,31.8,7290352.0
2018-01-16 10:05:34.963000,31.8,31.75,31.8,7290352.0
2018-01-16 10:05:37.435000,31.8,31.75,31.8,7290352.0
2018-01-16 10:05:39.798000,31.8,31.75,31.8,7290352.0
2018-01-16 10:05:42.343000,31.8,31.75,31.8,7290352.0
2018-01-16 10:05:44.890000,31.8,31.75,31.8,7290352.0
2018-01-16 10:05:47.125000,31.8,31.75,31.8,7290352.0
2018-01-16 10:05:49.750000,31.8,31.75,31.8,7290352.0
2018-01-16 10:05:52.341000,31.8,31.75,31.8,7290352.0
2018-01-16 10:05:54.693000,31.8,31.75,31.8,7290352.0
2018-01-16 10:05:57.150000,31.8,31.75,31.8,7290352.0
2018-01-16 10:05:59.609000,31.8,31.75,31.8,7290352.0
2018-01-16 10:06:02.300000,31.8,31.75,31.8,7290352.0
2018-01-16 10:06:07.766000,31.75,31.75,31.8,7294681.0
2018-01-16 10:06:10.347000,31.75,31.75,31.8,7294681.0
2018-01-16 10:06:15.547000,31.75,31.75,31.8,7294681.0
2018-01-16 10:06:18.046000,31.75,31.75,31.8,7294681.0
2018-01-16 10:06:20.548000,31.75,31.75,31.8,7294681.0
2018-01-16 10:06:23.029000,31.75,31.75,31.8,7294681.0
2018-01-16 10:06:25.470000,31.75,31.75,31.8,7294681.0
2018-01-16 10:06:27.905000,31.75,31.75,31.8,7294681.0
2018-01-16 10:06:30.362000,31.75,31.75,31.8,7294681.0
2018-01-16 10:06:32.780000,31.75,31.75,31.8,7294681.0
2018-01-16 10:06:35.392000,31.75,31.75,31.8,7294681.0
2018-01-16 10:06:37.967000,31.75,31.75,31.8,7294681.0
2018-01-16 10:06:40.461000,31.75,31.75,31.8,7294681.0
2018-01-16 10:06:42.939000,31.75,31.75,31.8,7294681.0
2018-01-16 10:06:45.160000,31.75,31.75,31.8,7294681.0
2018-01-16 10:06:47.670000,31.75,31.75,31.8,7294681.0
2018-01-16 10:06:50.268000,31.75,31.75,31.8,7294681.0
2018-01-16 10:06:52.609000,31.75,31.75,31.8,7294681.0
2018-01-16 10:06:55.042000,31.75,31.75,31.8,7294681.0
2018-01-16 10:06:57.687000,31.75,31.75,31.8,7294681.0
2018-01-16 10:07:00.206000,31.75,31.75,31.8,7294681.0
2018-01-16 10:07:02.845000,31.75,31.75,31.8,7294681.0
2018-01-16 10:07:05.308000,31.75,31.75,31.8,7294681.0
2018-01-16 10:07:07.939000,31.75,31.75,31.8,7294681.0
2018-01-16 10:07:10.677000,31.75,31.75,31.8,7294681.0
2018-01-16 10:07:13.175000,31.75,31.75,31.8,7294681.0
2018-01-16 10:07:19.066000,31.75,31.75,31.8,7294681.0
2018-01-16 10:07:21.406000,31.75,31.75,31.8,7294681.0
2018-01-16 10:07:24.100000,31.75,31.75,31.8,7294681.0
2018-01-16 10:07:26.541000,31.75,31.75,31.8,7294681.0
2018-01-16 10:07:28.899000,31.75,31.75,31.8,7294681.0
2018-01-16 10:07:31.239000,31.75,31.75,31.8,7294681.0
2018-01-16 10:07:33.762000,31.75,31.75,31.8,7294681.0
2018-01-16 10:07:36.176000,31.75,31.75,31.8,7294681.0
2018-01-16 10:07:38.137000,31.75,31.75,31.8,7294681.0
2018-01-16 10:07:40.663000,31.75,31.75,31.8,7294681.0
2018-01-16 10:07:43.093000,31.75,31.75,31.8,7294681.0
2018-01-16 10:07:45.565000,31.75,31.75,31.8,7294681.0
2018-01-16 10:07:48.044000,31.75,31.75,31.8,7294681.0
2018-01-16 10:07:50.345000,31.75,31.75,31.8,7294681.0
2018-01-16 10:07:52.874000,31.8,31.75,31.8,7309681.0
2018-01-16 10:07:55.590000,31.8,31.75,31.8,7309681.0
2018-01-16 10:07:58.034000,31.8,31.75,31.8,7309681.0
2018-01-16 10:08:00.351000,31.8,31.75,31.8,7309681.0
2018-01-16 10:08:02.859000,31.8,31.75,31.8,7309681.0
2018-01-16 10:08:05.300000,31.8,31.75,31.8,7309681.0
2018-01-16 10:08:07.656000,31.8,31.75,31.8,7309681.0
2018-01-16 10:08:10.155000,31.8,31.75,31.8,7309681.0
2018-01-16 10:08:12.525000,31.8,31.75,31.8,7309681.0
2018-01-16 10:08:17.005000,31.8,31.75,31.8,7309681.0
2018-01-16 10:08:19.807000,31.8,31.75,31.8,7309681.0
2018-01-16 10:08:22.426000,31.8,31.75,31.8,7309681.0
2018-01-16 10:08:25.180000,31.8,31.75,31.8,7309681.0
2018-01-16 10:08:27.738000,31.8,31.75,31.8,7309681.0
2018-01-16 10:08:30.216000,31.8,31.75,31.8,7309681.0
2018-01-16 10:08:32.862000,31.8,31.75,31.8,7309681.0
2018-01-16 10:08:35.492000,31.8,31.75,31.8,7309681.0
2018-01-16 10:08:38.205000,31.8,31.75,31.8,7309681.0
2018-01-16 10:08:40.746000,31.8,31.75,31.8,7309681.0
2018-01-16 10:08:43.393000,31.8,31.75,31.8,7309681.0
2018-01-16 10:08:46.349000,31.8,31.75,31.8,7309681.0
2018-01-16 10:08:48.967000,31.8,31.75,31.8,7309681.0
2018-01-16 10:08:51.611000,31.8,31.75,31.8,7309681.0
2018-01-16 10:08:54.318000,31.8,31.75,31.8,7309681.0
2018-01-16 10:08:57.025000,31.8,31.75,31.8,7309681.0
2018-01-16 10:08:59.799000,31.8,31.75,31.8,7309681.0
2018-01-16 10:09:02.447000,31.8,31.75,31.8,7309681.0
2018-01-16 10:09:05.083000,31.8,31.75,31.8,7309681.0
2018-01-16 10:09:07.721000,31.8,31.75,31.8,7309681.0
2018-01-16 10:09:10.383000,31.8,31.75,31.8,7309681.0
2018-01-16 10:09:13.066000,31.8,31.75,31.8,7309681.0
2018-01-16 10:09:15.632000,31.8,31.75,31.8,7309681.0
2018-01-16 10:09:18.192000,31.8,31.75,31.8,7309681.0
2018-01-16 10:09:20.743000,31.8,31.75,31.8,7309681.0
2018-01-16 10:09:23.176000,31.8,31.75,31.8,7309681.0
2018-01-16 10:09:25.755000,31.8,31.75,31.8,7309681.0
2018-01-16 10:09:28.349000,31.8,31.75,31.8,7309681.0
2018-01-16 10:09:30.896000,31.8,31.75,31.8,7309681.0
2018-01-16 10:09:33.426000,31.8,31.75,31.8,7309681.0
2018-01-16 10:09:35.948000,31.8,31.75,31.8,7309681.0
2018-01-16 10:09:38.699000,31.8,31.75,31.8,7314681.0
2018-01-16 10:09:41.262000,31.8,31.75,31.8,7314681.0
2018-01-16 10:09:43.786000,31.8,31.75,31.8,7314681.0
2018-01-16 10:09:46.263000,31.8,31.75,31.8,7314681.0
2018-01-16 10:09:48.755000,31.8,31.75,31.8,7314681.0
2018-01-16 10:09:51.430000,31.8,31.75,31.8,7314681.0
2018-01-16 10:09:54.021000,31.8,31.75,31.8,7314681.0
2018-01-16 10:09:56.474000,31.8,31.75,31.8,7314681.0
2018-01-16 10:09:59.082000,31.8,31.75,31.8,7314681.0
2018-01-16 10:10:01.460000,31.8,31.75,31.8,7314681.0
2018-01-16 10:10:04.293000,31.8,31.75,31.8,7314681.0
2018-01-16 10:10:06.773000,31.8,31.75,31.8,7314681.0
2018-01-16 10:10:09.312000,31.8,31.75,31.8,7314681.0
2018-01-16 10:10:12.739000,31.8,31.75,31.8,7314681.0
2018-01-16 10:10:15.102000,31.8,31.75,31.8,7314681.0
2018-01-16 10:10:19.149000,31.8,31.75,31.8,7314681.0
2018-01-16 10:10:21.650000,31.8,31.75,31.8,7314681.0
2018-01-16 10:10:24.141000,31.8,31.75,31.8,7314681.0
2018-01-16 10:10:26.834000,31.8,31.75,31.8,7314681.0
2018-01-16 10:10:29.414000,31.8,31.75,31.8,7314681.0
2018-01-16 10:10:31.935000,31.8,31.75,31.8,7314681.0
2018-01-16 10:10:34.517000,31.8,31.75,31.8,7314681.0
2018-01-16 10:10:37.099000,31.8,31.75,31.8,7314681.0
2018-01-16 10:10:40.097000,31.8,31.75,31.8,7314681.0
2018-01-16 10:10:42.880000,31.8,31.75,31.8,7314681.0
2018-01-16 10:10:45.500000,31.8,31.75,31.8,7314681.0
2018-01-16 10:10:48.083000,31.8,31.75,31.8,7314681.0
2018-01-16 10:10:50.626000,31.8,31.75,31.8,7314681.0
2018-01-16 10:10:53.508000,31.8,31.75,31.8,7314681.0
2018-01-16 10:10:56.014000,31.8,31.75,31.8,7314681.0
2018-01-16 10:10:59.806000,31.8,31.75,31.8,7314681.0
2018-01-16 10:11:03.193000,31.8,31.75,31.8,7314681.0
2018-01-16 10:11:06.447000,31.8,31.75,31.8,7314681.0
2018-01-16 10:11:09.898000,31.8,31.75,31.8,7314681.0
2018-01-16 10:11:13.211000,31.8,31.75,31.8,7314681.0
2018-01-16 10:11:16.423000,31.8,31.75,31.8,7314681.0
2018-01-16 10:11:19.496000,31.8,31.75,31.8,7314681.0
2018-01-16 10:11:22.525000,31.8,31.75,31.8,7314681.0
2018-01-16 10:11:25.605000,31.8,31.75,31.8,7314681.0
2018-01-16 10:11:28.663000,31.8,31.75,31.8,7314681.0
2018-01-16 10:11:31.963000,31.8,31.75,31.8,7314681.0
2018-01-16 10:11:35.501000,31.8,31.75,31.8,7314681.0
2018-01-16 10:11:38.868000,31.8,31.75,31.8,7314681.0
2018-01-16 10:11:42.233000,31.8,31.75,31.8,7314681.0
2018-01-16 10:11:45.401000,31.8,31.75,31.8,7314681.0
2018-01-16 10:11:48.679000,31.8,31.75,31.8,7314681.0
2018-01-16 10:11:51.685000,31.8,31.75,31.8,7314681.0
2018-01-16 10:11:54.916000,31.8,31.75,31.8,7314681.0
2018-01-16 10:11:57.722000,31.8,31.75,31.8,7314681.0
2018-01-16 10:12:00.463000,31.8,31.75,31.8,7314681.0
2018-01-16 10:12:03.225000,31.8,31.75,31.8,7314681.0
2018-01-16 10:12:06.194000,31.8,31.75,31.8,7314681.0
2018-01-16 10:12:09.185000,31.8,31.75,31.8,7314681.0
2018-01-16 10:12:12.208000,31.8,31.75,31.8,7314681.0
2018-01-16 10:12:15.308000,31.8,31.75,31.8,7314681.0
2018-01-16 10:12:18.197000,31.8,31.75,31.8,7314681.0
2018-01-16 10:12:21.320000,31.8,31.75,31.8,7314681.0
2018-01-16 10:12:24.300000,31.75,31.75,31.8,7315181.0
2018-01-16 10:12:27.276000,31.75,31.75,31.8,7315181.0
2018-01-16 10:12:30.270000,31.75,31.75,31.8,7315181.0
2018-01-16 10:12:33.369000,31.75,31.75,31.8,7315181.0
2018-01-16 10:12:36.423000,31.75,31.75,31.8,7315181.0
2018-01-16 10:12:39.996000,31.75,31.75,31.8,7315181.0
2018-01-16 10:12:43.090000,31.75,31.75,31.8,7315181.0
2018-01-16 10:12:46.109000,31.75,31.75,31.8,7315181.0
2018-01-16 10:12:49.136000,31.75,31.75,31.8,7315181.0
2018-01-16 10:12:52.082000,31.75,31.75,31.8,7315181.0
2018-01-16 10:12:55.106000,31.75,31.7,31.8,7337181.0
2018-01-16 10:12:58.117000,31.75,31.7,31.8,7337181.0
2018-01-16 10:13:01.174000,31.75,31.7,31.8,7337181.0
2018-01-16 10:13:04.074000,31.75,31.7,31.8,7337181.0
2018-01-16 10:13:07.249000,31.75,31.7,31.8,7337181.0
2018-01-16 10:13:10.107000,31.75,31.7,31.8,7337181.0
2018-01-16 10:13:13.181000,31.75,31.7,31.8,7337181.0
2018-01-16 10:13:18.511000,31.75,31.7,31.8,7337181.0
2018-01-16 10:13:21.421000,31.75,31.7,31.8,7337181.0
2018-01-16 10:13:24.556000,31.75,31.7,31.8,7337181.0
2018-01-16 10:13:27.662000,31.75,31.7,31.8,7337181.0
2018-01-16 10:13:30.729000,31.75,31.7,31.8,7337181.0
2018-01-16 10:13:33.760000,31.75,31.7,31.8,7337181.0
2018-01-16 10:13:36.703000,31.75,31.7,31.8,7337181.0
2018-01-16 10:13:39.687000,31.75,31.7,31.8,7337181.0
2018-01-16 10:13:42.659000,31.75,31.7,31.8,7337181.0
2018-01-16 10:13:45.702000,31.75,31.7,31.8,7337181.0
2018-01-16 10:13:48.698000,31.75,31.7,31.8,7337181.0
2018-01-16 10:13:51.529000,31.75,31.7,31.8,7337181.0
2018-01-16 10:13:54.400000,31.75,31.7,31.8,7337181.0
2018-01-16 10:13:57.372000,31.75,31.7,31.8,7337181.0
2018-01-16 10:14:00.504000,31.75,31.7,31.8,7337181.0
2018-01-16 10:14:03.480000,31.75,31.7,31.8,7337181.0
2018-01-16 10:14:06.515000,31.75,31.7,31.8,7337181.0
2018-01-16 10:14:09.635000,31.75,31.7,31.8,7337181.0
2018-01-16 10:14:12.635000,31.75,31.7,31.8,7337181.0
2018-01-16 10:14:18.463000,31.75,31.7,31.8,7337181.0
2018-01-16 10:14:21.597000,31.75,31.7,31.8,7337181.0
2018-01-16 10:14:24.483000,31.75,31.7,31.8,7337181.0
2018-01-16 10:14:27.347000,31.75,31.7,31.8,7337181.0
2018-01-16 10:14:30.435000,31.75,31.7,31.8,7337181.0
2018-01-16 10:14:33.402000,31.75,31.7,31.8,7337181.0
2018-01-16 10:14:36.848000,31.75,31.7,31.8,7337181.0
2018-01-16 10:14:39.810000,31.75,31.7,31.8,7337181.0
2018-01-16 10:14:42.794000,31.75,31.7,31.8,7337181.0
2018-01-16 10:14:45.673000,31.75,31.7,31.8,7337181.0
2018-01-16 10:14:48.966000,31.75,31.7,31.8,7337181.0
2018-01-16 10:14:52.038000,31.75,31.7,31.8,7337181.0
2018-01-16 10:14:54.933000,31.75,31.7,31.8,7337181.0
2018-01-16 10:14:57.932000,31.75,31.7,31.8,7337181.0
2018-01-16 10:15:00.844000,31.75,31.7,31.8,7337181.0
2018-01-16 10:15:03.967000,31.75,31.7,31.8,7337181.0
2018-01-16 10:15:07.597000,31.75,31.7,31.8,7337181.0
2018-01-16 10:15:10.523000,31.75,31.7,31.8,7337181.0
2018-01-16 10:15:16.657000,31.75,31.7,31.8,7337181.0
2018-01-16 10:15:19.545000,31.75,31.7,31.8,7337181.0
2018-01-16 10:15:22.610000,31.75,31.7,31.8,7337181.0
2018-01-16 10:15:25.535000,31.75,31.7,31.8,7337181.0
2018-01-16 10:15:28.513000,31.75,31.7,31.8,7337181.0
2018-01-16 10:15:31.485000,31.75,31.7,31.8,7337181.0
2018-01-16 10:15:34.574000,31.75,31.7,31.8,7337181.0
2018-01-16 10:15:37.561000,31.75,31.7,31.8,7337181.0
2018-01-16 10:15:40.768000,31.75,31.7,31.8,7337181.0
2018-01-16 10:15:43.841000,31.75,31.7,31.8,7337181.0
2018-01-16 10:15:46.929000,31.75,31.7,31.8,7337181.0
2018-01-16 10:15:51.235000,31.75,31.7,31.8,7337181.0
2018-01-16 10:15:54.154000,31.75,31.7,31.8,7337181.0
2018-01-16 10:15:57.158000,31.75,31.7,31.8,7337181.0
2018-01-16 10:16:00.156000,31.75,31.7,31.8,7337181.0
2018-01-16 10:16:03.164000,31.75,31.7,31.8,7337181.0
2018-01-16 10:16:06.236000,31.75,31.7,31.8,7337181.0
2018-01-16 10:16:09.265000,31.75,31.7,31.8,7337181.0
2018-01-16 10:16:12.159000,31.75,31.7,31.8,7337181.0
2018-01-16 10:16:18.530000,31.75,31.7,31.8,7337181.0
2018-01-16 10:16:21.724000,31.75,31.75,31.8,7344181.0
2018-01-16 10:16:24.718000,31.75,31.75,31.8,7344181.0
2018-01-16 10:16:27.946000,31.75,31.75,31.8,7344181.0
2018-01-16 10:16:30.970000,31.75,31.75,31.8,7344181.0
2018-01-16 10:16:33.763000,31.75,31.75,31.8,7344181.0
2018-01-16 10:16:37.001000,31.75,31.75,31.8,7344181.0
2018-01-16 10:16:39.930000,31.75,31.75,31.8,7344181.0
2018-01-16 10:16:43.012000,31.75,31.75,31.8,7344181.0
2018-01-16 10:16:46.018000,31.75,31.75,31.8,7344181.0
2018-01-16 10:16:49.015000,31.75,31.75,31.8,7344181.0
2018-01-16 10:16:52.173000,31.75,31.75,31.8,7344181.0
2018-01-16 10:16:55.158000,31.75,31.75,31.8,7344181.0
2018-01-16 10:16:58.237000,31.75,31.75,31.8,7344181.0
2018-01-16 10:17:01.220000,31.75,31.75,31.8,7344181.0
2018-01-16 10:17:04.220000,31.75,31.75,31.8,7344181.0
2018-01-16 10:17:07.364000,31.75,31.75,31.8,7344181.0
2018-01-16 10:17:10.384000,31.75,31.75,31.8,7344181.0
2018-01-16 10:17:16.934000,31.75,31.75,31.8,7344181.0
2018-01-16 10:17:19.895000,31.75,31.75,31.8,7344181.0
2018-01-16 10:17:22.853000,31.75,31.75,31.8,7344181.0
2018-01-16 10:17:26.041000,31.75,31.75,31.8,7344181.0
2018-01-16 10:17:28.937000,31.75,31.75,31.8,7344181.0
2018-01-16 10:17:31.862000,31.75,31.75,31.8,7344181.0
2018-01-16 10:17:34.816000,31.75,31.75,31.8,7344181.0
2018-01-16 10:17:37.570000,31.75,31.75,31.8,7344181.0
2018-01-16 10:17:40.881000,31.75,31.75,31.8,7344181.0
2018-01-16 10:17:43.907000,31.75,31.75,31.8,7344181.0
2018-01-16 10:17:46.769000,31.75,31.75,31.8,7344181.0
2018-01-16 10:17:49.564000,31.75,31.75,31.8,7344181.0
2018-01-16 10:17:52.553000,31.75,31.75,31.8,7344181.0
2018-01-16 10:17:55.622000,31.75,31.75,31.8,7344181.0
2018-01-16 10:17:58.688000,31.75,31.75,31.8,7344181.0
2018-01-16 10:18:01.756000,31.75,31.75,31.8,7344181.0
2018-01-16 10:18:04.645000,31.75,31.75,31.8,7344181.0
2018-01-16 10:18:07.804000,31.75,31.75,31.8,7344181.0
2018-01-16 10:18:10.884000,31.75,31.75,31.8,7344181.0
2018-01-16 10:18:13.797000,31.75,31.75,31.8,7344181.0
2018-01-16 10:18:18.737000,31.75,31.75,31.8,7344181.0
2018-01-16 10:18:21.990000,31.75,31.75,31.8,7344181.0
2018-01-16 10:18:24.813000,31.75,31.75,31.8,7344181.0
2018-01-16 10:18:28.029000,31.75,31.75,31.8,7344181.0
2018-01-16 10:18:31.161000,31.75,31.75,31.8,7344181.0
2018-01-16 10:18:34.145000,31.75,31.75,31.8,7344181.0
2018-01-16 10:18:37.086000,31.75,31.75,31.8,7344181.0
2018-01-16 10:18:40.100000,31.75,31.75,31.8,7344181.0
2018-01-16 10:18:43.026000,31.75,31.75,31.8,7344181.0
2018-01-16 10:18:45.870000,31.75,31.75,31.8,7344181.0
2018-01-16 10:18:48.769000,31.75,31.75,31.8,7344181.0
2018-01-16 10:18:51.991000,31.75,31.75,31.8,7344181.0
2018-01-16 10:18:54.980000,31.75,31.75,31.8,7344181.0
2018-01-16 10:18:57.820000,31.75,31.75,31.8,7344181.0
2018-01-16 10:19:00.554000,31.75,31.75,31.8,7344181.0
2018-01-16 10:19:03.426000,31.75,31.75,31.8,7344181.0
2018-01-16 10:19:06.442000,31.75,31.75,31.8,7344181.0
2018-01-16 10:19:09.462000,31.75,31.75,31.8,7344181.0
2018-01-16 10:19:12.418000,31.75,31.75,31.8,7344181.0
2018-01-16 10:19:15.444000,31.75,31.75,31.8,7344181.0
2018-01-16 10:19:18.286000,31.75,31.75,31.8,7344181.0
2018-01-16 10:19:21.411000,31.75,31.75,31.8,7344181.0
2018-01-16 10:19:24.498000,31.75,31.75,31.8,7355181.0
2018-01-16 10:19:28.127000,31.75,31.75,31.8,7355181.0
2018-01-16 10:19:31.054000,31.75,31.75,31.8,7355181.0
2018-01-16 10:19:33.994000,31.75,31.75,31.8,7355181.0
2018-01-16 10:19:36.826000,31.75,31.75,31.8,7355181.0
2018-01-16 10:19:40.004000,31.75,31.75,31.8,7355181.0
2018-01-16 10:19:42.796000,31.75,31.75,31.8,7355181.0
2018-01-16 10:19:46.022000,31.75,31.75,31.8,7355181.0
2018-01-16 10:19:49.036000,31.75,31.75,31.8,7355181.0
2018-01-16 10:19:52.055000,31.75,31.75,31.8,7355181.0
2018-01-16 10:19:54.994000,31.75,31.75,31.8,7355181.0
2018-01-16 10:19:57.915000,31.75,31.75,31.8,7355181.0
2018-01-16 10:20:01.021000,31.75,31.75,31.8,7355181.0
2018-01-16 10:20:03.943000,31.75,31.75,31.8,7355181.0
2018-01-16 10:20:09.050000,31.75,31.75,31.8,7355181.0
2018-01-16 10:20:12.194000,31.75,31.75,31.8,7355181.0
2018-01-16 10:20:16.839000,31.75,31.75,31.8,7355181.0
2018-01-16 10:20:19.726000,31.75,31.75,31.8,7355181.0
2018-01-16 10:20:22.666000,31.75,31.75,31.8,7355181.0
2018-01-16 10:20:25.711000,31.75,31.75,31.8,7355181.0
2018-01-16 10:20:28.973000,31.75,31.75,31.8,7355181.0
2018-01-16 10:20:32.102000,31.75,31.75,31.8,7355181.0
2018-01-16 10:20:35.084000,31.75,31.75,31.8,7355181.0
2018-01-16 10:20:37.963000,31.75,31.75,31.8,7355181.0
2018-01-16 10:20:40.991000,31.75,31.75,31.8,7355181.0
2018-01-16 10:20:43.973000,31.75,31.75,31.8,7355181.0
2018-01-16 10:20:46.906000,31.75,31.75,31.8,7355181.0
2018-01-16 10:20:49.945000,31.75,31.75,31.8,7355181.0
2018-01-16 10:20:52.880000,31.75,31.75,31.8,7355181.0
2018-01-16 10:20:55.853000,31.75,31.75,31.8,7355181.0
2018-01-16 10:20:58.741000,31.75,31.75,31.8,7355181.0
2018-01-16 10:21:01.583000,31.75,31.75,31.8,7355181.0
2018-01-16 10:21:07.422000,31.75,31.75,31.8,7355181.0
2018-01-16 10:21:10.376000,31.75,31.75,31.8,7355181.0
2018-01-16 10:21:13.294000,31.75,31.75,31.8,7355181.0
2018-01-16 10:21:16.849000,31.75,31.75,31.8,7355181.0
2018-01-16 10:21:19.870000,31.75,31.75,31.8,7355181.0
2018-01-16 10:21:22.849000,31.75,31.75,31.8,7355181.0
2018-01-16 10:21:25.915000,31.75,31.75,31.8,7355181.0
2018-01-16 10:21:29.024000,31.75,31.75,31.8,7355181.0
2018-01-16 10:21:31.944000,31.75,31.75,31.8,7355181.0
2018-01-16 10:21:34.883000,31.75,31.75,31.8,7355181.0
2018-01-16 10:21:38.005000,31.75,31.75,31.8,7355181.0
2018-01-16 10:21:40.995000,31.75,31.75,31.8,7355181.0
2018-01-16 10:21:44.084000,31.75,31.75,31.8,7355181.0
2018-01-16 10:21:47.010000,31.75,31.75,31.8,7355181.0
2018-01-16 10:21:49.975000,31.75,31.75,31.8,7355181.0
2018-01-16 10:21:52.823000,31.75,31.75,31.8,7355181.0
2018-01-16 10:21:55.616000,31.75,31.75,31.8,7355181.0
2018-01-16 10:21:58.576000,31.75,31.75,31.8,7355181.0
2018-01-16 10:22:01.514000,31.75,31.75,31.8,7355181.0
2018-01-16 10:22:04.460000,31.75,31.75,31.8,7355181.0
2018-01-16 10:22:07.462000,31.75,31.75,31.8,7355181.0
2018-01-16 10:22:10.385000,31.75,31.75,31.8,7355181.0
2018-01-16 10:22:13.279000,31.75,31.75,31.8,7355181.0
2018-01-16 10:22:16.246000,31.75,31.75,31.8,7355181.0
2018-01-16 10:22:19.132000,31.75,31.75,31.8,7355181.0
2018-01-16 10:22:22.334000,31.75,31.75,31.8,7355181.0
2018-01-16 10:22:25.134000,31.75,31.75,31.8,7355181.0
2018-01-16 10:22:28.045000,31.75,31.75,31.8,7355181.0
2018-01-16 10:22:30.981000,31.75,31.75,31.8,7355181.0
2018-01-16 10:22:33.855000,31.75,31.75,31.8,7355181.0
2018-01-16 10:22:37.202000,31.75,31.75,31.8,7355181.0
2018-01-16 10:22:40.069000,31.75,31.75,31.8,7355181.0
2018-01-16 10:22:43.113000,31.75,31.75,31.8,7355181.0
2018-01-16 10:22:46.027000,31.75,31.75,31.8,7355181.0
2018-01-16 10:22:49.043000,31.75,31.75,31.8,7355181.0
2018-01-16 10:22:52.094000,31.75,31.75,31.8,7355181.0
2018-01-16 10:22:55.302000,31.75,31.75,31.8,7355181.0
2018-01-16 10:22:58.328000,31.75,31.75,31.8,7355181.0
2018-01-16 10:23:01.267000,31.75,31.75,31.8,7355181.0
2018-01-16 10:23:04.313000,31.75,31.75,31.8,7355181.0
2018-01-16 10:23:07.370000,31.75,31.75,31.8,7355181.0
2018-01-16 10:23:10.227000,31.75,31.75,31.8,7355181.0
2018-01-16 10:23:13.106000,31.75,31.75,31.8,7360681.0
2018-01-16 10:23:18.691000,31.75,31.75,31.8,7360681.0
2018-01-16 10:23:21.809000,31.75,31.75,31.8,7360681.0
2018-01-16 10:23:24.736000,31.75,31.75,31.8,7360681.0
2018-01-16 10:23:27.620000,31.75,31.75,31.8,7360681.0
2018-01-16 10:23:30.714000,31.75,31.75,31.8,7360681.0
2018-01-16 10:23:33.781000,31.75,31.75,31.8,7360681.0
2018-01-16 10:23:36.858000,31.75,31.75,31.8,7360681.0
2018-01-16 10:23:39.824000,31.75,31.75,31.8,7360681.0
2018-01-16 10:23:42.751000,31.75,31.75,31.8,7360681.0
2018-01-16 10:23:45.624000,31.75,31.75,31.8,7360681.0
2018-01-16 10:23:48.799000,31.75,31.75,31.8,7360681.0
2018-01-16 10:23:52.129000,31.75,31.75,31.8,7360681.0
2018-01-16 10:23:55.076000,31.75,31.75,31.8,7360681.0
2018-01-16 10:23:58.101000,31.75,31.75,31.8,7360681.0
2018-01-16 10:24:00.937000,31.75,31.75,31.8,7360681.0
2018-01-16 10:24:03.904000,31.75,31.75,31.8,7360681.0
2018-01-16 10:24:06.671000,31.75,31.75,31.8,7360681.0
2018-01-16 10:24:11.599000,31.75,31.75,31.8,7360681.0
2018-01-16 10:24:17.529000,31.75,31.75,31.8,7360681.0
2018-01-16 10:24:20.556000,31.75,31.75,31.8,7360681.0
2018-01-16 10:24:23.576000,31.75,31.75,31.8,7360681.0
2018-01-16 10:24:26.637000,31.75,31.75,31.8,7360681.0
2018-01-16 10:24:29.636000,31.75,31.75,31.8,7360681.0
2018-01-16 10:24:32.624000,31.75,31.75,31.8,7360681.0
2018-01-16 10:24:35.604000,31.75,31.75,31.8,7360681.0
2018-01-16 10:24:38.767000,31.75,31.75,31.8,7360681.0
2018-01-16 10:24:41.636000,31.75,31.75,31.8,7360681.0
2018-01-16 10:24:44.556000,31.75,31.75,31.8,7360681.0
2018-01-16 10:24:47.595000,31.75,31.75,31.8,7360681.0
2018-01-16 10:24:50.656000,31.75,31.75,31.8,7360681.0
2018-01-16 10:24:53.565000,31.75,31.75,31.8,7360681.0
2018-01-16 10:24:56.563000,31.75,31.75,31.8,7360681.0
2018-01-16 10:24:59.496000,31.75,31.75,31.8,7360681.0
2018-01-16 10:25:02.619000,31.75,31.75,31.8,7360681.0
2018-01-16 10:25:07.062000,31.75,31.75,31.8,7360681.0
2018-01-16 10:25:10.028000,31.75,31.75,31.8,7360681.0
2018-01-16 10:25:15.046000,31.75,31.75,31.8,7360681.0
2018-01-16 10:25:18.026000,31.75,31.75,31.8,7360681.0
2018-01-16 10:25:20.998000,31.75,31.75,31.8,7360681.0
2018-01-16 10:25:23.974000,31.75,31.75,31.8,7360681.0
2018-01-16 10:25:26.984000,31.75,31.75,31.8,7360681.0
2018-01-16 10:25:29.826000,31.75,31.75,31.8,7360681.0
2018-01-16 10:25:32.968000,31.75,31.75,31.8,7360681.0
2018-01-16 10:25:35.925000,31.75,31.75,31.8,7360681.0
2018-01-16 10:25:38.860000,31.75,31.75,31.8,7360681.0
2018-01-16 10:25:41.784000,31.75,31.75,31.8,7360681.0
2018-01-16 10:25:44.575000,31.75,31.75,31.8,7360681.0
2018-01-16 10:25:47.547000,31.75,31.75,31.8,7360681.0
2018-01-16 10:25:50.268000,31.75,31.75,31.8,7360681.0
2018-01-16 10:25:53.229000,31.75,31.75,31.8,7360681.0
2018-01-16 10:25:56.155000,31.8,31.75,31.8,7615801.0
2018-01-16 10:25:59.309000,31.8,31.75,31.8,7615801.0
2018-01-16 10:26:02.137000,31.8,31.8,31.85,7679801.0
2018-01-16 10:26:05.107000,31.8,31.8,31.85,7679801.0
2018-01-16 10:26:08.048000,31.8,31.8,31.85,7679801.0
2018-01-16 10:26:10.965000,31.8,31.8,31.85,7679801.0
2018-01-16 10:26:14.889000,31.8,31.8,31.85,7679801.0
2018-01-16 10:26:17.924000,31.8,31.8,31.85,7679801.0
2018-01-16 10:26:20.766000,31.8,31.8,31.85,7679801.0
2018-01-16 10:26:23.754000,31.8,31.8,31.85,7679801.0
2018-01-16 10:26:26.655000,31.8,31.8,31.85,7679801.0
2018-01-16 10:26:29.532000,31.8,31.8,31.85,7679801.0
2018-01-16 10:26:32.395000,31.8,31.8,31.85,7679801.0
2018-01-16 10:26:35.334000,31.8,31.8,31.85,7679801.0
2018-01-16 10:26:38.150000,31.8,31.8,31.85,7679801.0
2018-01-16 10:26:41.151000,31.8,31.8,31.85,7679801.0
2018-01-16 10:26:44.083000,31.8,31.8,31.85,7679801.0
2018-01-16 10:26:47.011000,31.8,31.8,31.85,7679801.0
2018-01-16 10:26:50.030000,31.8,31.8,31.85,7679801.0
2018-01-16 10:26:53.541000,31.8,31.8,31.85,7679801.0
2018-01-16 10:26:56.479000,31.8,31.8,31.85,7679801.0
2018-01-16 10:26:59.532000,31.8,31.8,31.85,7679801.0
2018-01-16 10:27:02.440000,31.8,31.75,31.8,7696301.0
2018-01-16 10:27:05.393000,31.8,31.75,31.8,7696301.0
2018-01-16 10:27:08.486000,31.8,31.75,31.8,7696301.0
2018-01-16 10:27:15.533000,31.8,31.75,31.8,7696301.0
2018-01-16 10:27:18.380000,31.8,31.75,31.8,7696301.0
2018-01-16 10:27:21.139000,31.8,31.75,31.8,7696301.0
2018-01-16 10:27:24.183000,31.8,31.75,31.8,7696301.0
2018-01-16 10:27:27.207000,31.8,31.75,31.8,7696301.0
2018-01-16 10:27:30.298000,31.8,31.75,31.8,7696301.0
2018-01-16 10:27:33.396000,31.8,31.75,31.8,7696301.0
2018-01-16 10:27:36.323000,31.8,31.75,31.8,7696301.0
2018-01-16 10:27:39.122000,31.8,31.75,31.8,7696301.0
2018-01-16 10:27:42.145000,31.8,31.75,31.8,7696301.0
2018-01-16 10:27:45.093000,31.8,31.75,31.8,7696301.0
2018-01-16 10:27:48.079000,31.8,31.75,31.8,7696301.0
2018-01-16 10:27:51.189000,31.8,31.75,31.8,7696301.0
2018-01-16 10:27:54.002000,31.8,31.75,31.8,7696301.0
2018-01-16 10:27:56.990000,31.8,31.75,31.8,7696301.0
2018-01-16 10:27:59.783000,31.8,31.75,31.8,7696301.0
2018-01-16 10:28:02.661000,31.8,31.75,31.8,7696301.0
2018-01-16 10:28:05.688000,31.8,31.75,31.8,7696301.0
2018-01-16 10:28:09.235000,31.8,31.75,31.8,7696301.0
2018-01-16 10:28:12.034000,31.8,31.75,31.8,7696301.0
2018-01-16 10:28:14.948000,31.8,31.75,31.8,7696301.0
2018-01-16 10:28:17.955000,31.8,31.75,31.8,7696301.0
2018-01-16 10:28:20.799000,31.8,31.75,31.8,7696301.0
2018-01-16 10:28:23.527000,31.8,31.75,31.8,7696301.0
2018-01-16 10:28:26.365000,31.8,31.75,31.8,7696301.0
2018-01-16 10:28:29.243000,31.8,31.75,31.8,7696301.0
2018-01-16 10:28:32.103000,31.8,31.75,31.8,7696301.0
2018-01-16 10:28:35.048000,31.8,31.75,31.8,7696301.0
2018-01-16 10:28:38.254000,31.8,31.75,31.8,7696301.0
2018-01-16 10:28:41.194000,31.8,31.75,31.8,7696301.0
2018-01-16 10:28:44.147000,31.8,31.75,31.8,7696301.0
2018-01-16 10:28:47.099000,31.8,31.75,31.8,7696301.0
2018-01-16 10:28:50.114000,31.8,31.75,31.8,7696301.0
2018-01-16 10:28:53.081000,31.8,31.75,31.8,7696301.0
2018-01-16 10:28:55.988000,31.8,31.75,31.8,7696301.0
2018-01-16 10:28:58.898000,31.8,31.75,31.8,7696301.0
2018-01-16 10:29:01.947000,31.8,31.75,31.8,7696301.0
2018-01-16 10:29:04.990000,31.8,31.75,31.8,7696301.0
2018-01-16 10:29:07.965000,31.8,31.75,31.8,7696301.0
2018-01-16 10:29:11.849000,31.8,31.75,31.8,7696301.0
2018-01-16 10:29:16.582000,31.8,31.75,31.8,7696301.0
2018-01-16 10:29:19.721000,31.8,31.75,31.8,7696301.0
2018-01-16 10:29:22.681000,31.8,31.75,31.8,7696301.0
2018-01-16 10:29:25.740000,31.8,31.75,31.8,7696301.0
2018-01-16 10:29:28.666000,31.8,31.75,31.8,7696301.0
2018-01-16 10:29:31.835000,31.8,31.75,31.8,7696301.0
2018-01-16 10:29:34.923000,31.8,31.75,31.8,7696301.0
2018-01-16 10:29:37.817000,31.8,31.75,31.8,7696301.0
2018-01-16 10:29:40.752000,31.8,31.75,31.8,7696301.0
2018-01-16 10:29:43.509000,31.8,31.75,31.8,7696301.0
2018-01-16 10:29:46.535000,31.8,31.75,31.8,7696301.0
2018-01-16 10:29:49.381000,31.8,31.75,31.8,7696301.0
2018-01-16 10:29:52.491000,31.8,31.75,31.8,7696301.0
2018-01-16 10:29:55.396000,31.8,31.75,31.8,7696301.0
2018-01-16 10:29:58.376000,31.8,31.75,31.8,7696301.0
2018-01-16 10:30:01.314000,31.8,31.75,31.8,7696301.0
2018-01-16 10:30:04.369000,31.8,31.75,31.8,7696301.0
2018-01-16 10:30:07.396000,31.8,31.75,31.8,7696301.0
2018-01-16 10:30:10.483000,31.8,31.75,31.8,7696301.0
2018-01-16 10:30:16.444000,31.8,31.75,31.8,7696301.0
2018-01-16 10:30:19.550000,31.8,31.75,31.8,7696301.0
2018-01-16 10:30:22.338000,31.8,31.75,31.8,7696301.0
2018-01-16 10:30:25.456000,31.8,31.75,31.8,7696301.0
2018-01-16 10:30:28.319000,31.8,31.75,31.8,7803301.0
2018-01-16 10:30:31.477000,31.8,31.75,31.8,7803301.0
2018-01-16 10:30:34.706000,31.8,31.75,31.8,7803301.0
2018-01-16 10:30:37.662000,31.8,31.75,31.8,7803301.0
2018-01-16 10:30:40.583000,31.8,31.75,31.8,7803301.0
2018-01-16 10:30:43.680000,31.8,31.75,31.8,7803301.0
2018-01-16 10:30:46.695000,31.8,31.75,31.8,7803301.0
2018-01-16 10:30:49.598000,31.8,31.75,31.8,7803301.0
2018-01-16 10:30:52.623000,31.8,31.75,31.8,7803301.0
2018-01-16 10:30:55.676000,31.8,31.75,31.8,7803301.0
2018-01-16 10:30:58.602000,31.8,31.75,31.8,7803301.0
2018-01-16 10:31:01.587000,31.8,31.75,31.8,7803301.0
2018-01-16 10:31:04.535000,31.8,31.75,31.8,7803301.0
2018-01-16 10:31:07.660000,31.8,31.75,31.8,7803301.0
2018-01-16 10:31:10.551000,31.8,31.75,31.8,7803301.0
2018-01-16 10:31:13.351000,31.8,31.75,31.8,7803301.0
2018-01-16 10:31:17.385000,31.8,31.75,31.8,7803301.0
2018-01-16 10:31:20.364000,31.8,31.75,31.8,7803301.0
2018-01-16 10:31:23.251000,31.8,31.75,31.8,7803301.0
2018-01-16 10:31:26.287000,31.8,31.75,31.8,7803301.0
2018-01-16 10:31:29.199000,31.8,31.75,31.8,7803301.0
2018-01-16 10:31:32.068000,31.8,31.75,31.8,7803301.0
2018-01-16 10:31:34.911000,31.8,31.75,31.8,7803301.0
2018-01-16 10:31:37.851000,31.8,31.75,31.8,7803301.0
2018-01-16 10:31:40.883000,31.8,31.75,31.8,7803301.0
2018-01-16 10:31:43.981000,31.8,31.75,31.8,7803301.0
2018-01-16 10:31:46.886000,31.8,31.75,31.8,7803301.0
2018-01-16 10:31:49.802000,31.8,31.75,31.8,7803301.0
2018-01-16 10:31:52.860000,31.8,31.75,31.8,7865209.0
2018-01-16 10:31:55.802000,31.8,31.75,31.8,7865209.0
2018-01-16 10:31:58.700000,31.8,31.75,31.8,7865209.0
2018-01-16 10:32:01.514000,31.8,31.75,31.8,7865209.0
2018-01-16 10:32:04.316000,31.8,31.75,31.8,7865209.0
2018-01-16 10:32:07.252000,31.8,31.75,31.8,7865209.0
2018-01-16 10:32:10.161000,31.8,31.75,31.8,7865209.0
2018-01-16 10:32:16.374000,31.8,31.75,31.8,7865209.0
2018-01-16 10:32:19.567000,31.8,31.75,31.8,7865209.0
2018-01-16 10:32:22.322000,31.8,31.75,31.8,7865209.0
2018-01-16 10:32:25.584000,31.8,31.75,31.8,7865209.0
2018-01-16 10:32:28.732000,31.8,31.8,31.85,9386709.0
2018-01-16 10:32:31.667000,31.8,31.8,31.85,9386709.0
2018-01-16 10:32:34.506000,31.8,31.8,31.85,9386709.0
2018-01-16 10:32:37.420000,31.8,31.8,31.85,9386709.0
2018-01-16 10:32:40.351000,31.8,31.8,31.85,9386709.0
2018-01-16 10:32:43.496000,31.8,31.8,31.85,9386709.0
2018-01-16 10:32:46.615000,31.8,31.8,31.85,9386709.0
2018-01-16 10:32:49.585000,31.8,31.8,31.85,9386709.0
2018-01-16 10:32:52.647000,31.8,31.8,31.85,9386709.0
2018-01-16 10:32:55.921000,31.8,31.8,31.85,9386709.0
2018-01-16 10:32:58.862000,31.8,31.8,31.85,9386709.0
2018-01-16 10:33:02.103000,31.8,31.8,31.85,9386709.0
2018-01-16 10:33:05.011000,31.8,31.8,31.85,9386709.0
2018-01-16 10:33:07.941000,31.8,31.8,31.85,9386709.0
2018-01-16 10:33:14.073000,31.8,31.8,31.85,9386709.0
2018-01-16 10:33:17.488000,31.8,31.8,31.85,9387209.0
2018-01-16 10:33:20.538000,31.8,31.8,31.85,9387209.0
2018-01-16 10:33:23.401000,31.8,31.8,31.85,9387209.0
2018-01-16 10:33:26.226000,31.8,31.8,31.85,9387209.0
2018-01-16 10:33:29.213000,31.8,31.8,31.85,9387209.0
2018-01-16 10:33:32.150000,31.8,31.8,31.85,9387209.0
2018-01-16 10:33:35.341000,31.8,31.8,31.85,9387209.0
2018-01-16 10:33:42.089000,31.8,31.8,31.85,9387209.0
2018-01-16 10:33:44.866000,31.8,31.8,31.85,9387209.0
2018-01-16 10:33:47.798000,31.8,31.8,31.85,9387209.0
2018-01-16 10:33:50.822000,31.8,31.8,31.85,9387209.0
2018-01-16 10:33:53.760000,31.8,31.8,31.85,9387209.0
2018-01-16 10:33:56.683000,31.8,31.8,31.85,9387209.0
2018-01-16 10:33:59.628000,31.8,31.8,31.85,9387209.0
2018-01-16 10:34:02.528000,31.8,31.8,31.85,9387709.0
2018-01-16 10:34:05.511000,31.8,31.8,31.85,9387709.0
2018-01-16 10:34:08.709000,31.8,31.8,31.85,9387709.0
2018-01-16 10:34:12.074000,31.8,31.8,31.85,9387709.0
2018-01-16 10:34:15.320000,31.8,31.8,31.85,9387709.0
2018-01-16 10:34:18.256000,31.8,31.8,31.85,9387709.0
2018-01-16 10:34:21.135000,31.8,31.8,31.85,9387709.0
2018-01-16 10:34:24.138000,31.8,31.8,31.85,9387709.0
2018-01-16 10:34:27.109000,31.8,31.8,31.85,9387709.0
2018-01-16 10:34:29.931000,31.8,31.8,31.85,9387709.0
2018-01-16 10:34:33.169000,31.8,31.8,31.85,9387709.0
2018-01-16 10:34:36.144000,31.8,31.8,31.85,9387709.0
2018-01-16 10:34:39.117000,31.8,31.8,31.85,9387709.0
2018-01-16 10:34:41.946000,31.8,31.8,31.85,9387709.0
2018-01-16 10:34:44.948000,31.8,31.8,31.85,9387709.0
2018-01-16 10:34:48.061000,31.8,31.8,31.85,9387709.0
2018-01-16 10:34:50.871000,31.8,31.8,31.85,9387709.0
2018-01-16 10:34:53.578000,31.8,31.8,31.85,9387709.0
2018-01-16 10:34:56.576000,31.8,31.8,31.85,9387709.0
2018-01-16 10:34:59.485000,31.8,31.8,31.85,9387709.0
2018-01-16 10:35:02.330000,31.8,31.8,31.85,9387709.0
2018-01-16 10:35:05.496000,31.8,31.8,31.85,9387709.0
2018-01-16 10:35:08.600000,31.8,31.8,31.85,9387709.0
2018-01-16 10:35:11.641000,31.8,31.8,31.85,9387709.0
2018-01-16 10:35:14.634000,31.8,31.8,31.85,9387709.0
2018-01-16 10:35:17.644000,31.8,31.8,31.85,9387709.0
2018-01-16 10:35:20.573000,31.8,31.8,31.85,9387709.0
2018-01-16 10:35:23.612000,31.8,31.8,31.85,9387709.0
2018-01-16 10:35:26.587000,31.8,31.8,31.85,9387709.0
2018-01-16 10:35:29.852000,31.8,31.8,31.85,9387709.0
2018-01-16 10:35:32.818000,31.8,31.8,31.85,9387709.0
2018-01-16 10:35:35.981000,31.8,31.8,31.85,9387709.0
2018-01-16 10:35:39.250000,31.8,31.8,31.85,9387709.0
2018-01-16 10:35:42.174000,31.8,31.8,31.85,9387709.0
2018-01-16 10:35:45.449000,31.8,31.8,31.85,9387709.0
2018-01-16 10:35:48.387000,31.8,31.8,31.85,9387709.0
2018-01-16 10:35:51.447000,31.8,31.8,31.85,9387709.0
2018-01-16 10:35:54.466000,31.8,31.8,31.85,9389709.0
2018-01-16 10:35:57.478000,31.8,31.8,31.85,9389709.0
2018-01-16 10:36:00.481000,31.8,31.8,31.85,9389709.0
2018-01-16 10:36:03.500000,31.8,31.8,31.85,9389709.0
2018-01-16 10:36:06.444000,31.8,31.8,31.85,9389709.0
2018-01-16 10:36:09.540000,31.8,31.8,31.85,9389709.0
2018-01-16 10:36:13.003000,31.8,31.8,31.85,9389709.0
2018-01-16 10:36:17.188000,31.8,31.8,31.85,9389709.0
2018-01-16 10:36:20.276000,31.8,31.8,31.85,9389709.0
2018-01-16 10:36:23.338000,31.8,31.8,31.85,9389709.0
2018-01-16 10:36:26.299000,31.8,31.8,31.85,9389709.0
2018-01-16 10:36:29.078000,31.8,31.8,31.85,9389709.0
2018-01-16 10:36:32.014000,31.8,31.8,31.85,9389709.0
2018-01-16 10:36:34.785000,31.8,31.8,31.85,9389709.0
2018-01-16 10:36:37.743000,31.8,31.8,31.85,9389709.0
2018-01-16 10:36:40.700000,31.8,31.8,31.85,9389709.0
2018-01-16 10:36:43.584000,31.8,31.8,31.85,9389709.0
2018-01-16 10:36:46.480000,31.8,31.8,31.85,9389709.0
2018-01-16 10:36:49.370000,31.8,31.8,31.85,9389709.0
2018-01-16 10:36:52.356000,31.8,31.8,31.85,9389709.0
2018-01-16 10:36:55.620000,31.8,31.8,31.85,9389709.0
2018-01-16 10:36:58.529000,31.8,31.8,31.85,9389709.0
2018-01-16 10:37:01.356000,31.8,31.8,31.85,9389709.0
2018-01-16 10:37:04.414000,31.8,31.8,31.85,9389709.0
2018-01-16 10:37:07.233000,31.8,31.8,31.85,9389709.0
2018-01-16 10:37:10.559000,31.8,31.8,31.85,9389709.0
2018-01-16 10:37:16.700000,31.8,31.8,31.85,9389709.0
2018-01-16 10:37:19.434000,31.8,31.8,31.85,9389709.0
2018-01-16 10:37:22.378000,31.8,31.8,31.85,9389709.0
2018-01-16 10:37:25.138000,31.8,31.8,31.85,9389709.0
2018-01-16 10:37:28.127000,31.8,31.8,31.85,9389709.0
2018-01-16 10:37:31.284000,31.8,31.8,31.85,9389709.0
2018-01-16 10:37:34.350000,31.8,31.8,31.85,9389709.0
2018-01-16 10:37:37.555000,31.8,31.8,31.85,9402709.0
2018-01-16 10:37:40.513000,31.8,31.8,31.85,9402709.0
2018-01-16 10:37:43.732000,31.8,31.8,31.85,9402709.0
2018-01-16 10:37:46.908000,31.8,31.8,31.85,9402709.0
2018-01-16 10:37:49.906000,31.8,31.8,31.85,9402709.0
2018-01-16 10:37:52.973000,31.8,31.8,31.85,9402709.0
2018-01-16 10:37:55.939000,31.8,31.8,31.85,9402709.0
2018-01-16 10:37:58.888000,31.8,31.8,31.85,9402709.0
2018-01-16 10:38:01.955000,31.8,31.8,31.85,9402709.0
2018-01-16 10:38:05.122000,31.8,31.8,31.85,9402709.0
2018-01-16 10:38:08.014000,31.8,31.8,31.85,9402709.0
2018-01-16 10:38:10.875000,31.8,31.8,31.85,9402709.0
2018-01-16 10:38:14.904000,31.8,31.8,31.85,9402709.0
2018-01-16 10:38:17.938000,31.8,31.8,31.85,9402709.0
2018-01-16 10:38:20.937000,31.8,31.8,31.85,9402709.0
2018-01-16 10:38:24.024000,31.8,31.8,31.85,9402709.0
2018-01-16 10:38:27.082000,31.8,31.8,31.85,9402709.0
2018-01-16 10:38:30.264000,31.8,31.8,31.85,9402709.0
2018-01-16 10:38:33.142000,31.8,31.8,31.85,9402709.0
2018-01-16 10:38:36.136000,31.8,31.8,31.85,9402709.0
2018-01-16 10:38:38.862000,31.8,31.8,31.85,9402709.0
2018-01-16 10:38:41.811000,31.8,31.8,31.85,9402709.0
2018-01-16 10:38:44.851000,31.8,31.8,31.85,9402709.0
2018-01-16 10:38:47.911000,31.8,31.8,31.85,9402709.0
2018-01-16 10:38:50.734000,31.8,31.8,31.85,9402709.0
2018-01-16 10:38:54.045000,31.8,31.8,31.85,9402709.0
2018-01-16 10:38:57.254000,31.8,31.8,31.85,9402709.0
2018-01-16 10:39:00.119000,31.8,31.8,31.85,9402709.0
2018-01-16 10:39:03.346000,31.8,31.8,31.85,9402709.0
2018-01-16 10:39:06.285000,31.8,31.8,31.85,9402709.0
2018-01-16 10:39:09.179000,31.85,31.8,31.85,9423306.0
2018-01-16 10:39:11.939000,31.85,31.8,31.85,9423306.0
2018-01-16 10:39:14.942000,31.85,31.8,31.85,9423306.0
2018-01-16 10:39:18.208000,31.85,31.8,31.85,9423306.0
2018-01-16 10:39:21.067000,31.85,31.8,31.85,9423306.0
2018-01-16 10:39:23.937000,31.85,31.8,31.85,9423306.0
2018-01-16 10:39:26.988000,31.85,31.8,31.85,9423306.0
2018-01-16 10:39:30.101000,31.85,31.8,31.85,9423306.0
2018-01-16 10:39:32.896000,31.85,31.8,31.85,9423306.0
2018-01-16 10:39:35.719000,31.85,31.8,31.85,9423306.0
2018-01-16 10:39:38.660000,31.85,31.8,31.85,9423306.0
2018-01-16 10:39:41.581000,31.85,31.8,31.85,9423306.0
2018-01-16 10:39:44.360000,31.85,31.8,31.85,9423306.0
2018-01-16 10:39:47.340000,31.85,31.8,31.85,9423306.0
2018-01-16 10:39:50.360000,31.85,31.8,31.85,9423306.0
2018-01-16 10:39:53.363000,31.85,31.8,31.85,9423306.0
2018-01-16 10:39:56.283000,31.85,31.8,31.85,9423306.0
2018-01-16 10:39:59.148000,31.85,31.8,31.85,9423306.0
2018-01-16 10:40:01.941000,31.85,31.8,31.85,9423306.0
2018-01-16 10:40:04.863000,31.85,31.8,31.85,9423306.0
2018-01-16 10:40:07.771000,31.85,31.8,31.85,9423306.0
2018-01-16 10:40:10.738000,31.85,31.8,31.85,9423306.0
2018-01-16 10:40:13.772000,31.85,31.8,31.85,9423306.0
2018-01-16 10:40:16.675000,,,,
2018-01-16 10:40:19.806000,31.85,31.8,31.85,9423306.0
2018-01-16 10:40:22.911000,31.8,31.8,31.85,9451931.0
2018-01-16 10:40:26.034000,31.8,31.8,31.85,9451931.0
2018-01-16 10:40:28.863000,31.8,31.8,31.85,9451931.0
2018-01-16 10:40:31.705000,31.8,31.8,31.85,9451931.0
2018-01-16 10:40:34.678000,31.8,31.8,31.85,9451931.0
2018-01-16 10:40:37.485000,31.8,31.8,31.85,9451931.0
2018-01-16 10:40:40.502000,31.8,31.8,31.85,9451931.0
2018-01-16 10:40:43.630000,31.8,31.8,31.85,9451931.0
2018-01-16 10:40:46.647000,31.8,31.8,31.85,9451931.0
2018-01-16 10:40:49.620000,31.8,31.8,31.85,9451931.0
2018-01-16 10:40:52.558000,31.8,31.8,31.85,9451931.0
2018-01-16 10:40:55.440000,31.8,31.8,31.85,9451931.0
2018-01-16 10:40:58.672000,31.8,31.8,31.85,9451931.0
2018-01-16 10:41:01.674000,31.8,31.8,31.85,9451931.0
2018-01-16 10:41:04.621000,31.8,31.8,31.85,9451931.0
2018-01-16 10:41:07.724000,31.8,31.8,31.85,9451931.0
2018-01-16 10:41:10.690000,31.8,31.8,31.85,10253431.0
2018-01-16 10:41:13.709000,31.8,31.8,31.85,10253431.0
2018-01-16 10:41:16.587000,31.8,31.8,31.85,10253431.0
2018-01-16 10:41:20.001000,31.8,31.8,31.85,10253431.0
2018-01-16 10:41:23.007000,31.8,31.8,31.85,10253431.0
2018-01-16 10:41:26.211000,31.8,31.8,31.85,10253431.0
2018-01-16 10:41:29.362000,31.8,31.8,31.85,10253431.0
2018-01-16 10:41:32.367000,31.8,31.8,31.85,10253431.0
2018-01-16 10:41:35.304000,31.8,31.8,31.85,10253431.0
2018-01-16 10:41:38.257000,31.8,31.8,31.85,10253431.0
2018-01-16 10:41:41.291000,31.8,31.8,31.85,10253431.0
2018-01-16 10:41:44.153000,31.8,31.75,31.8,10589909.0
2018-01-16 10:41:47.162000,31.8,31.75,31.8,10589909.0
2018-01-16 10:41:50.119000,31.8,31.8,31.85,10993409.0
2018-01-16 10:41:53.118000,31.8,31.8,31.85,10993409.0
2018-01-16 10:41:55.910000,31.8,31.8,31.85,10993409.0
2018-01-16 10:41:58.851000,31.8,31.8,31.85,10993409.0
2018-01-16 10:42:01.709000,31.8,31.8,31.85,10993409.0
2018-01-16 10:42:04.531000,31.8,31.8,31.85,10993409.0
2018-01-16 10:42:07.444000,31.8,31.8,31.85,10993409.0
2018-01-16 10:42:10.503000,31.8,31.8,31.85,10993409.0
2018-01-16 10:42:13.662000,31.8,31.8,31.85,10993409.0
2018-01-16 10:42:16.554000,31.8,31.8,31.85,10993409.0
2018-01-16 10:42:19.340000,31.8,31.8,31.85,10993409.0
2018-01-16 10:42:22.270000,31.8,31.8,31.85,10993409.0
2018-01-16 10:42:25.248000,31.8,31.8,31.85,10993409.0
2018-01-16 10:42:28.352000,31.8,31.8,31.85,10993409.0
2018-01-16 10:42:31.465000,31.8,31.8,31.85,10993409.0
2018-01-16 10:42:34.406000,31.8,31.8,31.85,10993409.0
2018-01-16 10:42:37.709000,31.8,31.8,31.85,10993409.0
2018-01-16 10:42:40.558000,31.8,31.8,31.85,10993409.0
2018-01-16 10:42:43.386000,31.8,31.8,31.85,10993409.0
2018-01-16 10:42:46.444000,31.8,31.8,31.85,10993409.0
2018-01-16 10:42:49.591000,31.8,31.8,31.85,10993409.0
2018-01-16 10:42:52.514000,31.8,31.8,31.85,10993409.0
2018-01-16 10:42:55.469000,31.8,31.8,31.85,10993409.0
2018-01-16 10:42:58.415000,31.8,31.8,31.85,10993409.0
2018-01-16 10:43:01.350000,31.8,31.8,31.85,10993409.0
2018-01-16 10:43:04.357000,31.8,31.8,31.85,10993409.0
2018-01-16 10:43:07.179000,31.8,31.8,31.85,10993409.0
2018-01-16 10:43:10.104000,31.8,31.8,31.85,10993409.0
2018-01-16 10:43:15.612000,31.8,31.8,31.85,10993409.0
2018-01-16 10:43:18.551000,31.8,31.8,31.85,10993409.0
2018-01-16 10:43:21.465000,31.8,31.8,31.85,10993409.0
2018-01-16 10:43:24.376000,31.8,31.8,31.85,10993409.0
2018-01-16 10:43:27.445000,31.8,31.8,31.85,10993409.0
2018-01-16 10:43:30.620000,31.8,31.8,31.85,10993409.0
2018-01-16 10:43:33.590000,31.8,31.8,31.85,10993409.0
2018-01-16 10:43:36.728000,31.8,31.8,31.85,10993409.0
2018-01-16 10:43:39.465000,31.8,31.75,31.8,11149409.0
2018-01-16 10:43:42.413000,31.8,31.75,31.8,11149409.0
2018-01-16 10:43:45.323000,31.8,31.75,31.8,11149409.0
2018-01-16 10:43:48.293000,31.8,31.75,31.8,11149409.0
2018-01-16 10:43:51.179000,31.8,31.75,31.8,11149409.0
2018-01-16 10:43:54.107000,31.8,31.75,31.8,11149409.0
2018-01-16 10:43:57.143000,31.8,31.75,31.8,11149409.0
2018-01-16 10:44:00.100000,31.8,31.75,31.8,11149409.0
2018-01-16 10:44:03.292000,31.8,31.75,31.8,11149409.0
2018-01-16 10:44:06.931000,31.8,31.75,31.8,11149409.0
2018-01-16 10:44:09.872000,31.8,31.75,31.8,11149409.0
2018-01-16 10:44:12.981000,31.8,31.75,31.8,11149409.0
2018-01-16 10:44:15.931000,31.8,31.75,31.8,11149409.0
2018-01-16 10:44:18.810000,31.8,31.75,31.8,11149409.0
2018-01-16 10:44:21.840000,31.8,31.75,31.8,11149409.0
2018-01-16 10:44:24.782000,31.8,31.75,31.8,11149409.0
2018-01-16 10:44:27.620000,31.8,31.75,31.8,11149409.0
2018-01-16 10:44:30.601000,31.8,31.75,31.8,11149409.0
2018-01-16 10:44:33.664000,31.8,31.75,31.8,11149409.0
2018-01-16 10:44:36.574000,31.8,31.75,31.8,11149409.0
2018-01-16 10:44:39.540000,31.8,31.75,31.8,11149472.0
2018-01-16 10:44:42.450000,31.8,31.75,31.8,11149472.0
2018-01-16 10:44:45.303000,31.8,31.75,31.8,11149472.0
2018-01-16 10:44:48.221000,31.8,31.75,31.8,11149472.0
2018-01-16 10:44:51.055000,31.8,31.75,31.8,11149472.0
2018-01-16 10:44:53.817000,31.8,31.75,31.8,11149472.0
2018-01-16 10:44:56.684000,31.8,31.75,31.8,11149472.0
2018-01-16 10:44:59.551000,31.8,31.75,31.8,11149472.0
2018-01-16 10:45:02.569000,31.8,31.75,31.8,11149472.0
2018-01-16 10:45:05.659000,31.8,31.75,31.8,11149472.0
2018-01-16 10:45:12.738000,31.8,31.75,31.8,11149472.0
2018-01-16 10:45:17.579000,31.8,31.75,31.8,11149472.0
2018-01-16 10:45:20.412000,31.8,31.75,31.8,11149472.0
2018-01-16 10:45:23.185000,31.8,31.75,31.8,11149472.0
2018-01-16 10:45:26.139000,31.8,31.75,31.8,11149472.0
2018-01-16 10:45:28.955000,31.8,31.75,31.8,11149472.0
2018-01-16 10:45:31.774000,31.8,31.75,31.8,11149472.0
2018-01-16 10:45:34.414000,31.8,31.75,31.8,11149472.0
2018-01-16 10:45:37.242000,31.8,31.75,31.8,11149472.0
2018-01-16 10:45:40.010000,31.8,31.75,31.8,11149472.0
2018-01-16 10:45:42.732000,31.8,31.75,31.8,11149472.0
2018-01-16 10:45:46.493000,31.8,31.75,31.8,11149472.0
2018-01-16 10:45:49.294000,31.8,31.75,31.8,11149472.0
2018-01-16 10:45:52.043000,31.8,31.75,31.8,11149472.0
2018-01-16 10:45:54.816000,31.8,31.75,31.8,11149472.0
2018-01-16 10:45:57.625000,31.75,31.75,31.8,11150972.0
2018-01-16 10:46:01.823000,31.75,31.75,31.8,11150972.0
2018-01-16 10:46:04.869000,31.75,31.75,31.8,11150972.0
2018-01-16 10:46:09.394000,31.75,31.75,31.8,11150972.0
2018-01-16 10:46:12.464000,31.75,31.75,31.8,11150972.0
2018-01-16 10:46:15.392000,31.75,31.75,31.8,11150972.0
2018-01-16 10:46:18.343000,31.75,31.75,31.8,11150972.0
2018-01-16 10:46:21.076000,31.75,31.75,31.8,11150972.0
2018-01-16 10:46:23.799000,31.75,31.75,31.8,11150972.0
2018-01-16 10:46:26.886000,31.75,31.75,31.8,11150972.0
2018-01-16 10:46:29.743000,31.75,31.75,31.8,11150972.0
2018-01-16 10:46:32.631000,31.75,31.75,31.8,11150972.0
2018-01-16 10:46:35.465000,31.75,31.75,31.8,11150972.0
2018-01-16 10:46:38.312000,31.75,31.75,31.8,11150972.0
2018-01-16 10:46:41.401000,31.75,31.75,31.8,11150972.0
2018-01-16 10:46:44.405000,31.75,31.75,31.8,11150972.0
2018-01-16 10:46:47.350000,31.75,31.75,31.8,11150972.0
2018-01-16 10:46:50.212000,31.75,31.75,31.8,11150972.0
2018-01-16 10:46:52.936000,31.75,31.75,31.8,11150972.0
2018-01-16 10:46:55.840000,31.75,31.75,31.8,11150972.0
2018-01-16 10:46:58.849000,31.75,31.75,31.8,11150972.0
2018-01-16 10:47:01.604000,31.75,31.75,31.8,11150972.0
2018-01-16 10:47:04.560000,31.75,31.75,31.8,11150972.0
2018-01-16 10:47:07.355000,31.75,31.75,31.8,11150972.0
2018-01-16 10:47:10.280000,31.75,31.75,31.8,11150972.0
2018-01-16 10:47:14.369000,31.75,31.75,31.8,11150972.0
2018-01-16 10:47:17.156000,31.8,31.75,31.8,11169972.0
2018-01-16 10:47:20.050000,31.8,31.75,31.8,11169972.0
2018-01-16 10:47:23.073000,31.8,31.75,31.8,11169972.0
2018-01-16 10:47:25.896000,31.8,31.75,31.8,11169972.0
2018-01-16 10:47:28.752000,31.8,31.75,31.8,11169972.0
2018-01-16 10:47:32.015000,31.8,31.75,31.8,11169972.0
2018-01-16 10:47:35.363000,31.8,31.75,31.8,11169972.0
2018-01-16 10:47:38.488000,31.8,31.75,31.8,11169972.0
2018-01-16 10:47:41.671000,31.8,31.75,31.8,11169972.0
2018-01-16 10:47:44.909000,31.8,31.75,31.8,11169972.0
2018-01-16 10:47:48.025000,31.8,31.75,31.8,11169972.0
2018-01-16 10:47:51.327000,31.8,31.75,31.8,11169972.0
2018-01-16 10:47:54.361000,31.8,31.75,31.8,11169972.0
2018-01-16 10:47:57.450000,31.8,31.75,31.8,11169972.0
2018-01-16 10:48:00.462000,31.8,31.75,31.8,11169972.0
2018-01-16 10:48:03.563000,31.8,31.75,31.8,11169972.0
2018-01-16 10:48:06.326000,31.8,31.75,31.8,11169972.0
2018-01-16 10:48:09.436000,31.8,31.75,31.8,11169972.0
2018-01-16 10:48:12.537000,31.8,31.75,31.8,11169972.0
2018-01-16 10:48:15.925000,31.8,31.8,31.85,11170201.0
2018-01-16 10:48:18.798000,31.8,31.8,31.85,11170201.0
2018-01-16 10:48:22.172000,31.8,31.8,31.85,11170201.0
2018-01-16 10:48:25.282000,31.8,31.8,31.85,11170201.0
2018-01-16 10:48:28.321000,31.8,31.8,31.85,11170201.0
2018-01-16 10:48:31.375000,31.8,31.8,31.85,11170201.0
2018-01-16 10:48:34.598000,31.8,31.8,31.85,11170201.0
2018-01-16 10:48:37.682000,31.8,31.8,31.85,11170201.0
2018-01-16 10:48:40.639000,31.8,31.8,31.85,11170201.0
2018-01-16 10:48:43.905000,31.8,31.8,31.85,11170201.0
2018-01-16 10:48:46.829000,31.8,31.8,31.85,11170201.0
2018-01-16 10:48:49.738000,31.8,31.8,31.85,11170201.0
2018-01-16 10:48:52.714000,31.8,31.8,31.85,11170201.0
2018-01-16 10:48:55.721000,31.8,31.8,31.85,11170201.0
2018-01-16 10:48:58.842000,31.8,31.8,31.85,11170201.0
2018-01-16 10:49:01.985000,31.8,31.8,31.85,11170201.0
2018-01-16 10:49:07.219000,31.8,31.8,31.85,11170201.0
2018-01-16 10:49:10.233000,31.8,31.8,31.85,11170201.0
2018-01-16 10:49:13.532000,31.8,31.8,31.85,11170201.0
2018-01-16 10:49:17.395000,31.8,31.8,31.85,11170201.0
2018-01-16 10:49:20.445000,31.8,31.8,31.85,11170701.0
2018-01-16 10:49:23.676000,31.8,31.8,31.85,11170701.0
2018-01-16 10:49:26.953000,31.8,31.8,31.85,11170701.0
2018-01-16 10:49:29.988000,31.8,31.8,31.85,11170701.0
2018-01-16 10:49:33.144000,31.8,31.8,31.85,11170701.0
2018-01-16 10:49:36.376000,31.8,31.8,31.85,11170701.0
2018-01-16 10:49:39.746000,31.8,31.8,31.85,11170701.0
2018-01-16 10:49:42.750000,31.8,31.8,31.85,11170701.0
2018-01-16 10:49:45.915000,31.8,31.8,31.85,11170701.0
2018-01-16 10:49:48.961000,31.8,31.8,31.85,11170701.0
2018-01-16 10:49:52.440000,31.8,31.8,31.85,11170701.0
2018-01-16 10:49:55.779000,31.8,31.8,31.85,11170701.0
2018-01-16 10:49:59.006000,31.8,31.8,31.85,11170701.0
2018-01-16 10:50:02.269000,31.8,31.8,31.85,11170701.0
2018-01-16 10:50:05.400000,31.8,31.8,31.85,11170701.0
2018-01-16 10:50:08.336000,31.8,31.8,31.85,11170701.0
2018-01-16 10:50:12.444000,31.8,31.8,31.85,11170701.0
2018-01-16 10:50:16.045000,31.8,31.8,31.85,11170701.0
2018-01-16 10:50:19.382000,31.8,31.8,31.85,11170701.0
2018-01-16 10:50:22.490000,31.8,31.8,31.85,11170701.0
2018-01-16 10:50:25.446000,31.8,31.8,31.85,11170701.0
2018-01-16 10:50:28.771000,31.8,31.8,31.85,11170701.0
2018-01-16 10:50:32.456000,31.8,31.8,31.85,11170701.0
2018-01-16 10:50:35.693000,31.8,31.8,31.85,11170701.0
2018-01-16 10:50:38.693000,31.8,31.8,31.85,11170701.0
2018-01-16 10:50:41.674000,31.8,31.8,31.85,11170701.0
2018-01-16 10:50:44.599000,31.8,31.8,31.85,11170701.0
2018-01-16 10:50:47.458000,31.8,31.8,31.85,11170701.0
2018-01-16 10:50:50.554000,31.8,31.8,31.85,11170701.0
2018-01-16 10:50:53.879000,31.8,31.8,31.85,11170701.0
2018-01-16 10:50:56.941000,31.8,31.8,31.85,11170701.0
2018-01-16 10:51:00.107000,31.8,31.8,31.85,11170701.0
2018-01-16 10:51:03.096000,31.8,31.8,31.85,11170701.0
2018-01-16 10:51:06.331000,31.8,31.8,31.85,11170701.0
2018-01-16 10:51:09.432000,31.8,31.8,31.85,11170701.0
2018-01-16 10:51:12.707000,31.8,31.8,31.85,11170701.0
2018-01-16 10:51:15.823000,31.8,31.8,31.85,11170701.0
2018-01-16 10:51:18.836000,31.8,31.8,31.85,11170701.0
2018-01-16 10:51:21.973000,31.8,31.8,31.85,11170701.0
2018-01-16 10:51:25.080000,31.8,31.8,31.85,11170701.0
2018-01-16 10:51:28.262000,31.8,31.8,31.85,11170701.0
2018-01-16 10:51:31.290000,31.8,31.8,31.85,11170701.0
2018-01-16 10:51:34.188000,31.8,31.8,31.85,11170701.0
2018-01-16 10:51:37.208000,31.8,31.8,31.85,11170701.0
2018-01-16 10:51:40.242000,31.8,31.8,31.85,11170701.0
2018-01-16 10:51:43.269000,31.8,31.8,31.85,11170701.0
2018-01-16 10:51:46.117000,31.8,31.8,31.85,11170701.0
2018-01-16 10:51:49.086000,31.8,31.8,31.85,11170701.0
2018-01-16 10:51:52.173000,31.8,31.8,31.85,11170701.0
2018-01-16 10:51:55.162000,31.8,31.8,31.85,11170701.0
2018-01-16 10:51:58.148000,31.8,31.8,31.85,11170701.0
2018-01-16 10:52:01.091000,31.8,31.8,31.85,11170701.0
2018-01-16 10:52:04.002000,31.8,31.8,31.85,11170701.0
2018-01-16 10:52:06.942000,31.8,31.8,31.85,11170701.0
2018-01-16 10:52:09.904000,31.8,31.8,31.85,11170701.0
2018-01-16 10:52:12.830000,31.8,31.8,31.85,11170701.0
2018-01-16 10:52:15.975000,31.8,31.8,31.85,11170701.0
2018-01-16 10:52:19.045000,31.8,31.8,31.85,11171201.0
2018-01-16 10:52:21.927000,31.8,31.8,31.85,11171201.0
2018-01-16 10:52:24.877000,31.8,31.8,31.85,11171201.0
2018-01-16 10:52:27.759000,31.8,31.8,31.85,11171201.0
2018-01-16 10:52:30.700000,31.8,31.8,31.85,11171201.0
2018-01-16 10:52:33.572000,31.8,31.8,31.85,11171201.0
2018-01-16 10:52:36.849000,31.8,31.8,31.85,11171201.0
2018-01-16 10:52:39.649000,31.8,31.8,31.85,11171201.0
2018-01-16 10:52:42.758000,31.8,31.8,31.85,11171201.0
2018-01-16 10:52:45.870000,31.8,31.8,31.85,11171201.0
2018-01-16 10:52:48.801000,31.8,31.8,31.85,11171201.0
2018-01-16 10:52:51.647000,31.8,31.8,31.85,11171201.0
2018-01-16 10:52:54.510000,31.8,31.8,31.85,11171201.0
2018-01-16 10:52:57.569000,31.8,31.8,31.85,11171201.0
2018-01-16 10:53:00.627000,31.8,31.8,31.85,11171201.0
2018-01-16 10:53:03.526000,31.8,31.8,31.85,11171201.0
2018-01-16 10:53:07.177000,31.8,31.8,31.85,11171201.0
2018-01-16 10:53:10.117000,31.8,31.8,31.85,11203201.0
2018-01-16 10:53:13.088000,31.8,31.8,31.85,11203201.0
2018-01-16 10:53:16.445000,31.8,31.8,31.85,11203201.0
2018-01-16 10:53:19.419000,31.8,31.8,31.85,11203201.0
2018-01-16 10:53:22.417000,31.8,31.8,31.85,11203201.0
2018-01-16 10:53:25.546000,31.8,31.8,31.85,11203201.0
2018-01-16 10:53:28.480000,31.8,31.8,31.85,11203201.0
2018-01-16 10:53:31.618000,31.8,31.8,31.85,11203201.0
2018-01-16 10:53:34.918000,31.8,31.8,31.85,11203201.0
2018-01-16 10:53:37.932000,31.8,31.8,31.85,11203201.0
2018-01-16 10:53:40.951000,31.8,31.8,31.85,11203201.0
2018-01-16 10:53:43.994000,31.8,31.8,31.85,11203201.0
2018-01-16 10:53:46.914000,31.8,31.8,31.85,11203201.0
2018-01-16 10:53:49.877000,31.8,31.8,31.85,11203201.0
2018-01-16 10:53:52.792000,31.8,31.8,31.85,11203201.0
2018-01-16 10:53:55.642000,31.8,31.8,31.85,11203201.0
2018-01-16 10:53:58.682000,31.8,31.8,31.85,11203201.0
2018-01-16 10:54:01.664000,31.8,31.8,31.85,11203201.0
2018-01-16 10:54:04.871000,31.8,31.8,31.85,11203201.0
2018-01-16 10:54:07.649000,31.8,31.8,31.85,11203201.0
2018-01-16 10:54:10.861000,31.8,31.8,31.85,11203201.0
2018-01-16 10:54:13.806000,31.8,31.8,31.85,11217561.0
2018-01-16 10:54:17.257000,31.8,31.8,31.85,11217561.0
2018-01-16 10:54:20.163000,31.8,31.8,31.85,11217561.0
2018-01-16 10:54:23.252000,31.8,31.8,31.85,11217561.0
2018-01-16 10:54:26.153000,31.8,31.8,31.85,11217561.0
2018-01-16 10:54:29.201000,31.8,31.8,31.85,11217561.0
2018-01-16 10:54:32.211000,31.8,31.8,31.85,11217561.0
2018-01-16 10:54:35.302000,31.8,31.8,31.85,11217561.0
2018-01-16 10:54:38.353000,31.8,31.8,31.85,11217561.0
2018-01-16 10:54:41.599000,31.8,31.8,31.85,11217561.0
2018-01-16 10:54:44.772000,31.8,31.8,31.85,11217561.0
2018-01-16 10:54:47.775000,31.8,31.8,31.85,11217561.0
2018-01-16 10:54:50.747000,31.8,31.8,31.85,11217561.0
2018-01-16 10:54:53.534000,31.8,31.8,31.85,11217561.0
2018-01-16 10:54:56.620000,31.8,31.8,31.85,11217561.0
2018-01-16 10:54:59.558000,31.85,31.8,31.85,11357801.0
2018-01-16 10:55:02.588000,31.85,31.85,31.9,11851301.0
2018-01-16 10:55:08.621000,31.85,31.85,31.9,12480801.0
2018-01-16 10:55:11.885000,31.85,31.85,31.9,12480801.0
2018-01-16 10:55:14.982000,31.85,31.85,31.9,12480801.0
2018-01-16 10:55:18.274000,31.85,31.85,31.9,12480801.0
2018-01-16 10:55:21.456000,31.85,31.85,31.9,12480801.0
2018-01-16 10:55:24.400000,31.85,31.85,31.9,12480801.0
2018-01-16 10:55:27.307000,31.85,31.85,31.9,12480801.0
2018-01-16 10:55:30.181000,31.85,31.85,31.9,12480801.0
2018-01-16 10:55:33.163000,31.85,31.85,31.9,12480801.0
2018-01-16 10:55:36.104000,31.85,31.85,31.9,12480801.0
2018-01-16 10:55:39.121000,31.85,31.85,31.9,12480801.0
2018-01-16 10:55:42.306000,31.85,31.85,31.9,12480801.0
2018-01-16 10:55:45.271000,31.85,31.85,31.9,12480801.0
2018-01-16 10:55:48.409000,31.85,31.85,31.9,13232801.0
2018-01-16 10:55:51.409000,31.85,31.85,31.9,13232801.0
2018-01-16 10:55:54.585000,31.85,31.85,31.9,13232801.0
2018-01-16 10:55:57.595000,31.85,31.85,31.9,13232801.0
2018-01-16 10:56:00.755000,31.85,31.85,31.9,13232801.0
2018-01-16 10:56:03.750000,31.85,31.85,31.9,13232801.0
2018-01-16 10:56:09.342000,31.85,31.85,31.9,13232801.0
2018-01-16 10:56:12.433000,31.85,31.85,31.9,13232801.0
2018-01-16 10:56:17.835000,31.85,31.85,31.9,13232801.0
2018-01-16 10:56:20.932000,31.85,31.85,31.9,13232801.0
2018-01-16 10:56:23.780000,31.85,31.85,31.9,13232801.0
2018-01-16 10:56:26.642000,31.85,31.85,31.9,13232801.0
2018-01-16 10:56:29.545000,31.85,31.85,31.9,13232801.0
2018-01-16 10:56:32.792000,31.85,31.85,31.9,13232801.0
2018-01-16 10:56:35.810000,31.85,31.85,31.9,13232801.0
2018-01-16 10:56:38.814000,31.85,31.85,31.9,13232801.0
2018-01-16 10:56:41.791000,31.85,31.85,31.9,13233241.0
2018-01-16 10:56:44.935000,31.85,31.85,31.9,13233241.0
2018-01-16 10:56:47.934000,31.85,31.85,31.9,13233241.0
2018-01-16 10:56:50.963000,31.85,31.85,31.9,13233241.0
2018-01-16 10:56:54.060000,31.85,31.85,31.9,13233241.0
2018-01-16 10:56:57.173000,31.85,31.85,31.9,13233241.0
2018-01-16 10:57:00.075000,31.85,31.85,31.9,13233241.0
2018-01-16 10:57:03.141000,31.85,31.85,31.9,13233241.0
2018-01-16 10:57:06.020000,31.85,31.85,31.9,13233241.0
2018-01-16 10:57:08.812000,31.85,31.85,31.9,13233241.0
2018-01-16 10:57:11.734000,31.85,31.85,31.9,13233241.0
2018-01-16 10:57:16.471000,31.85,31.85,31.9,13233241.0
2018-01-16 10:57:19.470000,31.85,31.85,31.9,13233241.0
2018-01-16 10:57:22.609000,31.85,31.85,31.9,13233241.0
2018-01-16 10:57:25.378000,31.85,31.85,31.9,13233241.0
2018-01-16 10:57:28.609000,31.85,31.85,31.9,13233241.0
2018-01-16 10:57:31.776000,31.85,31.85,31.9,13233241.0
2018-01-16 10:57:34.617000,31.85,31.85,31.9,13233241.0
2018-01-16 10:57:37.591000,31.85,31.85,31.9,13233241.0
2018-01-16 10:57:40.516000,31.85,31.85,31.9,13233241.0
2018-01-16 10:57:43.440000,31.85,31.85,31.9,13233241.0
2018-01-16 10:57:46.287000,31.85,31.85,31.9,13233241.0
2018-01-16 10:57:49.297000,31.85,31.85,31.9,13233241.0
2018-01-16 10:57:52.265000,31.85,31.85,31.9,13233241.0
2018-01-16 10:57:55.518000,31.85,31.85,31.9,13233241.0
2018-01-16 10:57:58.574000,31.85,31.85,31.9,13233241.0
2018-01-16 10:58:01.252000,31.85,31.85,31.9,13233241.0
2018-01-16 10:58:04.221000,31.85,31.85,31.9,13233241.0
2018-01-16 10:58:07.310000,31.85,31.85,31.9,13233241.0
2018-01-16 10:58:10.789000,31.85,31.85,31.9,13233241.0
2018-01-16 10:58:16.863000,31.9,31.85,31.9,13235741.0
2018-01-16 10:58:19.752000,31.9,31.85,31.9,13235741.0
2018-01-16 10:58:22.534000,31.9,31.85,31.9,13235741.0
2018-01-16 10:58:25.368000,31.9,31.85,31.9,13235741.0
2018-01-16 10:58:28.366000,31.9,31.85,31.9,13235741.0
2018-01-16 10:58:31.223000,31.9,31.85,31.9,13235741.0
2018-01-16 10:58:34.173000,31.9,31.85,31.9,13235741.0
2018-01-16 10:58:37.078000,31.9,31.85,31.9,13235741.0
2018-01-16 10:58:39.969000,31.9,31.85,31.9,13235741.0
2018-01-16 10:58:43.017000,31.9,31.85,31.9,13235741.0
2018-01-16 10:58:45.986000,31.9,31.85,31.9,13235741.0
2018-01-16 10:58:48.765000,31.9,31.85,31.9,13235741.0
2018-01-16 10:58:51.691000,31.9,31.85,31.9,13235741.0
2018-01-16 10:58:54.668000,31.9,31.85,31.9,13235741.0
2018-01-16 10:58:57.710000,31.9,31.85,31.9,13235741.0
2018-01-16 10:59:00.505000,31.9,31.85,31.9,13235741.0
2018-01-16 10:59:03.472000,31.9,31.85,31.9,13235741.0
2018-01-16 10:59:06.469000,31.9,31.85,31.9,13235741.0
2018-01-16 10:59:09.409000,31.9,31.85,31.9,13235741.0
2018-01-16 10:59:12.609000,31.9,31.85,31.9,13235741.0
2018-01-16 10:59:16.097000,31.9,31.85,31.9,13235741.0
2018-01-16 10:59:19.598000,31.9,31.85,31.9,13235741.0
2018-01-16 10:59:22.285000,31.9,31.85,31.9,13235741.0
2018-01-16 10:59:25.541000,31.9,31.85,31.9,13235741.0
2018-01-16 10:59:28.599000,31.9,31.85,31.9,13235741.0
2018-01-16 10:59:31.603000,31.9,31.85,31.9,13235741.0
2018-01-16 10:59:34.723000,31.9,31.85,31.9,13235741.0
2018-01-16 10:59:37.700000,31.9,31.85,31.9,13235741.0
2018-01-16 10:59:40.862000,31.9,31.85,31.9,13237741.0
2018-01-16 10:59:43.939000,31.9,31.85,31.9,13237741.0
2018-01-16 10:59:47.549000,31.9,31.85,31.9,13237741.0
2018-01-16 10:59:50.583000,31.9,31.85,31.9,13237741.0
2018-01-16 10:59:53.515000,31.9,31.85,31.9,13237741.0
2018-01-16 10:59:56.347000,31.9,31.85,31.9,13237741.0
2018-01-16 10:59:59.439000,31.9,31.85,31.9,13237741.0
2018-01-16 11:00:02.267000,31.9,31.85,31.9,13237741.0
2018-01-16 11:00:05.174000,31.9,31.85,31.9,13237741.0
2018-01-16 11:00:08.127000,31.9,31.85,31.9,13237741.0
2018-01-16 11:00:13.190000,31.9,31.85,31.9,13237741.0
2018-01-16 11:00:16.115000,31.9,31.85,31.9,13237741.0
2018-01-16 11:00:19.111000,31.9,31.85,31.9,13237741.0
2018-01-16 11:00:22.062000,31.9,31.85,31.9,13237741.0
2018-01-16 11:00:24.880000,31.9,31.85,31.9,13237741.0
2018-01-16 11:00:27.769000,31.9,31.85,31.9,13237741.0
2018-01-16 11:00:30.820000,31.9,31.85,31.9,13237741.0
2018-01-16 11:00:33.840000,31.9,31.85,31.9,13237741.0
2018-01-16 11:00:36.874000,31.9,31.85,31.9,13237741.0
2018-01-16 11:00:39.889000,31.9,31.85,31.9,13237741.0
2018-01-16 11:00:42.848000,31.9,31.85,31.9,13237741.0
2018-01-16 11:00:45.732000,31.9,31.85,31.9,13237741.0
2018-01-16 11:00:48.736000,31.9,31.85,31.9,13237741.0
2018-01-16 11:00:51.969000,31.9,31.85,31.9,13237741.0
2018-01-16 11:00:54.994000,31.9,31.85,31.9,13237741.0
2018-01-16 11:00:57.910000,31.9,31.85,31.9,13237741.0
2018-01-16 11:01:00.903000,31.9,31.85,31.9,13237741.0
2018-01-16 11:01:03.976000,31.9,31.85,31.9,13237741.0
2018-01-16 11:01:07.109000,31.9,31.85,31.9,13237741.0
2018-01-16 11:01:10.115000,31.9,31.85,31.9,13237741.0
2018-01-16 11:01:17.566000,31.9,31.85,31.9,13237741.0
2018-01-16 11:01:20.773000,31.9,31.85,31.9,13237741.0
2018-01-16 11:01:24.612000,31.9,31.85,31.9,13237741.0
2018-01-16 11:01:27.565000,31.9,31.85,31.9,13237741.0
2018-01-16 11:01:30.663000,31.9,31.85,31.9,13237741.0
2018-01-16 11:01:33.730000,31.9,31.85,31.9,13237741.0
2018-01-16 11:01:36.656000,31.9,31.85,31.9,13237741.0
2018-01-16 11:01:39.652000,31.9,31.85,31.9,13237741.0
2018-01-16 11:01:42.628000,31.9,31.85,31.9,13237741.0
2018-01-16 11:01:45.741000,31.9,31.85,31.9,13237741.0
2018-01-16 11:01:48.946000,31.9,31.85,31.9,13237741.0
2018-01-16 11:01:51.913000,31.9,31.85,31.9,13237741.0
2018-01-16 11:01:54.884000,31.9,31.85,31.9,13237741.0
2018-01-16 11:01:57.848000,31.85,31.85,31.9,13239409.0
2018-01-16 11:02:00.866000,31.85,31.85,31.9,13239409.0
2018-01-16 11:02:03.565000,31.85,31.85,31.9,13239409.0
2018-01-16 11:02:08.129000,31.85,31.85,31.9,13239409.0
2018-01-16 11:02:11.305000,31.85,31.85,31.9,13239409.0
2018-01-16 11:02:17.149000,31.85,31.85,31.9,13239409.0
2018-01-16 11:02:20.059000,31.85,31.85,31.9,13239409.0
2018-01-16 11:02:22.973000,31.85,31.85,31.9,13239409.0
2018-01-16 11:02:25.785000,31.85,31.85,31.9,13239409.0
2018-01-16 11:02:28.677000,31.85,31.85,31.9,13239409.0
2018-01-16 11:02:31.699000,31.85,31.85,31.9,13239409.0
2018-01-16 11:02:34.649000,31.85,31.85,31.9,13239409.0
2018-01-16 11:02:37.491000,31.85,31.85,31.9,13239409.0
2018-01-16 11:02:40.822000,31.85,31.85,31.9,13239409.0
2018-01-16 11:02:44.039000,31.85,31.85,31.9,13239409.0
2018-01-16 11:02:46.917000,31.85,31.85,31.9,13239409.0
2018-01-16 11:02:49.765000,31.85,31.85,31.9,13239409.0
2018-01-16 11:02:52.666000,31.85,31.85,31.9,13239409.0
2018-01-16 11:02:55.721000,31.85,31.85,31.9,13239409.0
2018-01-16 11:02:58.569000,31.85,31.85,31.9,13239409.0
2018-01-16 11:03:01.682000,31.85,31.85,31.9,13239409.0
2018-01-16 11:03:06.150000,31.85,31.85,31.9,13239409.0
2018-01-16 11:03:11.758000,31.85,31.85,31.9,13239409.0
2018-01-16 11:03:15.073000,31.85,31.85,31.9,13239409.0
2018-01-16 11:03:18.710000,31.85,31.85,31.9,13239409.0
2018-01-16 11:03:21.807000,31.85,31.85,31.9,13239409.0
2018-01-16 11:03:24.936000,31.85,31.85,31.9,13239409.0
2018-01-16 11:03:28.069000,31.85,31.85,31.9,13239409.0
2018-01-16 11:03:31.229000,31.85,31.85,31.9,13239409.0
2018-01-16 11:03:34.573000,31.85,31.85,31.9,13239409.0
2018-01-16 11:03:37.537000,31.85,31.85,31.9,13239409.0
2018-01-16 11:03:40.609000,31.85,31.85,31.9,13239409.0
2018-01-16 11:03:43.918000,31.85,31.85,31.9,13241409.0
2018-01-16 11:03:47.041000,31.85,31.85,31.9,13241409.0
2018-01-16 11:03:50.196000,31.85,31.85,31.9,13241409.0
2018-01-16 11:03:53.303000,31.85,31.85,31.9,13241409.0
2018-01-16 11:03:56.291000,31.85,31.85,31.9,13241409.0
2018-01-16 11:03:59.274000,31.85,31.85,31.9,13241409.0
2018-01-16 11:04:02.200000,31.85,31.85,31.9,13241409.0
2018-01-16 11:04:05.315000,31.85,31.85,31.9,13241409.0
2018-01-16 11:04:11.715000,31.85,31.85,31.9,13241409.0
2018-01-16 11:04:14.884000,31.85,31.85,31.9,13241409.0
2018-01-16 11:04:17.945000,31.85,31.85,31.9,13241409.0
2018-01-16 11:04:21.064000,31.85,31.85,31.9,13241409.0
2018-01-16 11:04:24.299000,31.85,31.85,31.9,13241409.0
2018-01-16 11:04:27.367000,31.85,31.85,31.9,13241409.0
2018-01-16 11:04:30.285000,31.85,31.85,31.9,13241409.0
2018-01-16 11:04:33.430000,31.85,31.85,31.9,13241409.0
2018-01-16 11:04:36.355000,31.85,31.85,31.9,13241409.0
2018-01-16 11:04:39.523000,31.85,31.85,31.9,13241409.0
2018-01-16 11:04:42.585000,31.85,31.85,31.9,13241409.0
2018-01-16 11:04:45.635000,31.85,31.85,31.9,13241409.0
2018-01-16 11:04:48.587000,31.85,31.85,31.9,13241409.0
2018-01-16 11:04:51.697000,31.85,31.85,31.9,13241409.0
2018-01-16 11:04:54.527000,31.85,31.85,31.9,13241409.0
2018-01-16 11:04:57.542000,31.85,31.85,31.9,13241409.0
2018-01-16 11:05:00.656000,31.85,31.85,31.9,13241409.0
2018-01-16 11:05:03.605000,31.9,31.85,31.9,13250409.0
2018-01-16 11:05:09.996000,31.9,31.85,31.9,13250409.0
2018-01-16 11:05:13.118000,31.9,31.85,31.9,13250409.0
2018-01-16 11:05:19.675000,31.85,31.85,31.9,13288909.0
2018-01-16 11:05:22.883000,31.85,31.85,31.9,13288909.0
2018-01-16 11:05:26.183000,31.85,31.85,31.9,13288909.0
2018-01-16 11:05:29.246000,31.85,31.85,31.9,13288909.0
2018-01-16 11:05:32.509000,31.85,31.85,31.9,13288909.0
2018-01-16 11:05:35.431000,31.85,31.85,31.9,13288909.0
2018-01-16 11:05:38.529000,31.85,31.85,31.9,13288909.0
2018-01-16 11:05:41.666000,31.85,31.85,31.9,13288909.0
2018-01-16 11:05:44.481000,31.85,31.85,31.9,13288909.0
2018-01-16 11:05:47.618000,31.85,31.85,31.9,13288909.0
2018-01-16 11:05:50.902000,31.85,31.85,31.9,13288909.0
2018-01-16 11:05:53.871000,31.85,31.85,31.9,13288909.0
2018-01-16 11:05:57.015000,31.85,31.85,31.9,13288909.0
2018-01-16 11:06:00.152000,31.85,31.85,31.9,13288909.0
2018-01-16 11:06:03.197000,31.85,31.85,31.9,13288909.0
2018-01-16 11:06:06.327000,31.85,31.85,31.9,13288909.0
2018-01-16 11:06:13.700000,31.85,31.85,31.9,13288909.0
2018-01-16 11:06:19.559000,31.85,31.85,31.9,13288909.0
2018-01-16 11:06:22.712000,31.85,31.85,31.9,13288909.0
2018-01-16 11:06:25.981000,31.85,31.85,31.9,13288909.0
2018-01-16 11:06:28.807000,31.85,31.85,31.9,13288909.0
2018-01-16 11:06:31.871000,31.85,31.85,31.9,13288909.0
2018-01-16 11:06:34.711000,31.85,31.85,31.9,13288909.0
2018-01-16 11:06:38.131000,31.85,31.85,31.9,13288909.0
2018-01-16 11:06:42.275000,31.85,31.85,31.9,13288909.0
2018-01-16 11:06:45.153000,31.85,31.85,31.9,13288909.0
2018-01-16 11:06:48.084000,31.85,31.85,31.9,13288909.0
2018-01-16 11:06:51.165000,31.85,31.85,31.9,13288909.0
2018-01-16 11:06:54.021000,31.85,31.85,31.9,13288909.0
2018-01-16 11:06:56.931000,31.85,31.85,31.9,13288909.0
2018-01-16 11:06:59.910000,31.85,31.85,31.9,13288909.0
2018-01-16 11:07:02.885000,31.85,31.85,31.9,13288909.0
2018-01-16 11:07:05.919000,31.85,31.85,31.9,13288909.0
2018-01-16 11:07:12.032000,31.85,31.85,31.9,13288909.0
2018-01-16 11:07:16.631000,31.85,31.85,31.9,13417909.0
2018-01-16 11:07:19.452000,31.85,31.85,31.9,13417909.0
2018-01-16 11:07:23.402000,31.85,31.85,31.9,13417909.0
2018-01-16 11:07:26.593000,31.85,31.85,31.9,13417909.0
2018-01-16 11:07:29.735000,31.85,31.85,31.9,13417909.0
2018-01-16 11:07:33.042000,31.85,31.85,31.9,13417909.0
2018-01-16 11:07:36.296000,31.85,31.85,31.9,13417909.0
2018-01-16 11:07:39.359000,31.85,31.85,31.9,13417909.0
2018-01-16 11:07:42.489000,31.85,31.85,31.9,13417909.0
2018-01-16 11:07:45.597000,31.85,31.85,31.9,13417909.0
2018-01-16 11:07:48.747000,31.85,31.85,31.9,13417909.0
2018-01-16 11:07:51.907000,31.85,31.85,31.9,13417909.0
2018-01-16 11:07:54.734000,31.85,31.85,31.9,13417909.0
2018-01-16 11:07:57.661000,31.85,31.85,31.9,13417909.0
2018-01-16 11:08:00.624000,31.85,31.85,31.9,13417909.0
2018-01-16 11:08:03.744000,31.85,31.85,31.9,13417909.0
2018-01-16 11:08:06.866000,31.85,31.85,31.9,13417909.0
2018-01-16 11:08:09.841000,31.85,31.85,31.9,13417909.0
2018-01-16 11:08:13.903000,31.85,31.85,31.9,13417909.0
2018-01-16 11:08:16.879000,31.85,31.85,31.9,13417909.0
2018-01-16 11:08:19.945000,31.85,31.85,31.9,13417909.0
2018-01-16 11:08:22.903000,31.85,31.85,31.9,13417909.0
2018-01-16 11:08:26.262000,31.85,31.85,31.9,13417909.0
2018-01-16 11:08:29.219000,31.85,31.85,31.9,13417909.0
2018-01-16 11:08:32.363000,31.85,31.85,31.9,13417909.0
2018-01-16 11:08:35.208000,31.85,31.85,31.9,13417909.0
2018-01-16 11:08:38.278000,31.9,31.85,31.9,13426236.0
2018-01-16 11:08:41.359000,31.9,31.85,31.9,13426236.0
2018-01-16 11:08:44.474000,31.9,31.85,31.9,13426236.0
2018-01-16 11:08:47.493000,31.9,31.85,31.9,13426236.0
2018-01-16 11:08:50.504000,31.9,31.85,31.9,13426236.0
2018-01-16 11:08:53.544000,31.9,31.85,31.9,13426236.0
2018-01-16 11:08:56.525000,31.9,31.85,31.9,13426236.0
2018-01-16 11:08:59.585000,31.9,31.85,31.9,13426236.0
2018-01-16 11:09:02.670000,31.9,31.85,31.9,13426236.0
2018-01-16 11:09:05.939000,31.9,31.85,31.9,13426236.0
2018-01-16 11:09:08.874000,31.9,31.85,31.9,13426236.0
2018-01-16 11:09:12.259000,31.9,31.85,31.9,13426236.0
2018-01-16 11:09:17.332000,31.9,31.85,31.9,13426236.0
2018-01-16 11:09:20.444000,31.9,31.85,31.9,13426236.0
2018-01-16 11:09:23.362000,31.9,31.85,31.9,13426236.0
2018-01-16 11:09:26.624000,31.9,31.85,31.9,13426236.0
2018-01-16 11:09:29.750000,31.9,31.85,31.9,13426236.0
2018-01-16 11:09:32.864000,31.9,31.85,31.9,13426236.0
2018-01-16 11:09:35.985000,31.9,31.85,31.9,13426236.0
2018-01-16 11:09:39.107000,31.9,31.85,31.9,13426236.0
2018-01-16 11:09:42.296000,31.9,31.85,31.9,13426236.0
2018-01-16 11:09:45.405000,31.9,31.85,31.9,13426236.0
2018-01-16 11:09:48.409000,31.85,31.85,31.9,13429736.0
2018-01-16 11:09:51.413000,31.85,31.85,31.9,13429736.0
2018-01-16 11:09:54.205000,31.85,31.85,31.9,13429736.0
2018-01-16 11:09:57.192000,31.85,31.85,31.9,13429736.0
2018-01-16 11:10:00.190000,31.85,31.85,31.9,13429736.0
2018-01-16 11:10:03.076000,31.85,31.85,31.9,13429736.0
2018-01-16 11:10:06.376000,31.85,31.85,31.9,13429736.0
2018-01-16 11:10:09.267000,31.85,31.85,31.9,13429736.0
2018-01-16 11:10:12.464000,31.85,31.85,31.9,13429736.0
2018-01-16 11:10:16.633000,31.85,31.85,31.9,13429736.0
2018-01-16 11:10:19.595000,31.85,31.85,31.9,13429736.0
2018-01-16 11:10:22.442000,31.85,31.85,31.9,13429736.0
2018-01-16 11:10:25.705000,31.85,31.85,31.9,13429736.0
2018-01-16 11:10:28.625000,31.85,31.85,31.9,13429736.0
2018-01-16 11:10:31.543000,31.85,31.85,31.9,13433336.0
2018-01-16 11:10:34.487000,31.85,31.85,31.9,13433336.0
2018-01-16 11:10:37.574000,31.85,31.85,31.9,13433336.0
2018-01-16 11:10:40.442000,31.85,31.85,31.9,13433336.0
2018-01-16 11:10:43.311000,31.85,31.85,31.9,13433336.0
2018-01-16 11:10:46.174000,31.85,31.85,31.9,13433336.0
2018-01-16 11:10:49.154000,31.85,31.85,31.9,13433336.0
2018-01-16 11:10:54.483000,31.85,31.85,31.9,13433336.0
2018-01-16 11:10:57.373000,31.85,31.85,31.9,13433336.0
2018-01-16 11:11:00.317000,31.85,31.85,31.9,13433336.0
2018-01-16 11:11:03.238000,31.85,31.85,31.9,13433336.0
2018-01-16 11:11:06.132000,31.85,31.85,31.9,13433336.0
2018-01-16 11:11:09.176000,31.85,31.85,31.9,13433336.0
2018-01-16 11:11:12.101000,31.85,31.85,31.9,13433336.0
