time,price,bid,ask,volume
2018-01-10 13:03:43.926000,5.26,5.25,5.26,2314600.0
2018-01-10 13:03:48.532000,5.26,5.25,5.26,2314600.0
2018-01-10 13:03:51.801000,5.26,5.25,5.26,2314600.0
2018-01-10 13:03:55.599000,5.26,5.25,5.26,2314600.0
2018-01-10 13:03:58.986000,5.26,5.25,5.26,2314600.0
2018-01-10 13:04:03.034000,5.25,5.25,5.26,2319600.0
2018-01-10 13:04:12.440000,5.25,5.25,5.26,2319600.0
2018-01-10 13:04:17.063000,5.25,5.25,5.26,2319600.0
2018-01-10 13:04:20.976000,5.25,5.25,5.26,2319600.0
2018-01-10 13:04:24.793000,5.25,5.25,5.26,2319600.0
2018-01-10 13:04:28.003000,5.25,5.25,5.26,2319600.0
2018-01-10 13:04:31.801000,5.25,5.25,5.26,2319600.0
2018-01-10 13:04:35.083000,5.25,5.25,5.26,2319600.0
2018-01-10 13:04:39.223000,5.25,5.25,5.26,2319600.0
2018-01-10 13:04:43.191000,5.25,5.25,5.26,2319600.0
2018-01-10 13:04:46.554000,5.25,5.25,5.26,2319600.0
2018-01-10 13:04:49.957000,5.25,5.25,5.26,2319600.0
2018-01-10 13:04:53.008000,5.25,5.25,5.26,2319600.0
2018-01-10 13:04:56.924000,5.25,5.25,5.26,2319600.0
2018-01-10 13:05:00.642000,5.25,5.25,5.26,2319600.0
2018-01-10 13:05:03.694000,5.25,5.25,5.26,2319600.0
2018-01-10 13:05:07.380000,5.25,5.25,5.26,2319600.0
2018-01-10 13:05:11.489000,5.25,5.25,5.26,2319600.0
2018-01-10 13:05:15.052000,5.25,5.25,5.26,2319600.0
2018-01-10 13:05:18.737000,5.25,5.25,5.26,2319600.0
2018-01-10 13:05:22.518000,5.25,5.25,5.26,2319600.0
2018-01-10 13:05:26.169000,5.25,5.25,5.26,2319600.0
2018-01-10 13:05:30.179000,5.25,5.25,5.26,2319600.0
2018-01-10 13:05:33.664000,5.25,5.25,5.26,2319600.0
2018-01-10 13:05:37.771000,5.25,5.25,5.26,2319600.0
2018-01-10 13:05:41.535000,5.25,5.25,5.26,2319600.0
2018-01-10 13:05:45.479000,5.25,5.25,5.26,2319600.0
2018-01-10 13:05:49.238000,5.25,5.25,5.26,2319600.0
2018-01-10 13:05:53.289000,5.25,5.25,5.26,2319600.0
2018-01-10 13:05:56.308000,5.25,5.25,5.26,2319600.0
2018-01-10 13:06:00.414000,5.25,5.25,5.26,2319600.0
2018-01-10 13:06:03.763000,5.25,5.25,5.26,2319600.0
2018-01-10 13:06:09.982000,5.25,5.25,5.26,2319600.0
2018-01-10 13:06:13.963000,5.25,5.25,5.26,2344600.0
2018-01-10 13:06:18.093000,5.25,5.25,5.26,2344600.0
2018-01-10 13:06:22.142000,5.25,5.25,5.26,2344600.0
2018-01-10 13:06:25.950000,5.25,5.25,5.26,2344600.0
2018-01-10 13:06:30.166000,5.25,5.25,5.26,2344600.0
2018-01-10 13:06:34.420000,5.25,5.25,5.26,2344600.0
2018-01-10 13:06:38.374000,5.25,5.25,5.26,2344600.0
2018-01-10 13:06:42.865000,5.25,5.25,5.26,2344600.0
2018-01-10 13:06:47.442000,5.25,5.25,5.26,2344600.0
2018-01-10 13:06:51.637000,5.25,5.25,5.26,2344600.0
2018-01-10 13:06:55.359000,5.25,5.25,5.26,2344600.0
2018-01-10 13:06:59.446000,5.25,5.25,5.26,2344600.0
2018-01-10 13:07:02.864000,5.25,5.25,5.26,2344600.0
2018-01-10 13:07:06.980000,5.25,5.25,5.26,2344600.0
2018-01-10 13:07:13.679000,5.25,5.25,5.26,2344600.0
2018-01-10 13:07:17.554000,5.25,5.25,5.26,2344600.0
2018-01-10 13:07:20.895000,5.25,5.25,5.26,2344600.0
2018-01-10 13:07:24.181000,5.26,5.25,5.27,2348600.0
2018-01-10 13:07:28.275000,5.26,5.25,5.27,2348600.0
2018-01-10 13:07:32.231000,5.26,5.25,5.27,2348600.0
2018-01-10 13:07:36.262000,5.26,5.25,5.27,2348600.0
2018-01-10 13:07:40.198000,5.26,5.25,5.26,2348600.0
2018-01-10 13:07:43.712000,5.26,5.25,5.26,2348600.0
2018-01-10 13:07:47.380000,5.26,5.25,5.26,2348600.0
2018-01-10 13:07:51.072000,5.26,5.25,5.26,2348600.0
2018-01-10 13:07:54.761000,5.26,5.25,5.26,2348600.0
2018-01-10 13:07:57.883000,5.26,5.25,5.26,2348600.0
2018-01-10 13:08:01.952000,5.26,5.25,5.26,2348600.0
2018-01-10 13:08:05.463000,5.26,5.25,5.26,2348600.0
2018-01-10 13:08:11.591000,5.26,5.25,5.26,2348600.0
2018-01-10 13:08:15.525000,5.26,5.25,5.26,2348600.0
2018-01-10 13:08:19.544000,5.26,5.25,5.27,2348600.0
2018-01-10 13:08:23.315000,5.26,5.25,5.27,2348600.0
2018-01-10 13:08:27.078000,5.26,5.25,5.27,2348600.0
2018-01-10 13:08:31.139000,5.26,5.25,5.27,2348600.0
2018-01-10 13:08:34.712000,5.26,5.25,5.27,2348600.0
2018-01-10 13:08:38.495000,5.26,5.25,5.27,2348600.0
2018-01-10 13:08:41.874000,5.26,5.25,5.27,2348600.0
2018-01-10 13:08:45.305000,5.26,5.25,5.27,2348600.0
2018-01-10 13:08:48.900000,5.26,5.25,5.27,2348600.0
2018-01-10 13:08:52.745000,5.26,5.25,5.27,2348600.0
2018-01-10 13:08:56.524000,5.26,5.25,5.27,2348600.0
2018-01-10 13:09:00.458000,5.26,5.25,5.27,2348600.0
2018-01-10 13:09:07.742000,5.26,5.25,5.27,2348600.0
2018-01-10 13:09:11.664000,5.26,5.25,5.27,2348600.0
2018-01-10 13:09:19.702000,5.26,5.25,5.27,2348600.0
2018-01-10 13:09:23.843000,5.26,5.25,5.27,2348600.0
2018-01-10 13:09:27.284000,5.26,5.25,5.27,2348600.0
2018-01-10 13:09:30.823000,5.26,5.25,5.27,2348600.0
2018-01-10 13:09:34.947000,5.26,5.25,5.27,2348600.0
2018-01-10 13:09:39.675000,5.26,5.25,5.27,2348600.0
2018-01-10 13:09:43.295000,5.26,5.25,5.27,2348600.0
2018-01-10 13:09:47.124000,5.26,5.25,5.27,2348600.0
2018-01-10 13:09:51.702000,5.26,5.25,5.27,2348600.0
2018-01-10 13:09:55.630000,5.26,5.25,5.27,2348600.0
2018-01-10 13:09:59.744000,5.26,5.25,5.27,2348600.0
2018-01-10 13:10:03.528000,5.26,5.26,5.27,2361300.0
2018-01-10 13:10:11.227000,5.26,5.26,5.27,2361300.0
2018-01-10 13:10:16.094000,5.26,5.26,5.27,2361300.0
2018-01-10 13:10:19.779000,5.26,5.26,5.27,2361300.0
2018-01-10 13:10:23.293000,5.26,5.26,5.27,2361300.0
2018-01-10 13:10:27.539000,5.26,5.26,5.27,2361300.0
2018-01-10 13:10:31.141000,5.26,5.26,5.27,2361300.0
2018-01-10 13:10:35.246000,5.26,5.26,5.27,2361300.0
2018-01-10 13:10:39.265000,5.26,5.26,5.27,2361300.0
2018-01-10 13:10:42.746000,5.26,5.26,5.27,2361300.0
2018-01-10 13:10:46.405000,5.26,5.26,5.27,2361300.0
2018-01-10 13:10:50.571000,5.26,5.26,5.27,2361300.0
2018-01-10 13:10:54.721000,5.26,5.26,5.27,2361300.0
2018-01-10 13:10:58.747000,5.26,5.26,5.27,2361300.0
2018-01-10 13:11:02.345000,5.26,5.26,5.27,2361300.0
2018-01-10 13:11:07.029000,5.26,5.26,5.27,2361300.0
2018-01-10 13:11:10.891000,5.26,5.26,5.27,2361300.0
2018-01-10 13:11:14.672000,5.26,5.26,5.27,2361300.0
2018-01-10 13:11:20.345000,5.26,5.26,5.27,2361300.0
2018-01-10 13:11:24.247000,5.26,5.26,5.27,2361300.0
2018-01-10 13:11:28.090000,5.26,5.26,5.27,2361300.0
2018-01-10 13:11:31.355000,5.26,5.26,5.27,2361300.0
2018-01-10 13:11:34.653000,5.26,5.26,5.27,2361300.0
2018-01-10 13:11:38.702000,5.26,5.26,5.27,2361300.0
2018-01-10 13:11:42.675000,5.26,5.26,5.27,2361300.0
2018-01-10 13:11:46.502000,5.26,5.26,5.27,2361300.0
2018-01-10 13:11:50.188000,5.26,5.26,5.27,2361300.0
2018-01-10 13:11:54.187000,5.26,5.26,5.27,2361300.0
2018-01-10 13:11:57.868000,5.26,5.26,5.27,2361300.0
2018-01-10 13:12:01.565000,5.26,5.26,5.27,2361300.0
2018-01-10 13:12:04.567000,5.26,5.26,5.27,2361300.0
2018-01-10 13:12:08.326000,5.26,5.26,5.27,2361300.0
2018-01-10 13:12:12.160000,5.26,5.26,5.27,2361300.0
2018-01-10 13:12:15.899000,5.26,5.26,5.27,2361300.0
2018-01-10 13:12:19.644000,5.26,5.26,5.27,2361300.0
2018-01-10 13:12:23.452000,5.26,5.26,5.27,2361300.0
2018-01-10 13:12:26.640000,5.26,5.26,5.27,2361300.0
2018-01-10 13:12:30.041000,5.26,5.26,5.27,2361300.0
2018-01-10 13:12:33.860000,5.26,5.26,5.27,2361300.0
2018-01-10 13:12:37.517000,5.26,5.26,5.27,2361300.0
2018-01-10 13:12:41.470000,5.26,5.26,5.27,2361300.0
2018-01-10 13:12:45.336000,5.26,5.26,5.27,2361300.0
2018-01-10 13:12:48.516000,5.26,5.26,5.27,2361300.0
2018-01-10 13:12:52.331000,5.26,5.26,5.27,2361300.0
2018-01-10 13:12:56.095000,5.26,5.26,5.27,2361300.0
2018-01-10 13:12:59.996000,5.26,5.26,5.27,2361300.0
2018-01-10 13:13:04.047000,5.26,5.26,5.27,2361300.0
2018-01-10 13:13:07.488000,5.26,5.26,5.27,2361300.0
2018-01-10 13:13:11.441000,5.26,5.26,5.27,2361300.0
2018-01-10 13:13:15.204000,5.26,5.26,5.27,2361300.0
2018-01-10 13:13:19.386000,5.26,5.26,5.27,2361300.0
2018-01-10 13:13:22.702000,5.26,5.26,5.27,2361300.0
2018-01-10 13:13:26.301000,5.26,5.26,5.27,2361300.0
2018-01-10 13:13:30.019000,5.26,5.26,5.27,2361300.0
2018-01-10 13:13:33.734000,5.26,5.26,5.27,2361300.0
2018-01-10 13:13:36.675000,5.26,5.26,5.27,2361300.0
2018-01-10 13:13:40.382000,5.26,5.26,5.27,2361300.0
2018-01-10 13:13:44.315000,5.26,5.26,5.27,2361300.0
2018-01-10 13:13:48.814000,5.26,5.26,5.27,2361300.0
2018-01-10 13:13:52.478000,5.26,5.26,5.27,2361300.0
2018-01-10 13:13:56.180000,5.26,5.26,5.27,2361300.0
2018-01-10 13:13:59.380000,5.26,5.26,5.27,2361300.0
2018-01-10 13:14:03.168000,5.26,5.26,5.27,2361300.0
2018-01-10 13:14:06.942000,5.26,5.26,5.27,2361300.0
2018-01-10 13:14:11.256000,5.26,5.26,5.27,2361300.0
2018-01-10 13:14:15.271000,5.26,5.26,5.27,2361300.0
2018-01-10 13:14:19.596000,5.26,5.26,5.27,2361300.0
2018-01-10 13:14:23.167000,5.26,5.26,5.27,2361300.0
2018-01-10 13:14:27.067000,5.26,5.26,5.27,2361300.0
2018-01-10 13:14:31.007000,5.26,5.26,5.27,2361300.0
2018-01-10 13:14:34.145000,5.26,5.26,5.27,2361300.0
2018-01-10 13:14:37.930000,5.26,5.26,5.27,2361300.0
2018-01-10 13:14:41.472000,5.26,5.26,5.27,2361300.0
2018-01-10 13:14:45.361000,5.26,5.26,5.27,2361300.0
2018-01-10 13:14:49.616000,5.26,5.26,5.27,2361300.0
2018-01-10 13:14:53.612000,5.27,5.26,5.27,2365700.0
2018-01-10 13:14:57.539000,5.27,5.26,5.27,2365700.0
2018-01-10 13:15:01.436000,5.27,5.26,5.27,2365700.0
2018-01-10 13:15:05.339000,5.27,5.26,5.28,2365700.0
2018-01-10 13:15:09.055000,5.27,5.26,5.28,2365700.0
2018-01-10 13:15:12.763000,5.27,5.26,5.28,2365700.0
2018-01-10 13:15:16.820000,5.27,5.26,5.28,2365700.0
2018-01-10 13:15:20.349000,5.27,5.26,5.28,2365700.0
2018-01-10 13:15:24.362000,5.27,5.26,5.28,2365700.0
2018-01-10 13:15:28.502000,5.27,5.26,5.28,2365700.0
2018-01-10 13:15:31.931000,5.27,5.26,5.28,2365700.0
2018-01-10 13:15:36.398000,5.27,5.26,5.28,2365700.0
2018-01-10 13:15:40.193000,5.27,5.26,5.28,2365700.0
2018-01-10 13:15:44.066000,5.27,5.26,5.28,2365700.0
2018-01-10 13:15:47.784000,5.27,5.26,5.28,2365700.0
2018-01-10 13:15:51.659000,5.27,5.26,5.28,2365700.0
2018-01-10 13:15:55.407000,5.27,5.26,5.28,2365700.0
2018-01-10 13:15:59.334000,5.27,5.26,5.28,2365700.0
2018-01-10 13:16:03.441000,5.27,5.26,5.28,2365700.0
2018-01-10 13:16:08.254000,5.27,5.26,5.28,2365700.0
2018-01-10 13:16:11.565000,5.27,5.26,5.28,2365700.0
2018-01-10 13:16:15.552000,5.27,5.26,5.28,2365700.0
2018-01-10 13:16:19.566000,5.27,5.26,5.28,2365700.0
2018-01-10 13:16:23.817000,5.27,5.26,5.28,2365700.0
2018-01-10 13:16:27.481000,5.27,5.26,5.28,2365700.0
2018-01-10 13:16:30.931000,5.27,5.26,5.28,2365700.0
2018-01-10 13:16:33.960000,5.27,5.26,5.28,2365700.0
2018-01-10 13:16:37.714000,5.27,5.26,5.28,2365700.0
2018-01-10 13:16:41.055000,5.27,5.26,5.28,2365700.0
2018-01-10 13:16:44.587000,5.27,5.26,5.28,2365700.0
2018-01-10 13:16:48.785000,5.27,5.26,5.28,2365700.0
2018-01-10 13:16:52.438000,5.27,5.26,5.28,2365700.0
2018-01-10 13:16:56.542000,5.27,5.26,5.28,2365700.0
2018-01-10 13:17:00.213000,5.27,5.26,5.28,2365700.0
2018-01-10 13:17:04.070000,5.27,5.26,5.28,2365700.0
2018-01-10 13:17:10.752000,5.27,5.26,5.28,2365700.0
2018-01-10 13:17:14.634000,5.27,5.26,5.28,2365700.0
2018-01-10 13:17:18.353000,5.27,5.26,5.28,2365700.0
2018-01-10 13:17:22.452000,5.27,5.26,5.28,2365700.0
2018-01-10 13:17:25.727000,5.27,5.26,5.28,2365700.0
2018-01-10 13:17:29.476000,5.27,5.26,5.28,2365700.0
2018-01-10 13:17:33.476000,5.27,5.27,5.28,2366700.0
2018-01-10 13:17:37.535000,5.27,5.27,5.28,2366700.0
2018-01-10 13:17:41.093000,5.27,5.27,5.28,2366700.0
2018-01-10 13:17:44.950000,5.27,5.27,5.28,2366700.0
2018-01-10 13:17:49.055000,5.27,5.27,5.28,2366700.0
2018-01-10 13:17:53.249000,5.27,5.27,5.28,2366700.0
2018-01-10 13:17:57.198000,5.27,5.27,5.28,2366700.0
2018-01-10 13:18:01.216000,5.27,5.27,5.28,2366700.0
2018-01-10 13:18:04.744000,5.27,5.27,5.28,2366700.0
2018-01-10 13:18:11.903000,5.27,5.27,5.28,2366700.0
2018-01-10 13:18:15.454000,5.27,5.27,5.28,2366700.0
2018-01-10 13:18:20.131000,5.27,5.27,5.28,2366700.0
2018-01-10 13:18:24.712000,5.27,5.27,5.28,2366700.0
2018-01-10 13:18:28.073000,5.27,5.27,5.28,2366700.0
2018-01-10 13:18:32.043000,5.27,5.27,5.28,2366700.0
2018-01-10 13:18:35.198000,5.27,5.27,5.28,2366700.0
2018-01-10 13:18:39.872000,5.27,5.27,5.28,2366700.0
2018-01-10 13:18:43.530000,5.27,5.27,5.28,2366700.0
2018-01-10 13:18:47.350000,5.27,5.27,5.28,2366700.0
2018-01-10 13:18:50.918000,5.27,5.27,5.28,2366700.0
2018-01-10 13:18:54.387000,5.27,5.27,5.28,2366700.0
2018-01-10 13:18:58.379000,5.27,5.27,5.28,2366700.0
2018-01-10 13:19:01.575000,5.27,5.27,5.28,2366700.0
2018-01-10 13:19:09.181000,5.27,5.27,5.28,2366700.0
2018-01-10 13:19:13.147000,5.27,5.27,5.28,2366700.0
2018-01-10 13:19:16.966000,5.27,5.27,5.28,2366700.0
2018-01-10 13:19:20.584000,5.27,5.27,5.28,2366700.0
2018-01-10 13:19:23.759000,5.27,5.27,5.28,2366700.0
2018-01-10 13:19:26.849000,5.27,5.27,5.28,2366700.0
2018-01-10 13:19:30.842000,5.27,5.27,5.28,2366700.0
2018-01-10 13:19:35.013000,5.27,5.27,5.28,2366700.0
2018-01-10 13:19:38.188000,5.27,5.27,5.28,2366700.0
2018-01-10 13:19:42.260000,5.27,5.27,5.28,2366700.0
2018-01-10 13:19:46.033000,5.27,5.27,5.28,2375200.0
2018-01-10 13:19:49.418000,5.27,5.27,5.28,2375200.0
2018-01-10 13:19:53.281000,5.27,5.27,5.28,2375200.0
2018-01-10 13:19:56.348000,5.27,5.27,5.28,2375200.0
2018-01-10 13:20:00.882000,5.27,5.27,5.28,2375200.0
2018-01-10 13:20:04.918000,5.27,5.27,5.28,2375200.0
2018-01-10 13:20:08.313000,5.27,5.27,5.28,2375200.0
2018-01-10 13:20:12.627000,5.27,5.27,5.28,2375200.0
2018-01-10 13:20:16.624000,5.27,5.27,5.28,2375200.0
2018-01-10 13:20:20.878000,5.27,5.27,5.28,2375200.0
2018-01-10 13:20:24.870000,5.27,5.27,5.28,2375200.0
2018-01-10 13:20:28.905000,5.27,5.27,5.28,2375200.0
2018-01-10 13:20:32.861000,5.27,5.27,5.28,2375200.0
2018-01-10 13:20:36.993000,5.27,5.27,5.28,2375200.0
2018-01-10 13:20:40.289000,5.27,5.27,5.28,2375200.0
2018-01-10 13:20:43.677000,5.27,5.27,5.28,2375200.0
2018-01-10 13:20:47.221000,5.27,5.27,5.28,2375200.0
2018-01-10 13:20:50.608000,5.27,5.27,5.28,2375200.0
2018-01-10 13:20:54.230000,5.27,5.27,5.28,2375200.0
2018-01-10 13:20:58.148000,5.27,5.27,5.28,2375200.0
2018-01-10 13:21:01.632000,5.27,5.27,5.28,2375200.0
2018-01-10 13:21:05.457000,5.27,5.27,5.28,2375200.0
2018-01-10 13:21:12.251000,5.27,5.27,5.28,2375200.0
2018-01-10 13:21:16.234000,5.27,5.27,5.28,2375200.0
2018-01-10 13:21:19.798000,5.27,5.27,5.28,2375200.0
2018-01-10 13:21:23.574000,5.27,5.27,5.28,2396200.0
2018-01-10 13:21:27.531000,5.27,5.27,5.28,2396200.0
2018-01-10 13:21:31.619000,5.27,5.27,5.28,2396200.0
2018-01-10 13:21:35.135000,5.27,5.27,5.28,2396200.0
2018-01-10 13:21:39.418000,5.27,5.27,5.28,2396200.0
2018-01-10 13:21:42.984000,5.27,5.27,5.28,2396200.0
2018-01-10 13:21:46.315000,5.27,5.27,5.28,2396200.0
2018-01-10 13:21:49.841000,5.27,5.27,5.28,2396200.0
2018-01-10 13:21:53.360000,5.27,5.27,5.28,2396200.0
2018-01-10 13:21:56.959000,5.27,5.27,5.28,2396200.0
2018-01-10 13:22:00.673000,5.27,5.27,5.28,2396200.0
2018-01-10 13:22:04.686000,5.27,5.27,5.28,2396200.0
2018-01-10 13:22:11.881000,5.27,5.27,5.28,2396200.0
2018-01-10 13:22:15.457000,5.27,5.27,5.28,2396200.0
2018-01-10 13:22:19.202000,5.27,5.27,5.28,2396200.0
2018-01-10 13:22:22.861000,5.27,5.27,5.28,2396200.0
2018-01-10 13:22:27.393000,5.27,5.27,5.28,2396200.0
2018-01-10 13:22:31.376000,5.27,5.27,5.28,2396200.0
2018-01-10 13:22:35.256000,5.27,5.27,5.28,2396200.0
2018-01-10 13:22:39.312000,5.27,5.27,5.28,2396200.0
2018-01-10 13:22:43.574000,5.27,5.27,5.28,2396200.0
2018-01-10 13:22:47.284000,5.27,5.27,5.28,2396200.0
2018-01-10 13:22:50.610000,5.27,5.27,5.28,2396200.0
2018-01-10 13:22:54.342000,5.27,5.27,5.28,2396200.0
2018-01-10 13:22:58.080000,5.27,5.27,5.28,2396200.0
2018-01-10 13:23:02.705000,5.27,5.27,5.28,2396200.0
2018-01-10 13:23:10.003000,5.28,5.27,5.28,2399200.0
2018-01-10 13:23:18.129000,5.28,5.27,5.28,2399200.0
2018-01-10 13:23:21.921000,5.28,5.27,5.28,2399200.0
2018-01-10 13:23:26.261000,5.28,5.27,5.28,2399200.0
2018-01-10 13:23:30.095000,5.28,5.27,5.28,2399200.0
2018-01-10 13:23:34.093000,5.28,5.27,5.28,2399200.0
2018-01-10 13:23:37.852000,5.28,5.27,5.28,2399200.0
2018-01-10 13:23:41.193000,5.28,5.27,5.28,2399200.0
2018-01-10 13:23:45.251000,5.28,5.27,5.28,2399200.0
2018-01-10 13:23:48.916000,5.28,5.27,5.28,2399200.0
2018-01-10 13:23:52.645000,5.28,5.27,5.28,2399200.0
2018-01-10 13:23:57.441000,5.28,5.27,5.28,2399200.0
2018-01-10 13:24:00.974000,5.28,5.27,5.28,2399200.0
2018-01-10 13:24:04.720000,5.28,5.27,5.28,2399200.0
2018-01-10 13:24:08.465000,5.28,5.27,5.28,2399200.0
2018-01-10 13:24:13.369000,5.28,5.27,5.28,2399200.0
2018-01-10 13:24:18.642000,5.28,5.28,5.29,2401200.0
2018-01-10 13:24:22.695000,5.28,5.28,5.29,2401200.0
2018-01-10 13:24:26.696000,5.28,5.28,5.29,2401200.0
2018-01-10 13:24:30.518000,5.28,5.28,5.29,2401200.0
2018-01-10 13:24:34.330000,5.28,5.28,5.29,2401200.0
2018-01-10 13:24:38.169000,5.28,5.28,5.29,2401200.0
2018-01-10 13:24:42.090000,5.28,5.28,5.29,2401200.0
2018-01-10 13:24:46.314000,5.28,5.28,5.29,2401200.0
2018-01-10 13:24:49.752000,5.28,5.28,5.29,2401200.0
2018-01-10 13:24:54.024000,5.28,5.28,5.29,2401200.0
2018-01-10 13:24:57.538000,5.28,5.28,5.29,2401200.0
2018-01-10 13:25:01.428000,5.28,5.28,5.29,2401200.0
2018-01-10 13:25:06.123000,5.28,5.28,5.29,2401200.0
2018-01-10 13:25:10.066000,5.28,5.28,5.29,2401200.0
2018-01-10 13:25:13.132000,5.28,5.28,5.29,2401200.0
2018-01-10 13:25:18.569000,5.28,5.28,5.29,2401200.0
2018-01-10 13:25:22.682000,5.28,5.28,5.29,2401200.0
2018-01-10 13:25:26.509000,5.28,5.28,5.29,2401200.0
2018-01-10 13:25:30.159000,5.28,5.28,5.29,2401200.0
2018-01-10 13:25:33.962000,5.28,5.28,5.29,2401200.0
2018-01-10 13:25:37.620000,5.28,5.28,5.29,2401200.0
2018-01-10 13:25:41.452000,5.28,5.28,5.29,2401200.0
2018-01-10 13:25:45.440000,5.28,5.28,5.29,2401200.0
2018-01-10 13:25:48.841000,5.28,5.28,5.29,2401200.0
2018-01-10 13:25:52.371000,5.28,5.28,5.29,2401200.0
2018-01-10 13:25:56.334000,5.28,5.28,5.29,2401200.0
2018-01-10 13:25:59.851000,5.28,5.28,5.29,2401200.0
2018-01-10 13:26:03.395000,5.28,5.28,5.29,2401200.0
2018-01-10 13:26:09.024000,5.28,5.28,5.29,2401200.0
2018-01-10 13:26:13.080000,5.28,5.28,5.29,2401200.0
2018-01-10 13:26:16.741000,5.28,5.28,5.29,2401200.0
2018-01-10 13:26:20.756000,5.28,5.28,5.29,2401200.0
2018-01-10 13:26:24.755000,5.28,5.28,5.29,2401200.0
2018-01-10 13:26:29.043000,5.28,5.28,5.29,2401200.0
2018-01-10 13:26:32.963000,5.28,5.28,5.29,2401200.0
2018-01-10 13:26:36.601000,5.28,5.28,5.29,2401200.0
2018-01-10 13:26:40.394000,5.28,5.28,5.29,2401200.0
2018-01-10 13:26:44.271000,5.28,5.28,5.29,2401200.0
2018-01-10 13:26:48.152000,5.28,5.28,5.29,2401200.0
2018-01-10 13:26:52.258000,5.28,5.28,5.29,2401200.0
2018-01-10 13:26:56.258000,5.28,5.28,5.29,2401200.0
2018-01-10 13:27:00.536000,5.28,5.28,5.29,2401200.0
2018-01-10 13:27:04.011000,5.28,5.28,5.29,2401200.0
2018-01-10 13:27:07.805000,5.28,5.28,5.29,2401200.0
2018-01-10 13:27:11.281000,5.28,5.28,5.29,2401200.0
2018-01-10 13:27:15.064000,5.28,5.28,5.29,2401200.0
2018-01-10 13:27:18.693000,5.28,5.28,5.29,2401200.0
2018-01-10 13:27:22.587000,5.28,5.28,5.29,2401200.0
2018-01-10 13:27:26.492000,5.28,5.28,5.29,2401200.0
2018-01-10 13:27:30.725000,5.28,5.28,5.29,2401200.0
2018-01-10 13:27:34.692000,5.28,5.28,5.29,2401200.0
2018-01-10 13:27:38.062000,5.28,5.28,5.29,2401200.0
2018-01-10 13:27:41.782000,5.28,5.28,5.29,2401200.0
2018-01-10 13:27:45.804000,5.28,5.28,5.29,2401200.0
2018-01-10 13:27:50.180000,5.28,5.28,5.29,2401200.0
2018-01-10 13:27:54.247000,5.28,5.28,5.29,2401200.0
2018-01-10 13:27:58.027000,5.28,5.28,5.29,2401200.0
2018-01-10 13:28:02.257000,5.28,5.28,5.29,2401200.0
2018-01-10 13:28:06.118000,5.28,5.28,5.29,2401200.0
2018-01-10 13:28:10.139000,5.28,5.28,5.29,2401200.0
2018-01-10 13:28:13.491000,5.28,5.28,5.29,2401200.0
2018-01-10 13:28:17.530000,5.28,5.28,5.29,2401200.0
2018-01-10 13:28:21.649000,5.28,5.28,5.29,2401200.0
2018-01-10 13:28:25.021000,5.28,5.28,5.29,2401200.0
2018-01-10 13:28:29.068000,5.28,5.28,5.29,2401200.0
2018-01-10 13:28:32.466000,5.28,5.28,5.29,2401200.0
2018-01-10 13:28:36.268000,5.28,5.28,5.29,2401200.0
2018-01-10 13:28:39.867000,5.28,5.28,5.29,2401200.0
2018-01-10 13:28:43.954000,5.28,5.28,5.29,2401200.0
2018-01-10 13:28:48.091000,5.28,5.28,5.29,2401200.0
2018-01-10 13:28:52.203000,5.28,5.28,5.29,2401200.0
2018-01-10 13:28:56.389000,5.28,5.28,5.29,2401200.0
2018-01-10 13:29:00.553000,5.28,5.28,5.29,2401200.0
2018-01-10 13:29:04.081000,5.28,5.27,5.29,2401200.0
2018-01-10 13:29:11.215000,5.28,5.27,5.29,2401200.0
2018-01-10 13:29:15.116000,5.28,5.27,5.29,2401200.0
2018-01-10 13:29:19.534000,5.28,5.27,5.29,2401200.0
2018-01-10 13:29:23.401000,5.28,5.27,5.29,2401200.0
2018-01-10 13:29:26.759000,5.28,5.27,5.29,2401200.0
2018-01-10 13:29:30.805000,5.28,5.27,5.29,2401200.0
2018-01-10 13:29:34.296000,5.28,5.27,5.29,2401200.0
2018-01-10 13:29:38.057000,5.28,5.27,5.29,2401200.0
2018-01-10 13:29:42.084000,5.28,5.27,5.29,2401200.0
2018-01-10 13:29:46.175000,5.28,5.27,5.29,2401200.0
2018-01-10 13:29:49.506000,5.28,5.27,5.29,2401200.0
2018-01-10 13:29:53.063000,5.28,5.27,5.29,2401200.0
2018-01-10 13:29:56.995000,5.28,5.27,5.29,2401200.0
2018-01-10 13:30:00.666000,5.28,5.27,5.29,2401200.0
2018-01-10 13:30:04.946000,5.28,5.27,5.29,2401200.0
2018-01-10 13:30:08.414000,5.28,5.27,5.29,2401200.0
2018-01-10 13:30:12.075000,5.28,5.27,5.29,2401200.0
2018-01-10 13:30:16.185000,5.28,5.27,5.29,2401200.0
2018-01-10 13:30:20.493000,5.28,5.27,5.29,2401200.0
2018-01-10 13:30:23.874000,5.28,5.27,5.29,2401200.0
2018-01-10 13:30:27.246000,5.28,5.27,5.29,2401200.0
2018-01-10 13:30:30.807000,5.28,5.27,5.29,2401200.0
2018-01-10 13:30:34.798000,5.28,5.27,5.29,2401200.0
2018-01-10 13:30:38.521000,5.28,5.27,5.29,2401200.0
2018-01-10 13:30:41.997000,5.28,5.27,5.29,2401200.0
2018-01-10 13:30:46.087000,5.28,5.27,5.29,2401200.0
2018-01-10 13:30:49.853000,5.28,5.27,5.29,2401200.0
2018-01-10 13:30:53.476000,5.28,5.27,5.29,2401200.0
2018-01-10 13:30:57.610000,5.28,5.27,5.29,2401200.0
2018-01-10 13:31:01.661000,5.28,5.27,5.29,2401200.0
2018-01-10 13:31:05.742000,5.28,5.27,5.29,2401200.0
2018-01-10 13:31:10.712000,5.28,5.27,5.29,2401200.0
2018-01-10 13:31:14.643000,5.28,5.27,5.28,2443200.0
2018-01-10 13:31:20.509000,5.28,5.27,5.28,2443200.0
2018-01-10 13:31:24.667000,5.28,5.27,5.28,2443200.0
2018-01-10 13:31:28.932000,5.28,5.27,5.28,2443200.0
2018-01-10 13:31:32.794000,5.28,5.27,5.28,2443200.0
2018-01-10 13:31:36.763000,5.28,5.27,5.28,2443200.0
2018-01-10 13:31:40.714000,5.28,5.27,5.28,2443200.0
2018-01-10 13:31:44.281000,5.28,5.27,5.28,2443200.0
2018-01-10 13:31:48.234000,5.28,5.27,5.28,2443200.0
2018-01-10 13:31:51.710000,5.28,5.27,5.28,2443200.0
2018-01-10 13:31:55.183000,5.28,5.27,5.28,2443200.0
2018-01-10 13:31:59.137000,5.28,5.27,5.28,2443200.0
2018-01-10 13:32:03.435000,5.28,5.27,5.28,2443200.0
2018-01-10 13:32:07.233000,5.28,5.27,5.28,2443200.0
2018-01-10 13:32:10.901000,5.28,5.27,5.28,2443200.0
2018-01-10 13:32:15.373000,5.28,5.27,5.28,2443200.0
2018-01-10 13:32:19.591000,5.28,5.27,5.28,2443200.0
2018-01-10 13:32:23.705000,5.28,5.27,5.28,2443200.0
2018-01-10 13:32:27.233000,5.28,5.27,5.28,2443200.0
2018-01-10 13:32:30.999000,5.28,5.27,5.28,2443200.0
2018-01-10 13:32:34.564000,5.28,5.27,5.28,2443200.0
2018-01-10 13:32:38.316000,5.28,5.27,5.28,2443200.0
2018-01-10 13:32:41.433000,5.28,5.27,5.28,2443200.0
2018-01-10 13:32:45.418000,5.28,5.27,5.28,2443200.0
2018-01-10 13:32:48.915000,5.28,5.27,5.28,2443200.0
2018-01-10 13:32:52.911000,5.28,5.27,5.28,2443200.0
2018-01-10 13:32:57.032000,5.28,5.27,5.28,2443200.0
2018-01-10 13:33:00.996000,5.28,5.27,5.28,2443200.0
2018-01-10 13:33:04.443000,5.28,5.27,5.28,2443200.0
2018-01-10 13:33:08.265000,5.28,5.27,5.28,2443200.0
2018-01-10 13:33:12.217000,5.28,5.27,5.28,2443200.0
2018-01-10 13:33:17.359000,5.28,5.27,5.28,2443200.0
2018-01-10 13:33:20.887000,5.29,5.28,5.29,2747700.0
2018-01-10 13:33:24.156000,5.29,5.28,5.3,2778100.0
2018-01-10 13:33:28.219000,5.29,5.28,5.3,2778100.0
2018-01-10 13:33:31.725000,5.29,5.28,5.3,2778100.0
2018-01-10 13:33:35.827000,5.29,5.28,5.3,2778100.0
2018-01-10 13:33:39.601000,5.29,5.28,5.3,2778100.0
2018-01-10 13:33:43.133000,5.29,5.28,5.3,2778100.0
2018-01-10 13:33:46.838000,5.29,5.28,5.29,2778100.0
2018-01-10 13:33:50.685000,5.29,5.28,5.29,2778100.0
2018-01-10 13:33:54.425000,5.29,5.28,5.3,2778100.0
2018-01-10 13:33:58.718000,5.29,5.28,5.3,2778100.0
2018-01-10 13:34:02.954000,5.29,5.28,5.3,2778100.0
2018-01-10 13:34:10.547000,5.29,5.28,5.3,2778100.0
2018-01-10 13:34:15.373000,5.29,5.28,5.3,2778100.0
2018-01-10 13:34:18.827000,5.29,5.28,5.3,2778100.0
2018-01-10 13:34:21.878000,5.29,5.28,5.3,2778100.0
2018-01-10 13:34:25.717000,5.29,5.28,5.3,2778100.0
2018-01-10 13:34:29.111000,5.29,5.28,5.3,2778100.0
2018-01-10 13:34:32.791000,5.29,5.28,5.3,2778100.0
2018-01-10 13:34:35.798000,5.29,5.28,5.3,2778100.0
2018-01-10 13:34:39.795000,5.29,5.28,5.3,2778100.0
2018-01-10 13:34:43.663000,5.29,5.28,5.3,2778100.0
2018-01-10 13:34:46.958000,5.29,5.28,5.3,2778100.0
2018-01-10 13:34:50.933000,5.29,5.28,5.3,2778100.0
2018-01-10 13:34:54.879000,5.29,5.28,5.3,2778100.0
2018-01-10 13:34:58.634000,5.29,5.28,5.3,2778100.0
2018-01-10 13:35:06.004000,5.29,5.28,5.3,2778100.0
2018-01-10 13:35:11.639000,5.29,5.28,5.3,2778100.0
2018-01-10 13:35:19.220000,5.29,5.28,5.29,2802700.0
2018-01-10 13:35:22.674000,5.29,5.28,5.29,2802700.0
2018-01-10 13:35:26.390000,5.29,5.28,5.29,2802700.0
2018-01-10 13:35:30.213000,5.29,5.28,5.29,2802700.0
2018-01-10 13:35:34.148000,5.29,5.28,5.29,2802700.0
2018-01-10 13:35:37.896000,5.29,5.28,5.29,2802700.0
2018-01-10 13:35:41.893000,5.29,5.28,5.29,2802700.0
2018-01-10 13:35:45.972000,5.29,5.28,5.29,2802700.0
2018-01-10 13:35:50.173000,5.29,5.28,5.29,2802700.0
2018-01-10 13:35:53.943000,5.29,5.28,5.29,2802700.0
2018-01-10 13:35:58.124000,5.29,5.28,5.29,2802700.0
2018-01-10 13:36:01.935000,5.29,5.28,5.29,2802700.0
2018-01-10 13:36:05.782000,5.29,5.28,5.29,2802700.0
2018-01-10 13:36:12.160000,5.29,5.28,5.29,2802700.0
2018-01-10 13:36:15.971000,5.29,5.28,5.29,2802700.0
2018-01-10 13:36:20.153000,5.29,5.28,5.29,2802700.0
2018-01-10 13:36:24.225000,5.29,5.28,5.29,2802700.0
2018-01-10 13:36:28.006000,5.29,5.28,5.29,2802700.0
2018-01-10 13:36:31.849000,5.29,5.28,5.29,2802700.0
2018-01-10 13:36:35.614000,5.29,5.28,5.29,2802700.0
2018-01-10 13:36:38.993000,5.29,5.28,5.29,2802700.0
2018-01-10 13:36:42.784000,5.29,5.28,5.29,2802700.0
2018-01-10 13:36:46.268000,5.29,5.28,5.29,2802700.0
2018-01-10 13:36:49.973000,5.29,5.28,5.29,2802700.0
2018-01-10 13:36:53.650000,5.29,5.28,5.29,2802700.0
2018-01-10 13:36:57.341000,5.29,5.28,5.29,2802700.0
2018-01-10 13:37:00.956000,5.29,5.28,5.29,2802700.0
2018-01-10 13:37:04.843000,5.29,5.28,5.29,2802700.0
2018-01-10 13:37:08.782000,5.29,5.28,5.29,2802700.0
2018-01-10 13:37:12.321000,5.29,5.28,5.29,2802700.0
2018-01-10 13:37:16.215000,5.29,5.28,5.29,2802700.0
2018-01-10 13:37:20.050000,5.29,5.28,5.29,2802700.0
2018-01-10 13:37:23.508000,5.29,5.28,5.29,2802700.0
2018-01-10 13:37:27.163000,5.29,5.28,5.29,2802700.0
2018-01-10 13:37:31.194000,5.29,5.28,5.29,2802700.0
2018-01-10 13:37:35.442000,5.29,5.28,5.29,2802700.0
2018-01-10 13:37:39.432000,5.29,5.28,5.29,2802700.0
2018-01-10 13:37:43.162000,5.29,5.28,5.29,2802700.0
2018-01-10 13:37:46.842000,5.29,5.28,5.29,2802700.0
2018-01-10 13:37:50.753000,5.29,5.28,5.29,2802700.0
2018-01-10 13:37:54.298000,5.29,5.28,5.29,2802700.0
2018-01-10 13:37:57.835000,5.29,5.28,5.29,2802700.0
2018-01-10 13:38:03.476000,5.29,5.28,5.29,2802700.0
2018-01-10 13:38:07.461000,5.29,5.28,5.29,2802700.0
2018-01-10 13:38:15.740000,5.29,5.28,5.29,2802700.0
2018-01-10 13:38:19.367000,5.29,5.28,5.29,2802700.0
2018-01-10 13:38:23.352000,5.29,5.28,5.29,2802700.0
2018-01-10 13:38:26.869000,5.29,5.28,5.29,2802700.0
2018-01-10 13:38:30.647000,5.29,5.28,5.29,2802700.0
2018-01-10 13:38:33.942000,5.29,5.28,5.29,2802700.0
2018-01-10 13:38:37.508000,5.29,5.28,5.29,2802700.0
2018-01-10 13:38:41.131000,5.29,5.28,5.29,2802700.0
2018-01-10 13:38:44.742000,5.29,5.28,5.29,2802700.0
2018-01-10 13:38:48.901000,5.29,5.28,5.29,2802700.0
2018-01-10 13:38:53.275000,5.29,5.28,5.29,2802700.0
2018-01-10 13:38:56.635000,5.29,5.28,5.29,2802700.0
2018-01-10 13:39:00.694000,5.29,5.28,5.29,2802700.0
2018-01-10 13:39:04.775000,5.29,5.28,5.29,2802700.0
2018-01-10 13:39:08.517000,5.29,5.28,5.29,2802700.0
2018-01-10 13:39:11.627000,5.29,5.28,5.29,2802700.0
2018-01-10 13:39:15.358000,5.29,5.28,5.29,2802700.0
2018-01-10 13:39:19.247000,5.29,5.28,5.29,2802700.0
2018-01-10 13:39:23.540000,5.29,5.28,5.29,2802700.0
2018-01-10 13:39:27.197000,5.29,5.28,5.29,2802700.0
2018-01-10 13:39:30.575000,5.29,5.28,5.29,2802700.0
2018-01-10 13:39:34.678000,5.29,5.28,5.29,2802700.0
2018-01-10 13:39:39.262000,5.29,5.28,5.29,2802700.0
2018-01-10 13:39:43.443000,5.29,5.28,5.29,2802700.0
2018-01-10 13:39:47.433000,5.29,5.28,5.29,2802700.0
2018-01-10 13:39:50.523000,5.29,5.28,5.29,2802700.0
2018-01-10 13:39:54.184000,5.29,5.28,5.29,2802700.0
2018-01-10 13:39:57.844000,5.29,5.28,5.29,2802700.0
2018-01-10 13:40:01.289000,5.29,5.28,5.29,2802700.0
2018-01-10 13:40:05.169000,5.29,5.28,5.29,2802700.0
2018-01-10 13:40:11.274000,5.29,5.28,5.29,2802700.0
2018-01-10 13:40:17.758000,5.29,5.28,5.29,2802700.0
2018-01-10 13:40:21.916000,5.29,5.28,5.29,2802700.0
2018-01-10 13:40:25.774000,5.29,5.28,5.29,2802700.0
2018-01-10 13:40:29.663000,5.29,5.28,5.29,2802700.0
2018-01-10 13:40:33.427000,5.29,5.28,5.29,2952700.0
2018-01-10 13:40:37.805000,5.29,5.28,5.29,2952700.0
2018-01-10 13:40:41.461000,5.29,5.28,5.29,2952700.0
2018-01-10 13:40:44.933000,5.29,5.28,5.29,2952700.0
2018-01-10 13:40:49.032000,5.29,5.28,5.29,2952700.0
2018-01-10 13:40:53.184000,5.29,5.28,5.29,2952700.0
2018-01-10 13:40:56.651000,5.29,5.28,5.29,2952700.0
2018-01-10 13:41:00.545000,5.29,5.28,5.29,2952700.0
2018-01-10 13:41:05.886000,5.29,5.28,5.29,2952700.0
2018-01-10 13:41:08.821000,5.29,5.28,5.29,2952700.0
2018-01-10 13:41:12.907000,5.29,5.28,5.29,2952700.0
2018-01-10 13:41:16.685000,5.29,5.28,5.29,2952700.0
2018-01-10 13:41:20.966000,5.29,5.28,5.29,2952700.0
2018-01-10 13:41:24.350000,5.29,5.28,5.29,2952700.0
2018-01-10 13:41:28.373000,5.29,5.28,5.29,2952700.0
2018-01-10 13:41:32.533000,5.29,5.28,5.29,2952700.0
2018-01-10 13:41:36.338000,5.29,5.28,5.29,2952700.0
2018-01-10 13:41:40.385000,5.29,5.28,5.29,2952700.0
2018-01-10 13:41:44.793000,5.29,5.28,5.29,2952700.0
2018-01-10 13:41:48.924000,5.29,5.28,5.29,2952700.0
2018-01-10 13:41:52.816000,5.29,5.28,5.29,2952700.0
2018-01-10 13:41:57.425000,5.29,5.28,5.29,2952700.0
2018-01-10 13:42:01.057000,5.29,5.28,5.29,2952700.0
2018-01-10 13:42:05.042000,5.29,5.28,5.29,2952700.0
2018-01-10 13:42:10.263000,5.29,5.28,5.29,2952700.0
2018-01-10 13:42:13.901000,5.29,5.28,5.29,2952700.0
2018-01-10 13:42:18.085000,5.29,5.28,5.29,2952700.0
2018-01-10 13:42:21.679000,5.29,5.28,5.29,2952700.0
2018-01-10 13:42:24.943000,5.29,5.28,5.29,2952700.0
2018-01-10 13:42:28.608000,5.29,5.28,5.29,2952700.0
2018-01-10 13:42:32.513000,5.29,5.28,5.29,2952700.0
2018-01-10 13:42:36.960000,5.29,5.28,5.29,2952700.0
2018-01-10 13:42:40.448000,5.29,5.28,5.29,2952700.0
2018-01-10 13:42:44.316000,5.29,5.28,5.29,2952700.0
2018-01-10 13:42:48.374000,5.29,5.28,5.29,2952700.0
2018-01-10 13:42:52.236000,5.29,5.28,5.29,2952700.0
2018-01-10 13:42:55.997000,5.29,5.28,5.29,2952700.0
2018-01-10 13:42:59.610000,5.29,5.28,5.29,2952700.0
2018-01-10 13:43:03.131000,5.29,5.28,5.29,2952700.0
2018-01-10 13:43:06.341000,5.29,5.28,5.29,2952700.0
2018-01-10 13:43:11.015000,5.29,5.28,5.29,2952700.0
2018-01-10 13:43:15.097000,5.29,5.28,5.29,2952700.0
2018-01-10 13:43:19.856000,5.29,5.28,5.29,2952700.0
2018-01-10 13:43:23.484000,5.29,5.28,5.29,2952700.0
2018-01-10 13:43:27.295000,5.29,5.28,5.29,2952700.0
2018-01-10 13:43:31.093000,5.29,5.28,5.29,2952700.0
2018-01-10 13:43:35.096000,5.29,5.28,5.29,2952700.0
2018-01-10 13:43:38.661000,5.29,5.28,5.29,2952700.0
2018-01-10 13:43:42.296000,5.29,5.28,5.29,2952700.0
2018-01-10 13:43:46.326000,5.29,5.28,5.29,2952700.0
2018-01-10 13:43:50.448000,5.29,5.28,5.29,2952700.0
2018-01-10 13:43:54.406000,5.29,5.28,5.29,2952700.0
2018-01-10 13:43:57.766000,5.29,5.28,5.29,2952700.0
2018-01-10 13:44:01.609000,5.29,5.28,5.29,2952700.0
2018-01-10 13:44:05.781000,5.29,5.28,5.29,2952700.0
2018-01-10 13:44:13.925000,5.29,5.28,5.29,2952700.0
2018-01-10 13:44:18.329000,5.29,5.28,5.29,2952700.0
2018-01-10 13:44:22.030000,5.29,5.28,5.29,2952700.0
2018-01-10 13:44:25.581000,5.29,5.28,5.29,2952700.0
2018-01-10 13:44:29.397000,5.29,5.28,5.29,2952700.0
2018-01-10 13:44:33.507000,5.29,5.28,5.29,2952700.0
2018-01-10 13:44:37.375000,5.29,5.28,5.29,2952700.0
2018-01-10 13:44:41.297000,5.29,5.28,5.29,2952700.0
2018-01-10 13:44:45.258000,5.29,5.28,5.29,2952700.0
2018-01-10 13:44:49.296000,5.29,5.28,5.29,2952700.0
2018-01-10 13:44:53.158000,5.29,5.28,5.29,2952700.0
2018-01-10 13:44:57.288000,5.29,5.28,5.29,2952700.0
2018-01-10 13:45:01.219000,5.29,5.28,5.29,2952700.0
2018-01-10 13:45:06.407000,5.29,5.28,5.29,2952700.0
2018-01-10 13:45:12.861000,5.29,5.28,5.29,2952700.0
2018-01-10 13:45:17.657000,5.29,5.28,5.29,2952700.0
2018-01-10 13:45:21.798000,5.29,5.28,5.29,2952700.0
2018-01-10 13:45:25.346000,5.29,5.28,5.29,2952700.0
2018-01-10 13:45:29.409000,5.29,5.28,5.29,2952700.0
2018-01-10 13:45:33.690000,5.29,5.28,5.29,2952700.0
2018-01-10 13:45:37.701000,5.29,5.28,5.29,2952700.0
2018-01-10 13:45:41.812000,5.29,5.28,5.29,2952700.0
2018-01-10 13:45:47.193000,5.29,5.28,5.29,2952700.0
2018-01-10 13:45:51.251000,5.29,5.28,5.29,2952700.0
2018-01-10 13:45:55.088000,5.29,5.28,5.29,2952700.0
2018-01-10 13:45:58.645000,5.29,5.28,5.29,2952700.0
2018-01-10 13:46:06.455000,5.29,5.28,5.29,2952700.0
2018-01-10 13:46:10.569000,5.29,5.28,5.29,2952700.0
2018-01-10 13:46:15.881000,5.29,5.28,5.29,2952700.0
2018-01-10 13:46:20.930000,5.29,5.28,5.29,2952700.0
2018-01-10 13:46:25.409000,5.29,5.28,5.29,2952700.0
2018-01-10 13:46:30.398000,5.29,5.28,5.29,2952700.0
2018-01-10 13:46:35.343000,5.29,5.28,5.29,2952700.0
2018-01-10 13:46:39.187000,5.29,5.28,5.29,2952700.0
2018-01-10 13:46:43.883000,5.29,5.28,5.29,2952700.0
2018-01-10 13:46:48.605000,5.29,5.28,5.29,2952700.0
2018-01-10 13:46:53.748000,5.29,5.28,5.29,2952700.0
2018-01-10 13:46:58.445000,5.29,5.28,5.29,2952700.0
2018-01-10 13:47:03.379000,5.29,5.28,5.29,2952700.0
2018-01-10 13:47:09.756000,5.29,5.28,5.29,2952700.0
2018-01-10 13:47:14.290000,5.29,5.28,5.29,2952700.0
2018-01-10 13:47:18.507000,5.29,5.28,5.29,2954700.0
2018-01-10 13:47:23.194000,5.29,5.28,5.29,2954700.0
2018-01-10 13:47:28.444000,5.29,5.28,5.29,2954700.0
2018-01-10 13:47:33.819000,5.29,5.28,5.29,2954700.0
2018-01-10 13:47:37.550000,5.29,5.28,5.29,2954700.0
2018-01-10 13:47:42.028000,5.29,5.28,5.29,2954700.0
2018-01-10 13:47:46.817000,5.29,5.28,5.29,2954700.0
2018-01-10 13:47:52.759000,5.29,5.28,5.29,2954700.0
2018-01-10 13:47:57.639000,5.29,5.28,5.29,2954700.0
2018-01-10 13:48:02.761000,5.29,5.28,5.29,2954700.0
2018-01-10 13:48:13.922000,5.29,5.28,5.29,2954700.0
2018-01-10 13:48:18.442000,5.29,5.28,5.29,2954700.0
2018-01-10 13:48:22.373000,5.29,5.28,5.29,2954700.0
2018-01-10 13:48:27.132000,5.29,5.28,5.29,2954700.0
2018-01-10 13:48:31.708000,5.29,5.28,5.29,2954700.0
2018-01-10 13:48:36.738000,5.29,5.28,5.29,2954700.0
2018-01-10 13:48:41.911000,5.29,5.28,5.29,2954700.0
2018-01-10 13:48:46.851000,5.29,5.28,5.29,2954700.0
2018-01-10 13:48:50.445000,5.29,5.28,5.29,2954700.0
2018-01-10 13:48:55.133000,5.29,5.28,5.29,2954700.0
2018-01-10 13:49:00.471000,5.29,5.28,5.29,2954700.0
2018-01-10 13:49:05.148000,5.29,5.28,5.29,2954700.0
2018-01-10 13:49:10.213000,5.29,5.28,5.29,2954700.0
2018-01-10 13:49:17.098000,5.29,5.28,5.29,2954700.0
2018-01-10 13:49:21.647000,5.29,5.28,5.29,2954700.0
2018-01-10 13:49:25.635000,5.29,5.28,5.29,2954700.0
2018-01-10 13:49:30.449000,5.29,5.28,5.29,2954700.0
2018-01-10 13:49:35.273000,5.29,5.28,5.29,2954700.0
2018-01-10 13:49:40.419000,5.29,5.28,5.29,2954700.0
2018-01-10 13:49:45.338000,5.29,5.28,5.29,2954700.0
2018-01-10 13:49:49.455000,5.29,5.28,5.29,2954700.0
2018-01-10 13:49:54.303000,5.29,5.28,5.29,2954700.0
2018-01-10 13:49:58.790000,5.29,5.28,5.29,2954700.0
2018-01-10 13:50:04.075000,5.29,5.28,5.29,2954700.0
2018-01-10 13:50:08.668000,5.29,5.28,5.29,2954700.0
2018-01-10 13:50:13.588000,5.29,5.28,5.29,2954700.0
2018-01-10 13:50:18.388000,5.29,5.28,5.29,2954700.0
2018-01-10 13:50:23.448000,5.29,5.28,5.29,2954700.0
2018-01-10 13:50:27.800000,5.29,5.28,5.29,2954700.0
2018-01-10 13:50:32.937000,5.29,5.28,5.29,2954700.0
2018-01-10 13:50:36.945000,5.29,5.28,5.29,2954700.0
2018-01-10 13:50:44.486000,5.29,5.28,5.29,2954700.0
2018-01-10 13:50:49.674000,5.29,5.28,5.29,2954700.0
2018-01-10 13:50:54.295000,5.29,5.28,5.29,2954700.0
2018-01-10 13:50:58.768000,5.29,5.28,5.29,2954700.0
2018-01-10 13:51:03.601000,5.29,5.28,5.29,2954700.0
2018-01-10 13:51:08.026000,5.29,5.28,5.29,2954700.0
2018-01-10 13:51:11.930000,5.29,5.28,5.29,2954700.0
2018-01-10 13:51:17.890000,5.29,5.28,5.29,2954700.0
2018-01-10 13:51:22.902000,5.29,5.28,5.29,2954700.0
2018-01-10 13:51:27.767000,5.29,5.28,5.29,2954700.0
2018-01-10 13:51:32.352000,5.29,5.28,5.29,2954700.0
2018-01-10 13:51:36.807000,5.29,5.28,5.29,2954700.0
2018-01-10 13:51:41.402000,5.29,5.28,5.29,2954700.0
2018-01-10 13:51:45.649000,5.29,5.28,5.29,2954700.0
2018-01-10 13:51:50.137000,5.29,5.28,5.29,2954700.0
2018-01-10 13:51:54.619000,5.29,5.28,5.29,2954700.0
2018-01-10 13:51:58.820000,5.29,5.28,5.29,2954700.0
2018-01-10 13:52:03.665000,5.29,5.28,5.29,2954700.0
2018-01-10 13:52:11.084000,5.28,5.28,5.29,2964700.0
2018-01-10 13:52:16.730000,5.28,5.28,5.29,2964700.0
2018-01-10 13:52:21.484000,5.28,5.28,5.29,2964700.0
2018-01-10 13:52:26.150000,5.28,5.28,5.29,2964700.0
2018-01-10 13:52:30.035000,5.28,5.28,5.29,2964700.0
2018-01-10 13:52:34.300000,5.28,5.28,5.29,2964700.0
2018-01-10 13:52:38.860000,5.28,5.28,5.29,2964700.0
2018-01-10 13:52:43.620000,5.28,5.28,5.29,2964700.0
2018-01-10 13:52:48.123000,5.28,5.28,5.29,2964700.0
2018-01-10 13:52:52.761000,5.28,5.28,5.29,2964700.0
2018-01-10 13:52:57.879000,5.28,5.28,5.29,2964700.0
2018-01-10 13:53:02.317000,5.28,5.28,5.29,2964700.0
2018-01-10 13:53:06.414000,5.28,5.28,5.29,2964700.0
2018-01-10 13:53:12.648000,5.28,5.27,5.29,3006500.0
2018-01-10 13:53:20.759000,5.28,5.27,5.29,3006500.0
2018-01-10 13:53:25.170000,5.28,5.27,5.29,3006500.0
2018-01-10 13:53:29.265000,5.28,5.27,5.29,3006500.0
2018-01-10 13:53:33.774000,5.28,5.27,5.29,3006500.0
2018-01-10 13:53:38.345000,5.28,5.27,5.29,3006500.0
2018-01-10 13:53:42.254000,5.28,5.27,5.29,3006500.0
2018-01-10 13:53:46.156000,5.28,5.27,5.29,3006500.0
2018-01-10 13:53:50.581000,5.28,5.27,5.29,3006500.0
2018-01-10 13:53:54.928000,5.28,5.27,5.29,3006500.0
2018-01-10 13:53:58.527000,5.28,5.27,5.29,3006500.0
2018-01-10 13:54:02.663000,5.28,5.27,5.29,3006500.0
2018-01-10 13:54:06.250000,5.28,5.27,5.29,3006500.0
2018-01-10 13:54:14.533000,5.28,5.27,5.29,3006500.0
2018-01-10 13:54:17.973000,5.28,5.27,5.29,3006500.0
2018-01-10 13:54:22.239000,5.28,5.27,5.29,3006500.0
2018-01-10 13:54:27.398000,5.28,5.27,5.29,3006500.0
2018-01-10 13:54:31.982000,5.28,5.27,5.29,3006500.0
2018-01-10 13:54:36.289000,5.28,5.27,5.29,3006500.0
2018-01-10 13:54:40.599000,5.28,5.27,5.29,3006500.0
2018-01-10 13:54:44.482000,5.28,5.27,5.29,3006500.0
2018-01-10 13:54:49.318000,5.28,5.27,5.29,3006500.0
2018-01-10 13:54:53.759000,5.28,5.27,5.29,3006500.0
2018-01-10 13:54:58.923000,5.28,5.27,5.29,3006500.0
2018-01-10 13:55:02.443000,5.28,5.27,5.29,3006500.0
2018-01-10 13:55:07.562000,5.28,5.27,5.29,3006500.0
2018-01-10 13:55:11.875000,5.28,5.27,5.29,3006500.0
2018-01-10 13:55:15.855000,5.28,5.27,5.29,3006500.0
2018-01-10 13:55:20.990000,5.28,5.27,5.29,3006500.0
2018-01-10 13:55:25.752000,5.28,5.27,5.29,3006500.0
2018-01-10 13:55:30.490000,5.28,5.27,5.29,3006500.0
2018-01-10 13:55:34.785000,5.28,5.27,5.29,3006500.0
2018-01-10 13:55:39.681000,5.28,5.27,5.29,3006500.0
2018-01-10 13:55:44.763000,5.28,5.27,5.29,3006500.0
2018-01-10 13:55:48.817000,5.28,5.27,5.29,3006500.0
2018-01-10 13:55:53.100000,5.28,5.27,5.29,3006500.0
2018-01-10 13:55:58.157000,5.28,5.27,5.29,3006500.0
2018-01-10 13:56:02.814000,5.28,5.27,5.29,3006500.0
2018-01-10 13:56:07.142000,5.28,5.27,5.29,3006500.0
2018-01-10 13:56:12.028000,5.28,5.27,5.29,3006500.0
2018-01-10 13:56:17.284000,5.28,5.27,5.29,3006500.0
2018-01-10 13:56:22.423000,5.28,5.27,5.29,3006500.0
2018-01-10 13:56:27.222000,5.28,5.27,5.29,3006500.0
2018-01-10 13:56:32.142000,5.28,5.27,5.29,3006500.0
2018-01-10 13:56:37.021000,5.28,5.27,5.29,3006500.0
2018-01-10 13:56:42.033000,5.28,5.27,5.29,3006500.0
2018-01-10 13:56:46.868000,5.28,5.27,5.29,3006500.0
2018-01-10 13:56:50.824000,5.28,5.27,5.29,3006500.0
2018-01-10 13:56:55.635000,5.28,5.27,5.29,3006500.0
2018-01-10 13:57:00.179000,5.28,5.27,5.29,3006500.0
2018-01-10 13:57:06.036000,5.28,5.27,5.29,3006500.0
2018-01-10 13:57:15.239000,5.28,5.27,5.29,3006500.0
2018-01-10 13:57:19.656000,5.28,5.27,5.29,3006500.0
2018-01-10 13:57:24.405000,5.28,5.27,5.29,3006500.0
2018-01-10 13:57:29.187000,5.28,5.27,5.29,3006500.0
2018-01-10 13:57:33.042000,5.28,5.27,5.29,3006500.0
2018-01-10 13:57:36.725000,5.28,5.27,5.29,3006500.0
2018-01-10 13:57:40.942000,5.29,5.28,5.29,3044300.0
2018-01-10 13:57:45.733000,5.29,5.28,5.29,3044300.0
2018-01-10 13:57:50.701000,5.29,5.28,5.29,3044300.0
2018-01-10 13:57:55.622000,5.29,5.28,5.29,3044300.0
2018-01-10 13:58:00.337000,5.29,5.28,5.29,3044300.0
2018-01-10 13:58:04.001000,5.29,5.28,5.29,3044300.0
2018-01-10 13:58:09.057000,5.29,5.28,5.29,3044300.0
2018-01-10 13:58:14.397000,5.29,5.28,5.29,3044300.0
2018-01-10 13:58:19.072000,5.29,5.28,5.29,3044300.0
2018-01-10 13:58:24.155000,5.29,5.28,5.29,3044300.0
2018-01-10 13:58:28.537000,5.29,5.28,5.29,3044300.0
2018-01-10 13:58:33.447000,5.29,5.28,5.29,3044300.0
2018-01-10 13:58:38.483000,5.29,5.28,5.29,3044300.0
2018-01-10 13:58:42.788000,5.29,5.28,5.29,3044300.0
2018-01-10 13:58:47.771000,5.29,5.28,5.29,3044300.0
2018-01-10 13:58:52.679000,5.29,5.28,5.29,3044300.0
2018-01-10 13:58:57.320000,5.29,5.28,5.29,3044300.0
2018-01-10 13:59:01.877000,5.29,5.28,5.29,3048300.0
2018-01-10 13:59:07.306000,5.29,5.28,5.29,3048300.0
2018-01-10 13:59:14.932000,5.29,5.28,5.29,3048300.0
2018-01-10 13:59:22.320000,5.29,5.28,5.29,3048300.0
2018-01-10 13:59:27.617000,5.29,5.28,5.29,3048300.0
2018-01-10 13:59:32.418000,5.29,5.28,5.29,3048300.0
2018-01-10 13:59:36.776000,5.29,5.28,5.29,3048300.0
2018-01-10 13:59:41.808000,5.29,5.28,5.29,3048300.0
2018-01-10 13:59:46.838000,5.29,5.28,5.29,3048300.0
2018-01-10 13:59:51.735000,5.29,5.28,5.29,3048300.0
2018-01-10 13:59:57.437000,5.29,5.28,5.29,3048300.0
2018-01-10 14:00:02.241000,5.29,5.28,5.29,3048300.0
2018-01-10 14:00:07.221000,5.29,5.28,5.29,3048300.0
2018-01-10 14:00:11.429000,5.29,5.28,5.29,3048300.0
2018-01-10 14:00:18.032000,5.29,5.28,5.29,3048300.0
2018-01-10 14:00:22.569000,5.29,5.28,5.29,3098300.0
2018-01-10 14:00:27.219000,5.29,5.28,5.29,3098300.0
2018-01-10 14:00:31.598000,5.29,5.28,5.29,3098300.0
2018-01-10 14:00:36.681000,5.29,5.28,5.29,3098300.0
2018-01-10 14:00:41.527000,5.29,5.28,5.29,3098300.0
2018-01-10 14:00:46.539000,5.29,5.28,5.29,3098300.0
2018-01-10 14:00:51.393000,5.29,5.28,5.29,3098300.0
2018-01-10 14:00:55.032000,5.29,5.28,5.29,3098300.0
2018-01-10 14:00:59.403000,5.29,5.28,5.29,3098300.0
2018-01-10 14:01:04.216000,5.29,5.28,5.29,3098300.0
2018-01-10 14:01:09.090000,5.29,5.28,5.29,3098300.0
2018-01-10 14:01:15.170000,5.29,5.28,5.29,3098300.0
2018-01-10 14:01:19.324000,5.29,5.28,5.29,3098300.0
2018-01-10 14:01:24.210000,5.29,5.28,5.29,3098300.0
2018-01-10 14:01:29.213000,5.29,5.28,5.29,3098300.0
2018-01-10 14:01:34.451000,5.29,5.28,5.29,3098300.0
2018-01-10 14:01:39.190000,5.29,5.28,5.29,3098300.0
2018-01-10 14:01:42.869000,5.29,5.28,5.29,3098300.0
2018-01-10 14:01:47.060000,5.29,5.28,5.29,3098300.0
2018-01-10 14:01:51.523000,5.29,5.28,5.29,3098300.0
2018-01-10 14:01:55.719000,5.29,5.28,5.29,3098300.0
2018-01-10 14:02:00.372000,5.29,5.28,5.29,3098300.0
2018-01-10 14:02:04.799000,5.29,5.28,5.29,3098300.0
2018-01-10 14:02:09.653000,5.29,5.28,5.29,3098300.0
2018-01-10 14:02:14.450000,5.29,5.28,5.29,3098300.0
2018-01-10 14:02:19.338000,5.29,5.28,5.29,3098300.0
2018-01-10 14:02:24.517000,5.29,5.28,5.29,3098300.0
2018-01-10 14:02:29.311000,5.29,5.28,5.29,3098300.0
2018-01-10 14:02:34.170000,5.29,5.28,5.29,3098300.0
2018-01-10 14:02:39.093000,5.29,5.28,5.29,3098300.0
2018-01-10 14:02:43.218000,5.29,5.28,5.29,3098300.0
2018-01-10 14:02:47.903000,5.29,5.28,5.29,3098300.0
2018-01-10 14:02:52.950000,5.29,5.28,5.29,3098300.0
2018-01-10 14:02:58.169000,5.29,5.28,5.29,3098300.0
2018-01-10 14:03:03.356000,5.29,5.28,5.29,3098300.0
2018-01-10 14:03:08.007000,5.29,5.28,5.29,3098300.0
2018-01-10 14:03:12.568000,5.29,5.28,5.29,3098300.0
2018-01-10 14:03:17.325000,5.29,5.28,5.29,3098300.0
2018-01-10 14:03:22.857000,5.29,5.28,5.29,3098300.0
2018-01-10 14:03:27.079000,5.29,5.28,5.29,3098300.0
2018-01-10 14:03:31.549000,5.29,5.28,5.29,3098300.0
2018-01-10 14:03:36.596000,5.29,5.28,5.29,3098300.0
2018-01-10 14:03:41.409000,5.29,5.28,5.29,3098300.0
2018-01-10 14:03:46.047000,5.29,5.28,5.29,3098300.0
2018-01-10 14:03:51.001000,5.29,5.28,5.29,3098300.0
2018-01-10 14:03:55.768000,5.29,5.28,5.29,3098300.0
2018-01-10 14:04:00.657000,5.29,5.28,5.29,3098300.0
2018-01-10 14:04:05.456000,5.29,5.28,5.29,3098300.0
2018-01-10 14:04:09.750000,5.29,5.28,5.29,3098300.0
2018-01-10 14:04:18.475000,5.29,5.28,5.29,3098300.0
2018-01-10 14:04:23.456000,5.29,5.28,5.29,3098300.0
2018-01-10 14:04:27.396000,5.29,5.28,5.29,3098300.0
2018-01-10 14:04:31.441000,5.29,5.28,5.29,3098300.0
2018-01-10 14:04:36.267000,5.29,5.28,5.29,3098300.0
2018-01-10 14:04:40.563000,5.29,5.28,5.29,3098300.0
2018-01-10 14:04:45.309000,5.29,5.28,5.29,3098300.0
2018-01-10 14:04:50.392000,5.29,5.28,5.29,3098300.0
2018-01-10 14:04:55.099000,5.29,5.28,5.29,3098300.0
2018-01-10 14:04:59.377000,5.29,5.28,5.29,3098300.0
2018-01-10 14:05:04.096000,5.29,5.28,5.29,3098300.0
2018-01-10 14:05:10,5.29,5.28,5.29,3098300.0
2018-01-10 14:05:18.815000,5.29,5.28,5.29,3098300.0
2018-01-10 14:05:22.920000,5.29,5.28,5.29,3098300.0
2018-01-10 14:05:27.938000,5.29,5.28,5.29,3098300.0
2018-01-10 14:05:33.187000,5.29,5.28,5.29,3098300.0
2018-01-10 14:05:37.167000,5.29,5.28,5.29,3098300.0
2018-01-10 14:05:42.130000,5.28,5.27,5.28,3098300.0
2018-01-10 14:05:46.442000,5.28,5.27,5.28,3098300.0
2018-01-10 14:05:51.691000,5.28,5.27,5.28,3098300.0
2018-01-10 14:05:56.846000,5.28,5.27,5.28,3098300.0
2018-01-10 14:06:01.343000,5.28,5.27,5.28,3098300.0
2018-01-10 14:06:05.817000,5.28,5.27,5.28,3098300.0
2018-01-10 14:06:13.511000,5.28,5.27,5.28,3098300.0
2018-01-10 14:06:18.548000,5.28,5.27,5.28,3098300.0
2018-01-10 14:06:22.750000,5.28,5.27,5.28,3098300.0
2018-01-10 14:06:26.771000,5.28,5.27,5.28,3098300.0
2018-01-10 14:06:31.808000,5.28,5.27,5.28,3098300.0
2018-01-10 14:06:36.760000,5.28,5.27,5.28,3098300.0
2018-01-10 14:06:40.960000,5.28,5.27,5.28,3098300.0
2018-01-10 14:06:46.491000,5.28,5.27,5.28,3098300.0
2018-01-10 14:06:51.616000,5.28,5.27,5.28,3098300.0
2018-01-10 14:06:55.848000,5.28,5.27,5.28,3098300.0
2018-01-10 14:07:00.825000,5.28,5.27,5.28,3098300.0
2018-01-10 14:07:05.964000,5.28,5.27,5.28,3098300.0
2018-01-10 14:07:11.539000,5.28,5.27,5.28,3098300.0
2018-01-10 14:07:16.132000,5.28,5.27,5.28,3098300.0
2018-01-10 14:07:20.849000,5.28,5.27,5.28,3098300.0
2018-01-10 14:07:25.410000,5.28,5.27,5.28,3098300.0
2018-01-10 14:07:30.096000,5.28,5.27,5.28,3098300.0
2018-01-10 14:07:34.647000,5.28,5.27,5.28,3098300.0
2018-01-10 14:07:39.474000,5.28,5.27,5.28,3098300.0
2018-01-10 14:07:43.941000,5.28,5.27,5.28,3098300.0
2018-01-10 14:07:48.831000,5.28,5.27,5.28,3098300.0
2018-01-10 14:07:53.956000,5.28,5.27,5.28,3098300.0
2018-01-10 14:07:59.066000,5.28,5.27,5.28,3098300.0
2018-01-10 14:08:04.373000,5.28,5.27,5.28,3098300.0
2018-01-10 14:08:09.128000,5.28,5.27,5.28,3098300.0
2018-01-10 14:08:14.018000,5.28,5.27,5.28,3098300.0
2018-01-10 14:08:18.769000,5.28,5.27,5.28,3098300.0
2018-01-10 14:08:23.426000,5.28,5.27,5.28,3098300.0
2018-01-10 14:08:28.364000,5.28,5.27,5.28,3098300.0
2018-01-10 14:08:33.204000,5.28,5.27,5.28,3098300.0
2018-01-10 14:08:37.650000,5.28,5.27,5.28,3098300.0
2018-01-10 14:08:42.648000,5.28,5.27,5.28,3098300.0
2018-01-10 14:08:46.352000,5.28,5.27,5.28,3098300.0
2018-01-10 14:08:51.260000,5.28,5.27,5.28,3098300.0
2018-01-10 14:08:55.708000,5.28,5.27,5.28,3098300.0
2018-01-10 14:09:00.889000,5.28,5.27,5.28,3098300.0
2018-01-10 14:09:05.009000,5.28,5.27,5.28,3098300.0
2018-01-10 14:09:14.004000,5.28,5.27,5.28,3098300.0
2018-01-10 14:09:20.023000,5.28,5.27,5.28,3098300.0
2018-01-10 14:09:24.665000,5.28,5.27,5.28,3098300.0
2018-01-10 14:09:29.513000,5.28,5.27,5.28,3098300.0
2018-01-10 14:09:34.529000,5.28,5.27,5.28,3098300.0
2018-01-10 14:09:39.617000,5.28,5.27,5.28,3098300.0
2018-01-10 14:09:44.603000,5.28,5.27,5.28,3098300.0
2018-01-10 14:09:49.459000,5.28,5.27,5.28,3098300.0
2018-01-10 14:09:54.020000,5.28,5.27,5.28,3098300.0
2018-01-10 14:09:58.942000,5.28,5.27,5.28,3098300.0
2018-01-10 14:10:03.294000,5.28,5.27,5.28,3098300.0
2018-01-10 14:10:13.191000,5.28,5.27,5.28,3098300.0
2018-01-10 14:10:18.274000,5.28,5.27,5.28,3098300.0
2018-01-10 14:10:23.183000,5.28,5.27,5.28,3098300.0
2018-01-10 14:10:28.247000,5.28,5.27,5.28,3098300.0
2018-01-10 14:10:33.280000,5.28,5.27,5.28,3098300.0
2018-01-10 14:10:38.074000,5.28,5.27,5.28,3098300.0
2018-01-10 14:10:42.708000,5.28,5.27,5.28,3098300.0
2018-01-10 14:10:48.072000,5.28,5.27,5.28,3098300.0
2018-01-10 14:10:52.417000,5.28,5.27,5.28,3098300.0
2018-01-10 14:10:57.549000,5.28,5.27,5.28,3098300.0
2018-01-10 14:11:02.252000,5.28,5.27,5.28,3098300.0
2018-01-10 14:11:07.025000,5.28,5.27,5.28,3098300.0
2018-01-10 14:11:13.898000,5.28,5.27,5.28,3098300.0
2018-01-10 14:11:19.448000,5.28,5.27,5.28,3098300.0
2018-01-10 14:11:24.398000,5.28,5.27,5.28,3098300.0
2018-01-10 14:11:29.148000,5.28,5.27,5.28,3098300.0
2018-01-10 14:11:34.308000,5.28,5.27,5.28,3098300.0
2018-01-10 14:11:39.525000,5.28,5.27,5.28,3098300.0
2018-01-10 14:11:44.449000,5.28,5.27,5.28,3098300.0
2018-01-10 14:11:48.727000,5.28,5.27,5.28,3098300.0
2018-01-10 14:11:52.653000,5.28,5.27,5.28,3098300.0
2018-01-10 14:11:57.625000,5.28,5.27,5.28,3098300.0
2018-01-10 14:12:06.330000,5.28,5.27,5.28,3098300.0
2018-01-10 14:12:11.747000,5.28,5.27,5.28,3098300.0
2018-01-10 14:12:16.984000,5.28,5.27,5.28,3098300.0
2018-01-10 14:12:23.441000,5.28,5.27,5.28,3098300.0
2018-01-10 14:12:27.701000,5.28,5.27,5.28,3098300.0
2018-01-10 14:12:32.272000,5.28,5.27,5.28,3098300.0
2018-01-10 14:12:37.297000,5.28,5.27,5.28,3098300.0
2018-01-10 14:12:42.049000,5.28,5.27,5.28,3098300.0
2018-01-10 14:12:45.279000,5.28,5.27,5.28,3098300.0
2018-01-10 14:12:49.847000,5.28,5.27,5.28,3098300.0
2018-01-10 14:12:54.150000,5.28,5.27,5.28,3098300.0
2018-01-10 14:12:58.793000,5.28,5.27,5.28,3098300.0
2018-01-10 14:13:06.897000,5.28,5.27,5.28,3098300.0
2018-01-10 14:13:11.841000,5.28,5.27,5.28,3098300.0
2018-01-10 14:13:17.169000,5.28,5.27,5.28,3098300.0
2018-01-10 14:13:21.693000,5.28,5.27,5.28,3098300.0
2018-01-10 14:13:26.979000,5.28,5.27,5.28,3098300.0
2018-01-10 14:13:31.655000,5.28,5.27,5.28,3098300.0
2018-01-10 14:13:36.629000,5.28,5.27,5.28,3098300.0
2018-01-10 14:13:41.985000,5.28,5.27,5.28,3098300.0
2018-01-10 14:13:46.624000,5.28,5.27,5.28,3098300.0
2018-01-10 14:13:51.624000,5.28,5.27,5.28,3117300.0
2018-01-10 14:13:56.672000,5.28,5.27,5.28,3117300.0
2018-01-10 14:14:01.217000,5.28,5.27,5.28,3117300.0
2018-01-10 14:14:06.067000,5.28,5.27,5.28,3117300.0
2018-01-10 14:14:10.974000,5.28,5.27,5.28,3117300.0
2018-01-10 14:14:18.115000,5.28,5.27,5.28,3117300.0
2018-01-10 14:14:22.832000,5.28,5.27,5.28,3117300.0
2018-01-10 14:14:27.417000,5.28,5.27,5.28,3117300.0
2018-01-10 14:14:31.913000,5.28,5.27,5.28,3117300.0
2018-01-10 14:14:36.516000,5.28,5.27,5.28,3117300.0
2018-01-10 14:14:40.672000,5.28,5.27,5.28,3117300.0
2018-01-10 14:14:45.824000,5.28,5.27,5.28,3117300.0
2018-01-10 14:14:50.656000,5.28,5.27,5.28,3117300.0
2018-01-10 14:14:55.206000,5.28,5.27,5.28,3117300.0
2018-01-10 14:14:59.574000,5.28,5.27,5.28,3117300.0
2018-01-10 14:15:03.616000,5.28,5.27,5.28,3117300.0
2018-01-10 14:15:11.566000,5.28,5.27,5.28,3117300.0
2018-01-10 14:15:16.348000,5.28,5.27,5.28,3117300.0
2018-01-10 14:15:20.731000,5.28,5.27,5.28,3117300.0
2018-01-10 14:15:25.968000,5.28,5.27,5.28,3117300.0
2018-01-10 14:15:30.001000,5.28,5.27,5.28,3117300.0
2018-01-10 14:15:35.205000,5.28,5.27,5.28,3117300.0
2018-01-10 14:15:39.733000,5.28,5.27,5.28,3117300.0
2018-01-10 14:15:43.983000,5.28,5.27,5.28,3117300.0
2018-01-10 14:15:48.536000,5.28,5.27,5.28,3117300.0
2018-01-10 14:15:52.679000,5.28,5.27,5.28,3117300.0
2018-01-10 14:15:57.719000,5.28,5.27,5.28,3117300.0
2018-01-10 14:16:02.691000,5.28,5.27,5.28,3117300.0
2018-01-10 14:16:08.154000,5.28,5.27,5.28,3117300.0
2018-01-10 14:16:14.147000,5.28,5.27,5.28,3117300.0
2018-01-10 14:16:20.837000,5.28,5.27,5.28,3117300.0
2018-01-10 14:16:25.595000,5.28,5.27,5.28,3117300.0
2018-01-10 14:16:30.628000,5.28,5.27,5.28,3127300.0
2018-01-10 14:16:35.363000,5.28,5.27,5.28,3127300.0
2018-01-10 14:16:40.330000,5.28,5.27,5.28,3127300.0
2018-01-10 14:16:45.080000,5.28,5.27,5.28,3127300.0
2018-01-10 14:16:49.125000,5.28,5.27,5.28,3127300.0
2018-01-10 14:16:53.970000,5.28,5.27,5.28,3127300.0
2018-01-10 14:16:58.494000,5.28,5.27,5.28,3127300.0
2018-01-10 14:17:02.733000,5.28,5.27,5.28,3127300.0
2018-01-10 14:17:10.609000,5.28,5.27,5.28,3127300.0
2018-01-10 14:17:16.411000,5.28,5.27,5.28,3127300.0
2018-01-10 14:17:21.192000,5.28,5.27,5.28,3127300.0
2018-01-10 14:17:25.957000,5.28,5.27,5.28,3127300.0
2018-01-10 14:17:30.849000,5.28,5.27,5.28,3127300.0
2018-01-10 14:17:34.675000,5.28,5.27,5.28,3127300.0
2018-01-10 14:17:39.064000,5.28,5.27,5.28,3127300.0
2018-01-10 14:17:43.907000,5.28,5.27,5.28,3127300.0
2018-01-10 14:17:47.675000,5.28,5.27,5.28,3127300.0
2018-01-10 14:17:52.428000,5.28,5.27,5.28,3127300.0
2018-01-10 14:17:56.642000,5.28,5.27,5.28,3127300.0
2018-01-10 14:18:01.270000,5.28,5.27,5.28,3127300.0
2018-01-10 14:18:05.850000,5.28,5.27,5.28,3127300.0
2018-01-10 14:18:12.132000,5.28,5.27,5.28,3127300.0
2018-01-10 14:18:16.924000,5.28,5.27,5.28,3127300.0
2018-01-10 14:18:21.333000,5.28,5.27,5.28,3127300.0
2018-01-10 14:18:25.285000,5.28,5.27,5.28,3127300.0
2018-01-10 14:18:29.957000,5.28,5.27,5.28,3127300.0
2018-01-10 14:18:35.011000,5.28,5.27,5.28,3127300.0
2018-01-10 14:18:38.844000,5.28,5.27,5.28,3127300.0
2018-01-10 14:18:43.634000,5.28,5.27,5.28,3127300.0
2018-01-10 14:18:47.841000,5.28,5.27,5.28,3127300.0
2018-01-10 14:18:53.060000,5.28,5.27,5.28,3127300.0
2018-01-10 14:18:57.370000,5.28,5.27,5.28,3127300.0
2018-01-10 14:19:02.196000,5.28,5.27,5.28,3127300.0
2018-01-10 14:19:08.069000,5.28,5.27,5.28,3127300.0
2018-01-10 14:19:15.399000,5.28,5.27,5.28,3127300.0
2018-01-10 14:19:19.519000,5.28,5.27,5.28,3127300.0
2018-01-10 14:19:24.487000,5.28,5.27,5.28,3127300.0
2018-01-10 14:19:28.694000,5.28,5.27,5.28,3127300.0
2018-01-10 14:19:33.695000,5.28,5.27,5.28,3127300.0
2018-01-10 14:19:38.528000,5.28,5.27,5.28,3127300.0
2018-01-10 14:19:42.957000,5.28,5.27,5.28,3135300.0
2018-01-10 14:19:48.103000,5.28,5.27,5.28,3135300.0
2018-01-10 14:19:53.056000,5.28,5.27,5.28,3135300.0
2018-01-10 14:19:57.507000,5.28,5.27,5.28,3135300.0
2018-01-10 14:20:02.555000,5.28,5.27,5.28,3135300.0
2018-01-10 14:20:11.209000,5.28,5.27,5.28,3135300.0
2018-01-10 14:20:19.928000,5.28,5.27,5.28,3135300.0
2018-01-10 14:20:25.271000,5.28,5.27,5.28,3135300.0
2018-01-10 14:20:29.460000,5.28,5.27,5.28,3135300.0
2018-01-10 14:20:34.615000,5.28,5.27,5.28,3135300.0
2018-01-10 14:20:39.349000,5.28,5.27,5.28,3135300.0
2018-01-10 14:20:43.246000,5.28,5.27,5.28,3135300.0
2018-01-10 14:20:48.920000,5.28,5.27,5.28,3135300.0
2018-01-10 14:20:53.629000,5.28,5.27,5.28,3135300.0
2018-01-10 14:20:58.276000,5.28,5.27,5.28,3135300.0
2018-01-10 14:21:03.446000,5.28,5.27,5.28,3135300.0
2018-01-10 14:21:08.153000,5.28,5.27,5.28,3135300.0
2018-01-10 14:21:13.497000,5.28,5.27,5.28,3135300.0
2018-01-10 14:21:18.761000,5.28,5.27,5.28,3135300.0
2018-01-10 14:21:23.641000,5.28,5.27,5.28,3135300.0
2018-01-10 14:21:28.053000,5.28,5.27,5.28,3135300.0
2018-01-10 14:21:32.230000,5.28,5.27,5.28,3135300.0
2018-01-10 14:21:37.356000,5.28,5.27,5.28,3135300.0
2018-01-10 14:21:42.309000,5.28,5.27,5.28,3135300.0
2018-01-10 14:21:46.386000,5.28,5.27,5.28,3135300.0
2018-01-10 14:21:50.799000,5.28,5.27,5.28,3135300.0
2018-01-10 14:21:55.721000,5.28,5.27,5.28,3135300.0
2018-01-10 14:22:00.805000,5.28,5.27,5.28,3135300.0
2018-01-10 14:22:06.154000,5.28,5.27,5.28,3135300.0
2018-01-10 14:22:14.727000,5.28,5.27,5.28,3135300.0
2018-01-10 14:22:19.664000,5.28,5.27,5.28,3135300.0
2018-01-10 14:22:23.983000,5.28,5.27,5.28,3135300.0
2018-01-10 14:22:28.991000,5.28,5.27,5.28,3135300.0
2018-01-10 14:22:33.816000,5.28,5.27,5.28,3135300.0
2018-01-10 14:22:38.139000,5.28,5.27,5.28,3135300.0
2018-01-10 14:22:43.015000,5.28,5.27,5.28,3135300.0
2018-01-10 14:22:48.069000,5.28,5.27,5.28,3135300.0
2018-01-10 14:22:52.857000,5.28,5.27,5.28,3135300.0
2018-01-10 14:22:57.546000,5.28,5.27,5.28,3135300.0
2018-01-10 14:23:06.379000,5.28,5.27,5.28,3135300.0
2018-01-10 14:23:10.792000,5.28,5.27,5.28,3135300.0
2018-01-10 14:23:15.057000,5.28,5.27,5.28,3135300.0
2018-01-10 14:23:20.448000,5.28,5.27,5.28,3135300.0
2018-01-10 14:23:25.342000,5.28,5.27,5.28,3135300.0
2018-01-10 14:23:29.824000,5.28,5.27,5.28,3135300.0
2018-01-10 14:23:34.839000,5.28,5.27,5.28,3135300.0
2018-01-10 14:23:39.823000,5.28,5.27,5.28,3135300.0
2018-01-10 14:23:44.002000,5.28,5.27,5.28,3135300.0
2018-01-10 14:23:48.284000,5.28,5.27,5.28,3135300.0
2018-01-10 14:23:52.716000,5.28,5.27,5.28,3135300.0
2018-01-10 14:23:57.889000,5.28,5.27,5.28,3135300.0
2018-01-10 14:24:03.738000,5.28,5.27,5.28,3135300.0
2018-01-10 14:24:07.819000,5.28,5.27,5.28,3135300.0
2018-01-10 14:24:11.867000,5.28,5.27,5.28,3135300.0
2018-01-10 14:24:17.811000,5.28,5.27,5.28,3135300.0
2018-01-10 14:24:21.957000,5.28,5.27,5.28,3135300.0
2018-01-10 14:24:27.719000,5.28,5.27,5.28,3135300.0
2018-01-10 14:24:32.523000,5.28,5.27,5.28,3135300.0
2018-01-10 14:24:37.611000,5.28,5.27,5.28,3135300.0
2018-01-10 14:24:41.912000,5.28,5.27,5.28,3135300.0
2018-01-10 14:24:46.746000,5.28,5.27,5.28,3135300.0
2018-01-10 14:24:51.318000,5.28,5.27,5.28,3135300.0
2018-01-10 14:24:56.273000,5.28,5.27,5.28,3135300.0
2018-01-10 14:25:01.378000,5.28,5.27,5.28,3135300.0
2018-01-10 14:25:09.589000,5.28,5.27,5.28,3135300.0
2018-01-10 14:25:14.669000,5.28,5.27,5.28,3135300.0
2018-01-10 14:25:18.976000,5.28,5.27,5.28,3135300.0
2018-01-10 14:25:23.786000,5.28,5.27,5.28,3135300.0
2018-01-10 14:25:27.985000,5.28,5.27,5.28,3135300.0
2018-01-10 14:25:31.438000,5.28,5.27,5.28,3135300.0
2018-01-10 14:25:35.608000,5.28,5.27,5.28,3135300.0
2018-01-10 14:25:40.248000,5.28,5.27,5.28,3135300.0
2018-01-10 14:25:45.107000,5.28,5.27,5.28,3135300.0
2018-01-10 14:25:49.685000,5.28,5.27,5.28,3135300.0
2018-01-10 14:25:54.999000,5.28,5.27,5.28,3135300.0
2018-01-10 14:26:00.609000,5.28,5.27,5.28,3135300.0
2018-01-10 14:26:05.130000,5.28,5.27,5.28,3135300.0
2018-01-10 14:26:10.502000,5.28,5.27,5.28,3135300.0
2018-01-10 14:26:14.567000,5.28,5.27,5.28,3135300.0
2018-01-10 14:26:19.421000,5.28,5.27,5.28,3135300.0
2018-01-10 14:26:24.211000,5.28,5.27,5.28,3135300.0
2018-01-10 14:26:29.065000,5.28,5.27,5.28,3135300.0
2018-01-10 14:26:32.895000,5.28,5.27,5.28,3135300.0
2018-01-10 14:26:37.689000,5.28,5.27,5.28,3135300.0
2018-01-10 14:26:41.910000,5.28,5.27,5.28,3135300.0
2018-01-10 14:26:46.080000,5.28,5.27,5.28,3135300.0
2018-01-10 14:26:51.162000,5.28,5.27,5.28,3135300.0
2018-01-10 14:26:56.556000,5.28,5.27,5.28,3135300.0
2018-01-10 14:27:01.067000,5.28,5.27,5.28,3135300.0
2018-01-10 14:27:05.650000,5.28,5.27,5.28,3135300.0
2018-01-10 14:27:13.358000,5.28,5.27,5.28,3135300.0
2018-01-10 14:27:18.432000,5.28,5.27,5.28,3135300.0
2018-01-10 14:27:23.147000,5.28,5.27,5.28,3135300.0
2018-01-10 14:27:26.434000,5.28,5.27,5.28,3135300.0
2018-01-10 14:27:31.423000,5.28,5.27,5.28,3135300.0
2018-01-10 14:27:35.629000,5.28,5.27,5.28,3135300.0
2018-01-10 14:27:40.137000,5.28,5.27,5.28,3135300.0
2018-01-10 14:27:45.472000,5.28,5.27,5.28,3135300.0
2018-01-10 14:27:49.737000,5.28,5.27,5.28,3135300.0
2018-01-10 14:27:54.569000,5.28,5.27,5.28,3135300.0
2018-01-10 14:27:59.191000,5.28,5.27,5.28,3135300.0
2018-01-10 14:28:04.029000,5.28,5.27,5.28,3135300.0
2018-01-10 14:28:09.028000,5.28,5.27,5.28,3135300.0
2018-01-10 14:28:12.571000,5.28,5.27,5.28,3135300.0
2018-01-10 14:28:18.243000,5.28,5.27,5.28,3135300.0
2018-01-10 14:28:23.397000,5.28,5.27,5.28,3135300.0
2018-01-10 14:28:27.715000,5.28,5.27,5.28,3135300.0
2018-01-10 14:28:32.477000,5.28,5.27,5.28,3135300.0
2018-01-10 14:28:38.456000,5.28,5.27,5.28,3135300.0
2018-01-10 14:28:43.014000,5.28,5.27,5.28,3135300.0
2018-01-10 14:28:47.796000,5.28,5.27,5.28,3135300.0
2018-01-10 14:28:52.256000,5.28,5.27,5.28,3135300.0
2018-01-10 14:28:56.224000,5.28,5.27,5.28,3135300.0
2018-01-10 14:29:01.354000,5.28,5.27,5.28,3135300.0
2018-01-10 14:29:08.929000,5.28,5.27,5.28,3135300.0
2018-01-10 14:29:13.203000,5.28,5.27,5.28,3135300.0
2018-01-10 14:29:18.055000,5.28,5.27,5.28,3135300.0
2018-01-10 14:29:23.256000,5.28,5.27,5.28,3135300.0
2018-01-10 14:29:28.649000,5.28,5.27,5.28,3135300.0
2018-01-10 14:29:33.358000,5.28,5.27,5.28,3135300.0
2018-01-10 14:29:37.665000,5.28,5.27,5.28,3135300.0
2018-01-10 14:29:42.058000,5.28,5.27,5.28,3135300.0
2018-01-10 14:29:46.952000,5.28,5.27,5.28,3135300.0
2018-01-10 14:29:51.601000,5.28,5.27,5.28,3135300.0
2018-01-10 14:29:56.585000,5.28,5.27,5.28,3135300.0
2018-01-10 14:30:01.382000,5.28,5.27,5.28,3135300.0
2018-01-10 14:30:08.102000,5.28,5.27,5.28,3135300.0
2018-01-10 14:30:12.522000,5.28,5.27,5.28,3135300.0
2018-01-10 14:30:16.790000,5.28,5.27,5.28,3135300.0
2018-01-10 14:30:21.872000,5.28,5.27,5.28,3135300.0
2018-01-10 14:30:26.999000,5.28,5.27,5.28,3135300.0
2018-01-10 14:30:30.817000,5.28,5.27,5.28,3135300.0
2018-01-10 14:30:34.702000,5.28,5.27,5.28,3135300.0
2018-01-10 14:30:38.738000,5.28,5.27,5.28,3135300.0
2018-01-10 14:30:43.697000,5.28,5.27,5.28,3135300.0
2018-01-10 14:30:48.526000,5.28,5.27,5.28,3135300.0
2018-01-10 14:30:53.635000,5.28,5.27,5.28,3135300.0
2018-01-10 14:30:57.743000,5.28,5.27,5.28,3135300.0
2018-01-10 14:31:01.319000,5.28,5.27,5.28,3135300.0
2018-01-10 14:31:05.351000,5.28,5.27,5.28,3135300.0
2018-01-10 14:31:09.839000,5.28,5.27,5.28,3135300.0
2018-01-10 14:31:16.084000,5.28,5.27,5.28,3135300.0
2018-01-10 14:31:21.980000,5.28,5.27,5.28,3135300.0
2018-01-10 14:31:26.587000,5.28,5.27,5.28,3135300.0
2018-01-10 14:31:30.090000,5.28,5.27,5.28,3135300.0
2018-01-10 14:31:33.697000,5.28,5.27,5.28,3135300.0
2018-01-10 14:31:37.945000,5.28,5.27,5.28,3135300.0
2018-01-10 14:31:41.260000,5.28,5.27,5.28,3135300.0
2018-01-10 14:31:46.049000,5.28,5.27,5.28,3135300.0
2018-01-10 14:31:51.107000,5.28,5.27,5.28,3135300.0
2018-01-10 14:31:54.705000,5.28,5.27,5.28,3135300.0
2018-01-10 14:31:59.816000,5.28,5.27,5.28,3135300.0
2018-01-10 14:32:08.260000,5.28,5.27,5.28,3135300.0
2018-01-10 14:32:14.105000,5.28,5.27,5.28,3135300.0
2018-01-10 14:32:21.086000,5.28,5.27,5.28,3135300.0
2018-01-10 14:32:26.275000,5.28,5.27,5.28,3135300.0
2018-01-10 14:32:29.456000,5.28,5.27,5.28,3135300.0
2018-01-10 14:32:33.337000,5.28,5.27,5.28,3135300.0
2018-01-10 14:32:37.496000,5.28,5.27,5.28,3135300.0
2018-01-10 14:32:40.652000,5.28,5.27,5.28,3135300.0
2018-01-10 14:32:45.167000,5.28,5.27,5.28,3135300.0
2018-01-10 14:32:48.658000,5.28,5.27,5.28,3135300.0
2018-01-10 14:32:51.967000,5.28,5.27,5.28,3135300.0
2018-01-10 14:32:55.884000,5.28,5.27,5.28,3135300.0
2018-01-10 14:32:58.794000,5.28,5.27,5.28,3135300.0
2018-01-10 14:33:02.859000,5.28,5.27,5.28,3135300.0
2018-01-10 14:33:05.540000,5.28,5.27,5.28,3135300.0
2018-01-10 14:33:10.698000,5.28,5.27,5.28,3135300.0
2018-01-10 14:33:13.343000,5.28,5.27,5.28,3135300.0
2018-01-10 14:33:15.791000,5.28,5.27,5.28,3135300.0
2018-01-10 14:33:21.419000,5.28,5.27,5.28,3135300.0
2018-01-10 14:33:24.047000,5.28,5.27,5.28,3135300.0
2018-01-10 14:33:26.886000,5.28,5.27,5.28,3135300.0
2018-01-10 14:33:29.717000,5.28,5.27,5.28,3135300.0
2018-01-10 14:33:32.966000,5.28,5.27,5.28,3135300.0
2018-01-10 14:33:35.525000,5.28,5.27,5.28,3135300.0
2018-01-10 14:33:38.424000,5.28,5.27,5.28,3135300.0
2018-01-10 14:33:41.383000,5.28,5.27,5.28,3135300.0
2018-01-10 14:33:44.013000,5.28,5.27,5.28,3135300.0
2018-01-10 14:33:48.478000,5.28,5.27,5.28,3135300.0
2018-01-10 14:33:51.083000,5.28,5.27,5.28,3135300.0
2018-01-10 14:33:53.811000,5.28,5.27,5.28,3135300.0
2018-01-10 14:33:56.369000,5.28,5.27,5.28,3135300.0
2018-01-10 14:33:59.332000,5.28,5.27,5.28,3135300.0
2018-01-10 14:34:01.765000,5.28,5.27,5.28,3135300.0
2018-01-10 14:34:04.554000,5.28,5.27,5.28,3135300.0
2018-01-10 14:34:07.173000,5.28,5.27,5.28,3135300.0
2018-01-10 14:34:12.907000,5.28,5.27,5.28,3135300.0
2018-01-10 14:34:15.776000,5.28,5.27,5.28,3135300.0
2018-01-10 14:34:18.366000,5.28,5.27,5.28,3135300.0
2018-01-10 14:34:21.062000,5.28,5.27,5.28,3135300.0
2018-01-10 14:34:24.097000,5.28,5.27,5.28,3135300.0
2018-01-10 14:34:26.887000,5.28,5.27,5.28,3135300.0
2018-01-10 14:34:29.531000,5.28,5.27,5.28,3135300.0
2018-01-10 14:34:32.105000,5.28,5.27,5.28,3135300.0
2018-01-10 14:34:34.780000,5.28,5.27,5.28,3135300.0
2018-01-10 14:34:37.341000,5.28,5.27,5.28,3135300.0
2018-01-10 14:34:40.217000,5.28,5.27,5.28,3135300.0
2018-01-10 14:34:43.015000,5.28,5.27,5.28,3135300.0
2018-01-10 14:34:45.810000,5.28,5.27,5.28,3135300.0
2018-01-10 14:34:48.490000,5.28,5.27,5.28,3135300.0
2018-01-10 14:34:51.091000,5.28,5.27,5.28,3135300.0
2018-01-10 14:34:53.814000,5.28,5.27,5.28,3135300.0
2018-01-10 14:34:56.522000,5.28,5.27,5.28,3135300.0
2018-01-10 14:34:59.109000,5.28,5.27,5.28,3135300.0
2018-01-10 14:35:01.632000,5.28,5.27,5.28,3135300.0
2018-01-10 14:35:04.236000,5.28,5.27,5.28,3135300.0
2018-01-10 14:35:07.020000,5.28,5.27,5.28,3135300.0
2018-01-10 14:35:10.024000,5.28,5.27,5.28,3135300.0
2018-01-10 14:35:13.015000,5.28,5.27,5.28,3135300.0
2018-01-10 14:35:15.624000,5.28,5.27,5.28,3135300.0
2018-01-10 14:35:18.193000,5.28,5.27,5.28,3135300.0
2018-01-10 14:35:20.654000,5.28,5.27,5.28,3135300.0
2018-01-10 14:35:23.300000,5.28,5.27,5.28,3135300.0
2018-01-10 14:35:26.012000,5.28,5.27,5.28,3135300.0
2018-01-10 14:35:28.650000,5.28,5.27,5.28,3135300.0
2018-01-10 14:35:31.218000,5.28,5.27,5.28,3135300.0
2018-01-10 14:35:33.994000,5.28,5.27,5.28,3135300.0
2018-01-10 14:35:36.750000,5.28,5.27,5.28,3135300.0
2018-01-10 14:35:39.815000,5.28,5.27,5.28,3135300.0
2018-01-10 14:35:42.860000,5.28,5.27,5.28,3135300.0
2018-01-10 14:35:45.624000,5.28,5.27,5.28,3135300.0
2018-01-10 14:35:48.347000,5.28,5.27,5.28,3135300.0
2018-01-10 14:35:50.780000,5.28,5.27,5.28,3135300.0
2018-01-10 14:35:53.567000,5.28,5.27,5.28,3135300.0
2018-01-10 14:35:56.332000,5.28,5.27,5.28,3135300.0
2018-01-10 14:35:58.868000,5.28,5.27,5.28,3135300.0
2018-01-10 14:36:01.673000,5.28,5.27,5.28,3135300.0
2018-01-10 14:36:04.347000,5.28,5.27,5.28,3135300.0
2018-01-10 14:36:08.050000,5.28,5.27,5.28,3135300.0
2018-01-10 14:36:11.342000,5.28,5.27,5.28,3135300.0
2018-01-10 14:36:14.161000,5.28,5.27,5.28,3135300.0
2018-01-10 14:36:16.870000,5.28,5.27,5.28,3135300.0
2018-01-10 14:36:19.404000,5.28,5.27,5.28,3135300.0
2018-01-10 14:36:21.971000,5.28,5.27,5.28,3135300.0
2018-01-10 14:36:24.614000,5.28,5.27,5.28,3135300.0
2018-01-10 14:36:27.228000,5.28,5.27,5.28,3135300.0
2018-01-10 14:36:29.809000,5.28,5.27,5.28,3135300.0
2018-01-10 14:36:32.550000,5.28,5.27,5.28,3135300.0
2018-01-10 14:36:35.285000,5.28,5.27,5.28,3135300.0
2018-01-10 14:36:37.875000,5.28,5.27,5.28,3135300.0
2018-01-10 14:36:40.404000,5.28,5.27,5.28,3135300.0
2018-01-10 14:36:42.959000,5.28,5.27,5.28,3135300.0
2018-01-10 14:36:45.564000,5.28,5.27,5.28,3135300.0
2018-01-10 14:36:48.157000,5.28,5.27,5.28,3135300.0
2018-01-10 14:36:50.780000,5.28,5.27,5.28,3135300.0
2018-01-10 14:36:53.808000,5.28,5.27,5.28,3135300.0
2018-01-10 14:36:56.237000,5.28,5.27,5.28,3135300.0
2018-01-10 14:36:59.272000,5.28,5.27,5.28,3135300.0
2018-01-10 14:37:01.858000,5.28,5.27,5.28,3135300.0
2018-01-10 14:37:04.364000,5.28,5.27,5.28,3135300.0
2018-01-10 14:37:11.249000,5.28,5.27,5.28,3135300.0
2018-01-10 14:37:13.760000,5.28,5.27,5.28,3135300.0
2018-01-10 14:37:16.328000,5.28,5.27,5.28,3135300.0
2018-01-10 14:37:18.921000,5.28,5.27,5.28,3135300.0
2018-01-10 14:37:21.469000,5.28,5.27,5.28,3135300.0
2018-01-10 14:37:23.900000,5.28,5.27,5.28,3135300.0
2018-01-10 14:37:26.422000,5.28,5.27,5.28,3135300.0
2018-01-10 14:37:29.141000,5.28,5.27,5.28,3135300.0
2018-01-10 14:37:31.695000,5.28,5.27,5.28,3135300.0
2018-01-10 14:37:34.364000,5.28,5.27,5.28,3135300.0
2018-01-10 14:37:37.001000,5.28,5.27,5.28,3135300.0
2018-01-10 14:37:39.613000,5.28,5.27,5.28,3135300.0
2018-01-10 14:37:42.098000,5.28,5.27,5.28,3135300.0
2018-01-10 14:37:44.512000,5.28,5.27,5.28,3135300.0
2018-01-10 14:37:47.005000,5.28,5.27,5.28,3135300.0
2018-01-10 14:37:49.884000,5.28,5.27,5.28,3135300.0
2018-01-10 14:37:52.396000,5.28,5.27,5.28,3135300.0
2018-01-10 14:37:55.126000,5.28,5.27,5.28,3135300.0
2018-01-10 14:37:57.675000,5.28,5.27,5.28,3135300.0
2018-01-10 14:38:00.225000,5.28,5.27,5.28,3135300.0
2018-01-10 14:38:02.818000,5.28,5.27,5.28,3135300.0
2018-01-10 14:38:05.368000,5.28,5.27,5.28,3135300.0
2018-01-10 14:38:07.981000,5.28,5.27,5.28,3135300.0
2018-01-10 14:38:10.590000,5.28,5.27,5.28,3135300.0
2018-01-10 14:38:12.986000,5.28,5.27,5.28,3135300.0
2018-01-10 14:38:15.710000,5.28,5.27,5.28,3135300.0
2018-01-10 14:38:18.063000,5.28,5.27,5.28,3135300.0
2018-01-10 14:38:20.658000,5.28,5.27,5.28,3135300.0
2018-01-10 14:38:23.218000,5.28,5.27,5.28,3135300.0
2018-01-10 14:38:25.646000,5.28,5.27,5.28,3135300.0
2018-01-10 14:38:28.094000,5.28,5.27,5.28,3135300.0
2018-01-10 14:38:30.645000,5.28,5.27,5.28,3135300.0
2018-01-10 14:38:33.114000,5.28,5.27,5.28,3135300.0
2018-01-10 14:38:35.642000,5.28,5.27,5.28,3135300.0
2018-01-10 14:38:38.256000,5.28,5.27,5.28,3135300.0
2018-01-10 14:38:41.032000,5.28,5.27,5.28,3135300.0
2018-01-10 14:38:43.489000,5.28,5.27,5.28,3135300.0
2018-01-10 14:38:46.222000,5.28,5.27,5.28,3135300.0
2018-01-10 14:38:48.803000,5.28,5.27,5.28,3135300.0
2018-01-10 14:38:51.287000,5.28,5.27,5.28,3135300.0
2018-01-10 14:38:53.679000,5.28,5.27,5.28,3135300.0
2018-01-10 14:38:56.247000,5.28,5.27,5.28,3135300.0
2018-01-10 14:38:59.132000,5.28,5.27,5.28,3135300.0
2018-01-10 14:39:02.005000,5.28,5.27,5.28,3135300.0
2018-01-10 14:39:04.351000,5.28,5.27,5.28,3135300.0
2018-01-10 14:39:07.111000,5.28,5.27,5.28,3135300.0
2018-01-10 14:39:11.806000,5.28,5.27,5.28,3135300.0
2018-01-10 14:39:18.027000,5.28,5.27,5.28,3135300.0
2018-01-10 14:39:20.807000,5.28,5.27,5.28,3135300.0
2018-01-10 14:39:23.399000,5.28,5.27,5.28,3135300.0
2018-01-10 14:39:26.191000,5.28,5.27,5.28,3135300.0
2018-01-10 14:39:28.662000,5.28,5.27,5.28,3135300.0
2018-01-10 14:39:31.348000,5.28,5.27,5.28,3135300.0
2018-01-10 14:39:34.194000,5.28,5.27,5.28,3135300.0
2018-01-10 14:39:36.711000,5.28,5.27,5.28,3135300.0
2018-01-10 14:39:39.234000,5.28,5.27,5.28,3135300.0
2018-01-10 14:39:41.726000,5.28,5.27,5.28,3135300.0
2018-01-10 14:39:44.218000,5.28,5.27,5.28,3135300.0
2018-01-10 14:39:46.849000,5.28,5.27,5.28,3135300.0
2018-01-10 14:39:49.618000,5.28,5.27,5.28,3135300.0
2018-01-10 14:39:52.351000,5.28,5.27,5.28,3135300.0
2018-01-10 14:39:54.885000,5.28,5.27,5.28,3135300.0
2018-01-10 14:39:57.569000,5.28,5.27,5.28,3135300.0
2018-01-10 14:39:59.953000,5.28,5.27,5.28,3135300.0
2018-01-10 14:40:02.806000,5.28,5.27,5.28,3135300.0
2018-01-10 14:40:05.497000,5.28,5.27,5.28,3135300.0
2018-01-10 14:40:07.960000,5.28,5.27,5.28,3135300.0
2018-01-10 14:40:13.639000,5.28,5.27,5.28,3135300.0
2018-01-10 14:40:16.170000,5.28,5.27,5.28,3135300.0
2018-01-10 14:40:18.686000,5.28,5.27,5.28,3135300.0
2018-01-10 14:40:21.084000,5.28,5.27,5.28,3135300.0
2018-01-10 14:40:23.907000,5.28,5.27,5.28,3135300.0
2018-01-10 14:40:26.575000,5.28,5.27,5.28,3135300.0
2018-01-10 14:40:29.012000,5.28,5.27,5.28,3135300.0
2018-01-10 14:40:31.506000,5.28,5.27,5.28,3135300.0
2018-01-10 14:40:33.962000,5.28,5.27,5.28,3135300.0
2018-01-10 14:40:36.492000,5.28,5.27,5.28,3135300.0
2018-01-10 14:40:38.899000,5.28,5.27,5.28,3135300.0
2018-01-10 14:40:41.431000,5.28,5.27,5.28,3135300.0
2018-01-10 14:40:44.034000,5.28,5.27,5.28,3135300.0
2018-01-10 14:40:46.522000,5.28,5.27,5.28,3135300.0
2018-01-10 14:40:48.900000,5.28,5.27,5.28,3135300.0
2018-01-10 14:40:51.434000,5.28,5.27,5.28,3135300.0
2018-01-10 14:40:54.074000,5.28,5.27,5.28,3135300.0
2018-01-10 14:40:56.583000,5.28,5.27,5.28,3135300.0
2018-01-10 14:40:59.086000,5.28,5.27,5.28,3135300.0
2018-01-10 14:41:01.616000,5.28,5.27,5.28,3135300.0
2018-01-10 14:41:04.219000,5.28,5.27,5.28,3135300.0
2018-01-10 14:41:07.121000,5.28,5.27,5.28,3135300.0
2018-01-10 14:41:12.916000,5.28,5.27,5.28,3135300.0
2018-01-10 14:41:15.372000,5.28,5.27,5.28,3135300.0
2018-01-10 14:41:19.543000,5.28,5.27,5.28,3135300.0
2018-01-10 14:41:22.056000,5.28,5.27,5.28,3135300.0
2018-01-10 14:41:24.702000,5.28,5.27,5.28,3135300.0
2018-01-10 14:41:27.130000,5.28,5.27,5.28,3135300.0
2018-01-10 14:41:29.647000,5.28,5.27,5.28,3135300.0
2018-01-10 14:41:32.278000,5.28,5.27,5.28,3135300.0
2018-01-10 14:41:34.844000,5.28,5.27,5.28,3135300.0
2018-01-10 14:41:37.448000,5.28,5.27,5.28,3135300.0
2018-01-10 14:41:39.980000,5.28,5.27,5.28,3135300.0
2018-01-10 14:41:42.711000,5.28,5.27,5.28,3135300.0
2018-01-10 14:41:45.330000,5.28,5.27,5.28,3135300.0
2018-01-10 14:41:47.932000,5.28,5.27,5.28,3135300.0
2018-01-10 14:41:50.439000,5.28,5.27,5.28,3135300.0
2018-01-10 14:41:52.962000,5.28,5.27,5.28,3135300.0
2018-01-10 14:41:55.579000,5.28,5.27,5.28,3135300.0
2018-01-10 14:41:58.248000,5.28,5.27,5.28,3135300.0
2018-01-10 14:42:00.829000,5.28,5.27,5.28,3135300.0
2018-01-10 14:42:03.373000,5.28,5.27,5.28,3135300.0
2018-01-10 14:42:05.954000,5.28,5.27,5.28,3135300.0
2018-01-10 14:42:09.096000,5.28,5.27,5.28,3135300.0
2018-01-10 14:42:11.790000,5.28,5.27,5.28,3135300.0
2018-01-10 14:42:14.287000,5.28,5.27,5.28,3135300.0
2018-01-10 14:42:17.009000,5.28,5.27,5.28,3135300.0
2018-01-10 14:42:19.513000,5.28,5.27,5.28,3135300.0
2018-01-10 14:42:22.009000,5.28,5.27,5.28,3135300.0
2018-01-10 14:42:24.611000,5.28,5.27,5.28,3135300.0
2018-01-10 14:42:27.137000,5.28,5.27,5.28,3135300.0
2018-01-10 14:42:29.625000,5.28,5.27,5.28,3135300.0
2018-01-10 14:42:32.421000,5.28,5.27,5.28,3135300.0
2018-01-10 14:42:35.299000,5.28,5.27,5.28,3135300.0
2018-01-10 14:42:37.851000,5.28,5.27,5.28,3135300.0
2018-01-10 14:42:40.418000,5.28,5.27,5.28,3135300.0
2018-01-10 14:42:42.979000,5.28,5.27,5.28,3135300.0
2018-01-10 14:42:45.555000,5.28,5.27,5.28,3135300.0
2018-01-10 14:42:48.278000,5.28,5.27,5.28,3135300.0
2018-01-10 14:42:50.851000,5.28,5.27,5.28,3135300.0
2018-01-10 14:42:53.543000,5.28,5.27,5.28,3135300.0
2018-01-10 14:42:56.069000,5.28,5.27,5.28,3135300.0
2018-01-10 14:42:58.683000,5.28,5.27,5.28,3135300.0
2018-01-10 14:43:01.228000,5.28,5.27,5.28,3135300.0
2018-01-10 14:43:03.885000,5.28,5.27,5.28,3135300.0
2018-01-10 14:43:06.293000,5.28,5.27,5.28,3135300.0
2018-01-10 14:43:11.572000,5.28,5.27,5.28,3135300.0
2018-01-10 14:43:14.114000,5.28,5.27,5.28,3135300.0
2018-01-10 14:43:17.837000,5.28,5.27,5.28,3135300.0
2018-01-10 14:43:20.303000,5.28,5.27,5.28,3135300.0
2018-01-10 14:43:22.815000,5.28,5.27,5.28,3135300.0
2018-01-10 14:43:25.507000,5.28,5.27,5.28,3135300.0
2018-01-10 14:43:28.010000,5.28,5.27,5.28,3135300.0
2018-01-10 14:43:30.848000,5.28,5.27,5.28,3135300.0
2018-01-10 14:43:33.504000,5.28,5.27,5.28,3135300.0
2018-01-10 14:43:36.189000,5.28,5.27,5.28,3135300.0
2018-01-10 14:43:38.777000,5.28,5.27,5.28,3135300.0
2018-01-10 14:43:41.324000,5.28,5.27,5.28,3135300.0
2018-01-10 14:43:43.737000,5.28,5.27,5.28,3135300.0
2018-01-10 14:43:46.433000,5.28,5.27,5.28,3135300.0
2018-01-10 14:43:48.777000,5.28,5.27,5.28,3135300.0
2018-01-10 14:43:51.494000,5.28,5.27,5.28,3135300.0
2018-01-10 14:43:54.088000,5.28,5.27,5.28,3135300.0
2018-01-10 14:43:56.573000,5.28,5.27,5.28,3135300.0
2018-01-10 14:43:59.098000,5.28,5.27,5.28,3135300.0
2018-01-10 14:44:01.777000,5.28,5.27,5.28,3135300.0
2018-01-10 14:44:06.385000,5.28,5.27,5.28,3135300.0
2018-01-10 14:44:12.640000,5.28,5.27,5.28,3135300.0
2018-01-10 14:44:15.210000,5.28,5.27,5.28,3135300.0
2018-01-10 14:44:17.870000,5.28,5.27,5.28,3135300.0
2018-01-10 14:44:20.384000,5.28,5.27,5.28,3135300.0
2018-01-10 14:44:22.934000,5.28,5.27,5.28,3135300.0
2018-01-10 14:44:25.406000,5.28,5.27,5.28,3135300.0
2018-01-10 14:44:27.840000,5.28,5.27,5.28,3135300.0
2018-01-10 14:44:30.406000,5.28,5.27,5.28,3135300.0
2018-01-10 14:44:32.857000,5.28,5.27,5.28,3135300.0
2018-01-10 14:44:35.268000,5.28,5.27,5.28,3135300.0
2018-01-10 14:44:37.766000,5.28,5.27,5.28,3135300.0
2018-01-10 14:44:40.224000,5.28,5.27,5.28,3135300.0
2018-01-10 14:44:42.714000,5.28,5.27,5.28,3135300.0
2018-01-10 14:44:45.138000,5.28,5.27,5.28,3135300.0
2018-01-10 14:44:47.685000,5.28,5.27,5.28,3135300.0
2018-01-10 14:44:50.126000,5.28,5.27,5.28,3135300.0
2018-01-10 14:44:52.635000,5.28,5.27,5.28,3135300.0
2018-01-10 14:44:55.127000,5.28,5.27,5.28,3135300.0
2018-01-10 14:44:57.732000,5.28,5.27,5.28,3135300.0
2018-01-10 14:45:00.438000,5.28,5.27,5.28,3135300.0
2018-01-10 14:45:03.381000,5.28,5.27,5.28,3135300.0
2018-01-10 14:45:07.626000,5.28,5.27,5.28,3135300.0
2018-01-10 14:45:09.956000,5.28,5.27,5.28,3135300.0
2018-01-10 14:45:14.034000,5.28,5.27,5.28,3135300.0
2018-01-10 14:45:19.793000,5.28,5.27,5.28,3135300.0
2018-01-10 14:45:22.314000,5.28,5.27,5.28,3135300.0
2018-01-10 14:45:24.785000,5.28,5.27,5.28,3135300.0
2018-01-10 14:45:27.297000,5.28,5.27,5.28,3135300.0
2018-01-10 14:45:29.860000,5.28,5.27,5.28,3135300.0
2018-01-10 14:45:32.428000,5.28,5.27,5.28,3135300.0
2018-01-10 14:45:35.006000,5.28,5.27,5.28,3135300.0
2018-01-10 14:45:37.466000,5.28,5.27,5.28,3135300.0
2018-01-10 14:45:40.066000,5.28,5.27,5.28,3135300.0
2018-01-10 14:45:42.671000,5.28,5.27,5.28,3135300.0
2018-01-10 14:45:45.297000,5.28,5.27,5.28,3135300.0
2018-01-10 14:45:47.770000,5.28,5.27,5.28,3135300.0
2018-01-10 14:45:50.252000,5.28,5.27,5.28,3135300.0
2018-01-10 14:45:52.624000,5.28,5.27,5.28,3135300.0
2018-01-10 14:45:55.122000,5.28,5.27,5.28,3135300.0
2018-01-10 14:45:57.904000,5.28,5.27,5.28,3135300.0
2018-01-10 14:46:00.270000,5.28,5.27,5.28,3135300.0
2018-01-10 14:46:02.733000,5.28,5.27,5.28,3135300.0
2018-01-10 14:46:05.742000,5.28,5.27,5.28,3135300.0
2018-01-10 14:46:08.501000,5.28,5.27,5.28,3135300.0
2018-01-10 14:46:11.162000,5.28,5.27,5.28,3135300.0
2018-01-10 14:46:14.769000,5.28,5.27,5.28,3135300.0
2018-01-10 14:46:17.235000,5.28,5.26,5.28,3135400.0
2018-01-10 14:46:19.910000,5.28,5.26,5.28,3135400.0
2018-01-10 14:46:22.424000,5.28,5.26,5.28,3135400.0
2018-01-10 14:46:24.940000,5.28,5.26,5.28,3135400.0
2018-01-10 14:46:27.518000,5.28,5.26,5.28,3135400.0
2018-01-10 14:46:30.002000,5.28,5.26,5.28,3135400.0
2018-01-10 14:46:32.532000,5.28,5.26,5.28,3135400.0
2018-01-10 14:46:34.957000,5.28,5.26,5.28,3135400.0
2018-01-10 14:46:37.520000,5.28,5.26,5.28,3135400.0
2018-01-10 14:46:40.004000,5.28,5.26,5.28,3135400.0
2018-01-10 14:46:42.702000,5.28,5.26,5.28,3135400.0
2018-01-10 14:46:45.248000,5.28,5.26,5.28,3135400.0
2018-01-10 14:46:47.889000,5.28,5.26,5.28,3135400.0
2018-01-10 14:46:50.431000,5.28,5.26,5.28,3135400.0
2018-01-10 14:46:53.176000,5.28,5.26,5.28,3135400.0
2018-01-10 14:46:55.692000,5.28,5.26,5.28,3135400.0
2018-01-10 14:46:58.057000,5.28,5.26,5.28,3135400.0
2018-01-10 14:47:00.581000,5.28,5.26,5.28,3135400.0
2018-01-10 14:47:03.076000,5.28,5.26,5.28,3135400.0
2018-01-10 14:47:05.736000,5.28,5.26,5.28,3135400.0
2018-01-10 14:47:08.306000,5.28,5.26,5.28,3135400.0
2018-01-10 14:47:11.127000,5.28,5.26,5.28,3135400.0
2018-01-10 14:47:13.628000,5.28,5.26,5.28,3135400.0
2018-01-10 14:47:16.315000,5.28,5.26,5.28,3135400.0
2018-01-10 14:47:20.351000,5.28,5.26,5.28,3135400.0
2018-01-10 14:47:23.303000,5.28,5.26,5.28,3135400.0
2018-01-10 14:47:26.165000,5.28,5.26,5.28,3135400.0
2018-01-10 14:47:28.594000,5.28,5.26,5.28,3135400.0
2018-01-10 14:47:31.121000,5.28,5.26,5.28,3135400.0
2018-01-10 14:47:33.719000,5.28,5.26,5.28,3135400.0
2018-01-10 14:47:36.284000,5.28,5.26,5.28,3135400.0
2018-01-10 14:47:39.038000,5.28,5.26,5.28,3135400.0
2018-01-10 14:47:41.510000,5.28,5.26,5.28,3135400.0
2018-01-10 14:47:44,5.28,5.26,5.28,3135400.0
2018-01-10 14:47:46.430000,5.28,5.26,5.28,3135400.0
2018-01-10 14:47:48.832000,5.28,5.26,5.28,3135400.0
2018-01-10 14:47:51.242000,5.28,5.26,5.28,3135400.0
2018-01-10 14:47:53.697000,5.28,5.26,5.28,3135400.0
2018-01-10 14:47:56.167000,5.28,5.26,5.28,3135400.0
2018-01-10 14:47:58.645000,5.28,5.26,5.28,3135400.0
2018-01-10 14:48:04.212000,5.28,5.26,5.28,3135400.0
2018-01-10 14:48:07.314000,5.28,5.26,5.28,3135400.0
2018-01-10 14:48:12.032000,5.28,5.26,5.28,3135400.0
2018-01-10 14:48:15.058000,5.28,5.26,5.28,3135400.0
2018-01-10 14:48:19.990000,5.28,5.26,5.28,3135400.0
2018-01-10 14:48:23.062000,5.28,5.26,5.28,3135400.0
2018-01-10 14:48:26.246000,5.28,5.26,5.28,3135400.0
2018-01-10 14:48:29.222000,5.28,5.26,5.28,3135400.0
2018-01-10 14:48:32.142000,5.28,5.26,5.28,3135400.0
2018-01-10 14:48:35.161000,5.28,5.26,5.28,3135400.0
2018-01-10 14:48:38.277000,5.28,5.26,5.28,3135400.0
2018-01-10 14:48:41.345000,5.28,5.26,5.28,3135400.0
2018-01-10 14:48:44.302000,5.28,5.26,5.28,3135400.0
2018-01-10 14:48:47.252000,5.28,5.26,5.28,3135400.0
2018-01-10 14:48:50.346000,5.28,5.26,5.28,3135400.0
2018-01-10 14:48:53.244000,5.28,5.26,5.28,3135400.0
2018-01-10 14:48:56.391000,5.28,5.26,5.28,3135400.0
2018-01-10 14:48:59.311000,5.28,5.26,5.28,3135400.0
2018-01-10 14:49:02.238000,5.28,5.26,5.28,3135400.0
2018-01-10 14:49:05.134000,5.28,5.26,5.28,3135400.0
2018-01-10 14:49:08.084000,5.28,5.26,5.28,3135400.0
2018-01-10 14:49:11.093000,5.28,5.26,5.28,3135400.0
2018-01-10 14:49:14.204000,5.28,5.26,5.28,3135400.0
2018-01-10 14:49:17.410000,5.28,5.26,5.28,3135400.0
2018-01-10 14:49:20.595000,5.28,5.26,5.28,3135400.0
2018-01-10 14:49:23.978000,5.28,5.26,5.28,3135400.0
2018-01-10 14:49:26.893000,5.28,5.26,5.28,3135400.0
2018-01-10 14:49:29.847000,5.28,5.26,5.28,3135400.0
2018-01-10 14:49:32.785000,5.28,5.26,5.28,3135400.0
2018-01-10 14:49:35.809000,5.28,5.26,5.28,3135400.0
2018-01-10 14:49:38.706000,5.28,5.26,5.28,3135400.0
2018-01-10 14:49:41.657000,5.27,5.27,5.28,3193800.0
2018-01-10 14:49:45.875000,5.27,5.27,5.28,3193800.0
2018-01-10 14:49:48.850000,5.27,5.27,5.28,3193800.0
2018-01-10 14:49:51.787000,5.27,5.27,5.28,3193800.0
2018-01-10 14:49:54.724000,5.27,5.27,5.28,3193800.0
2018-01-10 14:49:57.803000,5.27,5.27,5.28,3193800.0
2018-01-10 14:50:00.741000,5.27,5.27,5.28,3193800.0
2018-01-10 14:50:03.832000,5.27,5.27,5.28,3193800.0
2018-01-10 14:50:06.689000,5.27,5.27,5.28,3193800.0
2018-01-10 14:50:11.463000,5.27,5.27,5.28,3193800.0
2018-01-10 14:50:14.369000,5.27,5.27,5.28,3193800.0
2018-01-10 14:50:17.191000,5.27,5.27,5.28,3193800.0
2018-01-10 14:50:19.920000,5.27,5.27,5.28,3193800.0
2018-01-10 14:50:22.831000,5.27,5.27,5.28,3193800.0
2018-01-10 14:50:25.802000,5.27,5.27,5.28,3193800.0
2018-01-10 14:50:28.706000,5.27,5.27,5.28,3193800.0
2018-01-10 14:50:32.241000,5.27,5.27,5.28,3193800.0
2018-01-10 14:50:35.343000,5.27,5.27,5.28,3193800.0
2018-01-10 14:50:38.336000,5.27,5.27,5.28,3193800.0
2018-01-10 14:50:41.306000,5.27,5.27,5.28,3193800.0
2018-01-10 14:50:44.398000,5.27,5.27,5.28,3193800.0
2018-01-10 14:50:47.253000,5.27,5.27,5.28,3193800.0
2018-01-10 14:50:50.256000,5.27,5.26,5.27,3212800.0
2018-01-10 14:50:53.457000,5.27,5.26,5.27,3212800.0
2018-01-10 14:50:56.461000,5.27,5.26,5.27,3212800.0
2018-01-10 14:50:59.251000,5.27,5.26,5.27,3212800.0
2018-01-10 14:51:02.203000,5.27,5.26,5.27,3212800.0
2018-01-10 14:51:07.407000,5.27,5.26,5.27,3212800.0
2018-01-10 14:51:10.260000,5.27,5.26,5.27,3212800.0
2018-01-10 14:51:13.146000,5.27,5.26,5.27,3212800.0
2018-01-10 14:51:16.199000,5.27,5.26,5.27,3212800.0
2018-01-10 14:51:19.117000,5.27,5.26,5.27,3212800.0
2018-01-10 14:51:21.976000,5.27,5.26,5.27,3212800.0
2018-01-10 14:51:24.899000,5.27,5.26,5.27,3212800.0
2018-01-10 14:51:27.732000,5.27,5.26,5.27,3212800.0
2018-01-10 14:51:30.799000,5.27,5.26,5.27,3212800.0
2018-01-10 14:51:33.749000,5.27,5.26,5.27,3212800.0
2018-01-10 14:51:36.890000,5.27,5.26,5.27,3212800.0
2018-01-10 14:51:39.975000,5.27,5.26,5.27,3212800.0
2018-01-10 14:51:42.929000,5.27,5.26,5.27,3212800.0
2018-01-10 14:51:45.886000,5.27,5.26,5.27,3212800.0
2018-01-10 14:51:48.703000,5.27,5.26,5.27,3212800.0
2018-01-10 14:51:51.783000,5.27,5.26,5.27,3212800.0
2018-01-10 14:51:54.540000,5.27,5.26,5.27,3212800.0
2018-01-10 14:51:57.430000,5.27,5.26,5.27,3212800.0
2018-01-10 14:52:00.271000,5.27,5.26,5.27,3212800.0
2018-01-10 14:52:06.822000,5.27,5.26,5.27,3212800.0
2018-01-10 14:52:12.397000,5.27,5.26,5.27,3212800.0
2018-01-10 14:52:15.370000,5.27,5.26,5.27,3212800.0
2018-01-10 14:52:18.258000,5.27,5.26,5.27,3212800.0
2018-01-10 14:52:21.183000,5.27,5.26,5.27,3212800.0
2018-01-10 14:52:24.071000,5.27,5.26,5.27,3212800.0
2018-01-10 14:52:26.970000,5.27,5.26,5.27,3212800.0
2018-01-10 14:52:30.024000,5.27,5.26,5.27,3212800.0
2018-01-10 14:52:33.148000,5.27,5.26,5.27,3212800.0
2018-01-10 14:52:36.042000,5.27,5.26,5.27,3212800.0
2018-01-10 14:52:39.016000,5.27,5.26,5.27,3212800.0
2018-01-10 14:52:42.460000,5.27,5.26,5.27,3212800.0
2018-01-10 14:52:45.279000,5.27,5.26,5.27,3212800.0
2018-01-10 14:52:48.336000,5.27,5.26,5.27,3212800.0
2018-01-10 14:52:51.455000,5.27,5.26,5.27,3212800.0
2018-01-10 14:52:54.334000,5.27,5.26,5.27,3212800.0
2018-01-10 14:52:57.304000,5.27,5.26,5.27,3212800.0
2018-01-10 14:53:00.279000,5.27,5.26,5.27,3212800.0
2018-01-10 14:53:03.212000,5.27,5.26,5.27,3212800.0
2018-01-10 14:53:06.200000,5.27,5.26,5.27,3212800.0
2018-01-10 14:53:10.924000,5.27,5.26,5.28,3212800.0
2018-01-10 14:53:13.774000,5.27,5.26,5.28,3212800.0
2018-01-10 14:53:16.662000,5.27,5.26,5.28,3212800.0
2018-01-10 14:53:19.588000,5.27,5.26,5.28,3212800.0
2018-01-10 14:53:22.601000,5.27,5.26,5.28,3212800.0
2018-01-10 14:53:25.338000,5.27,5.26,5.28,3212800.0
2018-01-10 14:53:28.491000,5.27,5.26,5.28,3212800.0
2018-01-10 14:53:31.386000,5.27,5.26,5.28,3212800.0
2018-01-10 14:53:34.324000,5.27,5.26,5.28,3212800.0
2018-01-10 14:53:37.110000,5.27,5.26,5.28,3212800.0
2018-01-10 14:53:40.090000,5.27,5.26,5.28,3212800.0
2018-01-10 14:53:43.071000,5.27,5.26,5.28,3212800.0
2018-01-10 14:53:46.018000,5.27,5.26,5.28,3212800.0
2018-01-10 14:53:48.872000,5.27,5.27,5.28,3212800.0
2018-01-10 14:53:51.787000,5.27,5.27,5.28,3212800.0
2018-01-10 14:53:54.718000,5.27,5.27,5.28,3212800.0
2018-01-10 14:53:57.696000,5.27,5.27,5.28,3212800.0
2018-01-10 14:54:00.422000,5.27,5.27,5.28,3212800.0
2018-01-10 14:54:03.431000,5.27,5.27,5.28,3212800.0
2018-01-10 14:54:06.490000,5.27,5.27,5.28,3212800.0
2018-01-10 14:54:09.655000,5.27,5.27,5.28,3212800.0
2018-01-10 14:54:12.667000,5.27,5.27,5.28,3212800.0
2018-01-10 14:54:16.064000,5.27,5.27,5.28,3212800.0
2018-01-10 14:54:20.643000,5.27,5.27,5.28,3212800.0
2018-01-10 14:54:23.525000,5.27,5.27,5.28,3212800.0
2018-01-10 14:54:26.376000,5.27,5.27,5.28,3212800.0
2018-01-10 14:54:29.292000,5.27,5.27,5.28,3212800.0
2018-01-10 14:54:32.254000,5.27,5.27,5.28,3212800.0
2018-01-10 14:54:35.202000,5.27,5.27,5.28,3212800.0
2018-01-10 14:54:38.167000,5.27,5.27,5.28,3212800.0
2018-01-10 14:54:41.099000,5.27,5.27,5.28,3212800.0
2018-01-10 14:54:44.046000,5.27,5.27,5.28,3212800.0
2018-01-10 14:54:47.402000,5.27,5.26,5.28,3221900.0
2018-01-10 14:54:50.315000,5.27,5.26,5.28,3221900.0
2018-01-10 14:54:53.260000,5.27,5.26,5.28,3221900.0
2018-01-10 14:54:56.104000,5.27,5.26,5.28,3221900.0
2018-01-10 14:54:58.931000,5.27,5.26,5.28,3221900.0
2018-01-10 14:55:01.715000,5.27,5.26,5.28,3221900.0
2018-01-10 14:55:04.612000,5.27,5.26,5.28,3221900.0
2018-01-10 14:55:07.431000,5.27,5.26,5.28,3221900.0
2018-01-10 14:55:12.067000,5.27,5.26,5.28,3221900.0
2018-01-10 14:55:14.951000,5.27,5.26,5.28,3221900.0
2018-01-10 14:55:17.808000,5.27,5.26,5.28,3221900.0
2018-01-10 14:55:20.694000,5.27,5.26,5.28,3221900.0
2018-01-10 14:55:23.735000,5.27,5.26,5.28,3221900.0
2018-01-10 14:55:26.717000,5.27,5.26,5.28,3221900.0
2018-01-10 14:55:29.706000,5.27,5.26,5.28,3221900.0
2018-01-10 14:55:32.684000,5.27,5.26,5.28,3221900.0
2018-01-10 14:55:35.719000,5.27,5.26,5.28,3221900.0
2018-01-10 14:55:38.638000,5.27,5.26,5.28,3221900.0
2018-01-10 14:55:41.501000,5.27,5.26,5.28,3221900.0
2018-01-10 14:55:44.419000,5.27,5.26,5.28,3221900.0
2018-01-10 14:55:47.374000,5.27,5.26,5.28,3221900.0
2018-01-10 14:55:50.296000,5.27,5.26,5.28,3221900.0
2018-01-10 14:55:53.262000,5.27,5.26,5.28,3221900.0
2018-01-10 14:55:56.214000,5.27,5.26,5.28,3221900.0
2018-01-10 14:55:59.192000,5.27,5.26,5.28,3221900.0
2018-01-10 14:56:02.392000,5.27,5.26,5.28,3221900.0
2018-01-10 14:56:05.282000,5.27,5.26,5.28,3221900.0
2018-01-10 14:56:08.386000,5.27,5.26,5.28,3221900.0
2018-01-10 14:56:11.545000,5.27,5.26,5.28,3221900.0
2018-01-10 14:56:17.794000,5.27,5.26,5.28,3221900.0
2018-01-10 14:56:20.970000,5.27,5.26,5.28,3221900.0
2018-01-10 14:56:23.843000,5.27,5.26,5.28,3221900.0
2018-01-10 14:56:27.063000,5.27,5.26,5.28,3221900.0
2018-01-10 14:56:30,5.27,5.26,5.28,3221900.0
2018-01-10 14:56:32.778000,5.27,5.26,5.28,3221900.0
2018-01-10 14:56:35.632000,5.27,5.26,5.28,3221900.0
2018-01-10 14:56:38.610000,5.27,5.26,5.28,3221900.0
2018-01-10 14:56:41.457000,5.27,5.27,5.28,3222400.0
2018-01-10 14:56:44.417000,5.27,5.27,5.28,3222400.0
2018-01-10 14:56:47.223000,5.27,5.27,5.28,3222400.0
2018-01-10 14:56:49.981000,5.27,5.27,5.28,3222400.0
2018-01-10 14:56:53.012000,5.27,5.27,5.28,3222400.0
2018-01-10 14:56:55.812000,5.27,5.27,5.28,3222400.0
2018-01-10 14:56:58.784000,5.27,5.27,5.28,3222400.0
2018-01-10 14:57:01.644000,5.27,5.27,5.28,3222400.0
2018-01-10 14:57:04.563000,5.27,5.27,5.28,3222400.0
2018-01-10 14:57:09.420000,5.27,5.27,5.28,3222400.0
2018-01-10 14:57:12.456000,5.27,5.27,5.28,3222400.0
2018-01-10 14:57:15.626000,5.27,5.27,5.28,3222400.0
2018-01-10 14:57:19.440000,5.27,5.27,5.28,3222400.0
2018-01-10 14:57:22.521000,5.27,5.27,5.28,3222400.0
2018-01-10 14:57:25.563000,5.27,5.27,5.28,3222400.0
2018-01-10 14:57:28.734000,5.27,5.27,5.28,3222400.0
2018-01-10 14:57:31.670000,5.27,5.27,5.28,3222400.0
2018-01-10 14:57:34.591000,5.27,5.27,5.28,3222400.0
2018-01-10 14:57:37.431000,5.27,5.27,5.28,3222400.0
2018-01-10 14:57:40.384000,5.27,5.27,5.28,3222400.0
2018-01-10 14:57:43.204000,5.27,5.27,5.28,3222400.0
2018-01-10 14:57:46.049000,5.27,5.26,5.27,3231900.0
2018-01-10 14:57:48.982000,5.27,5.26,5.27,3231900.0
2018-01-10 14:57:51.963000,5.27,5.26,5.27,3231900.0
2018-01-10 14:57:54.863000,5.27,5.26,5.27,3231900.0
2018-01-10 14:57:57.890000,5.27,5.26,5.27,3231900.0
2018-01-10 14:58:00.886000,5.27,5.26,5.27,3231900.0
2018-01-10 14:58:03.839000,5.27,5.26,5.27,3231900.0
2018-01-10 14:58:06.730000,5.27,5.26,5.27,3231900.0
2018-01-10 14:58:13.594000,5.27,5.26,5.27,3231900.0
2018-01-10 14:58:17.703000,5.27,5.26,5.27,3231900.0
2018-01-10 14:58:20.541000,5.27,5.26,5.27,3231900.0
2018-01-10 14:58:23.420000,5.27,5.26,5.27,3231900.0
2018-01-10 14:58:26.399000,5.27,5.26,5.27,3231900.0
2018-01-10 14:58:29.432000,5.27,5.26,5.27,3231900.0
2018-01-10 14:58:32.383000,5.27,5.26,5.27,3231900.0
2018-01-10 14:58:35.123000,5.27,5.26,5.27,3231900.0
2018-01-10 14:58:38.161000,5.27,5.26,5.27,3231900.0
2018-01-10 14:58:41.037000,5.27,5.26,5.27,3231900.0
2018-01-10 14:58:43.828000,5.27,5.26,5.27,3231900.0
2018-01-10 14:58:46.825000,5.27,5.26,5.27,3231900.0
2018-01-10 14:58:49.863000,5.27,5.26,5.27,3231900.0
2018-01-10 14:58:52.797000,5.27,5.26,5.27,3231900.0
2018-01-10 14:58:55.769000,5.27,5.26,5.27,3231900.0
2018-01-10 14:58:58.574000,5.27,5.26,5.27,3231900.0
2018-01-10 14:59:01.275000,5.27,5.26,5.27,3231900.0
2018-01-10 14:59:04.236000,5.27,5.26,5.27,3231900.0
2018-01-10 14:59:07.223000,5.27,5.26,5.27,3231900.0
2018-01-10 14:59:12.270000,5.27,5.26,5.27,3231900.0
2018-01-10 14:59:15.206000,5.27,5.26,5.27,3231900.0
2018-01-10 14:59:18.150000,5.27,5.26,5.28,3234400.0
2018-01-10 14:59:21.278000,5.27,5.26,5.28,3234400.0
2018-01-10 14:59:24.223000,5.27,5.26,5.28,3234400.0
2018-01-10 14:59:27.175000,5.27,5.26,5.28,3234400.0
2018-01-10 14:59:30.382000,5.27,5.26,5.28,3234400.0
2018-01-10 14:59:33.396000,5.27,5.26,5.28,3234400.0
2018-01-10 14:59:36.392000,5.27,5.26,5.28,3234400.0
2018-01-10 14:59:39.413000,5.27,5.26,5.28,3234400.0
2018-01-10 14:59:42.171000,5.27,5.26,5.28,3234400.0
2018-01-10 14:59:44.910000,5.27,5.26,5.28,3234400.0
2018-01-10 14:59:47.845000,5.27,5.26,5.28,3234400.0
2018-01-10 14:59:50.642000,5.27,5.26,5.28,3234400.0
2018-01-10 14:59:53.487000,5.27,5.26,5.28,3234400.0
2018-01-10 14:59:56.275000,5.27,5.26,5.28,3234400.0
2018-01-10 14:59:59.143000,5.27,5.26,5.28,3234400.0
2018-01-10 15:00:02.003000,5.27,5.26,5.28,3234400.0
2018-01-10 15:00:04.909000,5.27,5.26,5.28,3234400.0
2018-01-10 15:00:07.955000,5.27,5.26,5.28,3234400.0
2018-01-10 15:00:10.958000,5.27,5.26,5.28,3234400.0
2018-01-10 15:00:16.197000,5.27,5.26,5.28,3234400.0
2018-01-10 15:00:19.020000,5.27,5.26,5.28,3234400.0
2018-01-10 15:00:21.932000,5.27,5.26,5.28,3234400.0
2018-01-10 15:00:25.037000,5.27,5.26,5.28,3234400.0
2018-01-10 15:00:27.877000,5.27,5.26,5.28,3234400.0
2018-01-10 15:00:31.164000,5.27,5.26,5.28,3234400.0
2018-01-10 15:00:34.177000,5.27,5.26,5.28,3234400.0
2018-01-10 15:00:37.618000,5.27,5.26,5.28,3234400.0
2018-01-10 15:00:40.615000,5.27,5.26,5.28,3234400.0
2018-01-10 15:00:43.596000,5.27,5.26,5.28,3234400.0
2018-01-10 15:00:46.718000,5.27,5.26,5.28,3234400.0
2018-01-10 15:00:49.633000,5.27,5.26,5.28,3234400.0
2018-01-10 15:00:52.622000,5.27,5.26,5.28,3234400.0
2018-01-10 15:00:55.734000,5.27,5.26,5.28,3234400.0
2018-01-10 15:00:58.802000,5.27,5.26,5.28,3234400.0
2018-01-10 15:01:01.868000,5.27,5.26,5.28,3234400.0
2018-01-10 15:01:04.803000,5.27,5.26,5.28,3234400.0
2018-01-10 15:01:07.652000,5.27,5.26,5.28,3234400.0
2018-01-10 15:01:10.538000,5.27,5.26,5.28,3234400.0
2018-01-10 15:01:13.472000,5.27,5.26,5.28,3234400.0
2018-01-10 15:01:16.398000,5.27,5.26,5.28,3234400.0
2018-01-10 15:01:19.419000,5.27,5.26,5.28,3234400.0
2018-01-10 15:01:22.229000,5.27,5.26,5.28,3234400.0
2018-01-10 15:01:25.117000,5.27,5.26,5.28,3234400.0
2018-01-10 15:01:27.963000,5.27,5.26,5.28,3234400.0
2018-01-10 15:01:30.955000,5.27,5.26,5.28,3234400.0
2018-01-10 15:01:33.803000,5.27,5.26,5.28,3234400.0
2018-01-10 15:01:36.807000,5.27,5.26,5.28,3234400.0
2018-01-10 15:01:39.819000,5.27,5.26,5.28,3234400.0
2018-01-10 15:01:42.822000,5.27,5.26,5.28,3234400.0
2018-01-10 15:01:45.907000,5.27,5.26,5.28,3234400.0
2018-01-10 15:01:48.898000,5.27,5.26,5.28,3234400.0
2018-01-10 15:01:51.842000,5.27,5.26,5.27,3234900.0
2018-01-10 15:01:54.682000,5.27,5.26,5.27,3234900.0
2018-01-10 15:01:57.771000,5.27,5.26,5.27,3234900.0
2018-01-10 15:02:00.656000,5.27,5.26,5.27,3234900.0
2018-01-10 15:02:03.662000,5.27,5.26,5.27,3234900.0
2018-01-10 15:02:07.241000,5.27,5.26,5.27,3234900.0
2018-01-10 15:02:10.196000,5.27,5.26,5.27,3234900.0
2018-01-10 15:02:15.047000,5.27,5.26,5.27,3234900.0
2018-01-10 15:02:17.930000,5.27,5.26,5.27,3234900.0
2018-01-10 15:02:20.592000,5.27,5.26,5.27,3234900.0
2018-01-10 15:02:23.444000,5.27,5.26,5.27,3234900.0
2018-01-10 15:02:26.328000,5.27,5.26,5.27,3234900.0
2018-01-10 15:02:29.120000,5.27,5.26,5.27,3234900.0
2018-01-10 15:02:31.989000,5.27,5.26,5.27,3234900.0
2018-01-10 15:02:34.963000,5.27,5.26,5.27,3234900.0
2018-01-10 15:02:37.789000,5.27,5.26,5.27,3234900.0
2018-01-10 15:02:40.640000,5.27,5.26,5.27,3234900.0
2018-01-10 15:02:43.227000,5.27,5.26,5.27,3234900.0
2018-01-10 15:02:46.140000,5.27,5.26,5.27,3234900.0
2018-01-10 15:02:48.868000,5.27,5.26,5.27,3234900.0
2018-01-10 15:02:51.757000,5.27,5.26,5.27,3234900.0
2018-01-10 15:02:54.688000,5.27,5.26,5.27,3234900.0
2018-01-10 15:02:57.763000,5.27,5.26,5.27,3234900.0
2018-01-10 15:03:00.681000,5.27,5.26,5.27,3234900.0
2018-01-10 15:03:03.352000,5.27,5.26,5.27,3234900.0
2018-01-10 15:03:06.166000,5.27,5.26,5.27,3234900.0
2018-01-10 15:03:11.395000,5.27,5.26,5.27,3234900.0
2018-01-10 15:03:17.544000,5.27,5.26,5.27,3234900.0
2018-01-10 15:03:20.510000,5.27,5.26,5.27,3234900.0
2018-01-10 15:03:23.350000,5.27,5.26,5.27,3234900.0
2018-01-10 15:03:26.041000,5.27,5.26,5.27,3234900.0
2018-01-10 15:03:29.401000,5.27,5.26,5.27,3234900.0
2018-01-10 15:03:32.377000,5.27,5.26,5.27,3234900.0
2018-01-10 15:03:35.591000,5.27,5.26,5.27,3234900.0
2018-01-10 15:03:38.336000,5.27,5.26,5.27,3234900.0
2018-01-10 15:03:41.152000,5.27,5.26,5.27,3234900.0
2018-01-10 15:03:44.451000,5.27,5.26,5.27,3234900.0
2018-01-10 15:03:47.300000,5.27,5.26,5.27,3234900.0
2018-01-10 15:03:50.008000,5.27,5.26,5.27,3234900.0
2018-01-10 15:03:53.070000,5.27,5.26,5.27,3234900.0
2018-01-10 15:03:55.970000,5.27,5.26,5.27,3234900.0
2018-01-10 15:03:58.679000,5.27,5.26,5.27,3234900.0
2018-01-10 15:04:01.888000,5.27,5.26,5.27,3234900.0
2018-01-10 15:04:08.181000,5.27,5.26,5.27,3234900.0
2018-01-10 15:04:11.085000,5.27,5.26,5.27,3234900.0
2018-01-10 15:04:13.822000,5.27,5.26,5.27,3234900.0
2018-01-10 15:04:19.714000,5.27,5.26,5.27,3234900.0
2018-01-10 15:04:22.608000,5.27,5.26,5.27,3234900.0
2018-01-10 15:04:25.776000,5.27,5.26,5.27,3234900.0
2018-01-10 15:04:28.682000,5.27,5.26,5.27,3234900.0
2018-01-10 15:04:31.586000,5.27,5.26,5.27,3234900.0
2018-01-10 15:04:34.665000,5.27,5.26,5.27,3234900.0
2018-01-10 15:04:37.513000,5.27,5.26,5.27,3234900.0
2018-01-10 15:04:40.318000,5.27,5.26,5.27,3234900.0
2018-01-10 15:04:43.148000,5.27,5.26,5.27,3234900.0
2018-01-10 15:04:46.232000,5.27,5.26,5.27,3234900.0
2018-01-10 15:04:49.120000,5.27,5.26,5.27,3234900.0
2018-01-10 15:04:52.150000,5.27,5.26,5.27,3234900.0
2018-01-10 15:04:55.011000,5.27,5.26,5.27,3234900.0
2018-01-10 15:04:57.942000,5.27,5.26,5.27,3234900.0
2018-01-10 15:05:00.713000,5.27,5.26,5.27,3234900.0
2018-01-10 15:05:03.590000,5.27,5.26,5.27,3234900.0
2018-01-10 15:05:10.043000,5.27,5.26,5.27,3234900.0
2018-01-10 15:05:12.921000,5.27,5.26,5.27,3234900.0
2018-01-10 15:05:18.978000,5.27,5.26,5.27,3234900.0
2018-01-10 15:05:21.829000,5.27,5.26,5.27,3234900.0
2018-01-10 15:05:24.576000,5.27,5.26,5.27,3234900.0
2018-01-10 15:05:27.720000,5.27,5.26,5.27,3234900.0
2018-01-10 15:05:30.653000,5.27,5.26,5.27,3234900.0
2018-01-10 15:05:33.259000,5.27,5.26,5.27,3234900.0
2018-01-10 15:05:36.250000,5.27,5.26,5.27,3234900.0
2018-01-10 15:05:39.137000,5.27,5.26,5.27,3234900.0
2018-01-10 15:05:41.928000,5.27,5.26,5.27,3234900.0
2018-01-10 15:05:44.848000,5.27,5.26,5.27,3234900.0
2018-01-10 15:05:47.570000,5.27,5.26,5.27,3234900.0
2018-01-10 15:05:50.618000,5.27,5.26,5.27,3234900.0
2018-01-10 15:05:53.323000,5.27,5.26,5.27,3234900.0
2018-01-10 15:05:56.349000,5.27,5.26,5.27,3234900.0
2018-01-10 15:05:59.179000,5.27,5.26,5.27,3234900.0
2018-01-10 15:06:01.913000,5.27,5.26,5.27,3234900.0
2018-01-10 15:06:07.108000,5.27,5.26,5.27,3234900.0
2018-01-10 15:06:09.843000,5.27,5.26,5.27,3234900.0
