time,price,bid,ask,volume
2018-01-10 13:03:42.121000,31.45,31.4,31.45,25883707.0
2018-01-10 13:03:46.363000,31.45,31.4,31.45,25883707.0
2018-01-10 13:03:50.566000,31.45,31.4,31.45,25883707.0
2018-01-10 13:03:53.471000,31.45,31.4,31.45,25883707.0
2018-01-10 13:03:57.548000,31.45,31.4,31.45,25883707.0
2018-01-10 13:04:01.075000,31.45,31.4,31.45,25883707.0
2018-01-10 13:04:06.389000,31.45,31.4,31.45,25883707.0
2018-01-10 13:04:15.202000,31.45,31.4,31.45,25883707.0
2018-01-10 13:04:19.051000,31.45,31.4,31.45,25883707.0
2018-01-10 13:04:22.902000,31.45,31.4,31.45,25883707.0
2018-01-10 13:04:26.553000,31.45,31.4,31.45,25883707.0
2018-01-10 13:04:29.927000,31.45,31.4,31.45,25883707.0
2018-01-10 13:04:33.235000,31.45,31.4,31.45,25883707.0
2018-01-10 13:04:37.331000,31.45,31.4,31.45,25883707.0
2018-01-10 13:04:41.320000,31.45,31.4,31.45,25883707.0
2018-01-10 13:04:45.163000,31.45,31.4,31.45,25883707.0
2018-01-10 13:04:48.438000,31.45,31.4,31.45,25883707.0
2018-01-10 13:04:51.348000,31.45,31.4,31.45,25883707.0
2018-01-10 13:04:55.031000,31.45,31.4,31.45,25883707.0
2018-01-10 13:04:58.724000,31.45,31.4,31.45,25883707.0
2018-01-10 13:05:01.892000,31.45,31.4,31.45,25883707.0
2018-01-10 13:05:05.404000,31.45,31.4,31.45,25883707.0
2018-01-10 13:05:09.583000,31.45,31.4,31.45,25883707.0
2018-01-10 13:05:13.451000,31.4,31.4,31.45,25893207.0
2018-01-10 13:05:16.802000,31.4,31.4,31.45,25893207.0
2018-01-10 13:05:20.666000,31.4,31.4,31.45,25893207.0
2018-01-10 13:05:24.411000,31.4,31.4,31.45,25893207.0
2018-01-10 13:05:28.301000,31.4,31.4,31.45,25893207.0
2018-01-10 13:05:31.804000,31.4,31.4,31.45,25893207.0
2018-01-10 13:05:35.494000,31.4,31.4,31.45,25893207.0
2018-01-10 13:05:39.849000,31.4,31.4,31.45,25893207.0
2018-01-10 13:05:43.460000,31.4,31.4,31.45,25893207.0
2018-01-10 13:05:47.195000,31.4,31.4,31.45,25893207.0
2018-01-10 13:05:51.288000,31.4,31.4,31.45,25893207.0
2018-01-10 13:05:54.901000,31.4,31.4,31.45,25893207.0
2018-01-10 13:05:58.336000,31.4,31.4,31.45,25893207.0
2018-01-10 13:06:02.320000,31.4,31.4,31.45,25893207.0
2018-01-10 13:06:05.560000,31.4,31.4,31.45,25893207.0
2018-01-10 13:06:12.100000,31.4,31.4,31.45,25893207.0
2018-01-10 13:06:16.153000,31.4,31.4,31.45,25893207.0
2018-01-10 13:06:19.875000,31.4,31.4,31.45,25893207.0
2018-01-10 13:06:24.041000,31.4,31.4,31.45,25893207.0
2018-01-10 13:06:28.037000,31.4,31.4,31.45,25893207.0
2018-01-10 13:06:32.283000,31.4,31.4,31.45,25893207.0
2018-01-10 13:06:36.561000,31.4,31.4,31.45,25893207.0
2018-01-10 13:06:40.784000,31.4,31.4,31.45,25893207.0
2018-01-10 13:06:45.057000,31.4,31.4,31.45,25893207.0
2018-01-10 13:06:49.696000,31.4,31.4,31.45,25893207.0
2018-01-10 13:06:53.438000,31.4,31.4,31.45,25893207.0
2018-01-10 13:06:57.429000,31.4,31.4,31.45,25893207.0
2018-01-10 13:07:01.043000,31.4,31.4,31.45,25893207.0
2018-01-10 13:07:04.711000,31.4,31.4,31.45,25893207.0
2018-01-10 13:07:12.021000,31.4,31.4,31.45,25893707.0
2018-01-10 13:07:15.667000,31.4,31.4,31.45,25893707.0
2018-01-10 13:07:19.032000,31.4,31.4,31.45,25893707.0
2018-01-10 13:07:22.693000,31.4,31.4,31.45,25893707.0
2018-01-10 13:07:26.348000,31.4,31.4,31.45,25893707.0
2018-01-10 13:07:30.357000,31.4,31.4,31.45,25893707.0
2018-01-10 13:07:34.477000,31.4,31.4,31.45,25893707.0
2018-01-10 13:07:38.229000,31.4,31.4,31.45,25893707.0
2018-01-10 13:07:41.832000,31.4,31.4,31.45,25893707.0
2018-01-10 13:07:45.671000,31.4,31.4,31.45,25893707.0
2018-01-10 13:07:49.250000,31.4,31.4,31.45,25893707.0
2018-01-10 13:07:52.773000,31.4,31.4,31.45,25893707.0
2018-01-10 13:07:56.502000,31.4,31.4,31.45,25893707.0
2018-01-10 13:07:59.917000,31.4,31.4,31.45,25893707.0
2018-01-10 13:08:03.569000,31.4,31.4,31.45,25893707.0
2018-01-10 13:08:10.152000,31.4,31.4,31.45,25893707.0
2018-01-10 13:08:13.589000,31.4,31.4,31.45,25893707.0
2018-01-10 13:08:17.710000,31.4,31.4,31.45,25893707.0
2018-01-10 13:08:21.441000,31.4,31.4,31.45,25893707.0
2018-01-10 13:08:25.319000,31.4,31.4,31.45,26159207.0
2018-01-10 13:08:29.091000,31.4,31.4,31.45,26159207.0
2018-01-10 13:08:33.040000,31.4,31.4,31.45,26159207.0
2018-01-10 13:08:36.512000,31.4,31.4,31.45,26159207.0
2018-01-10 13:08:40.496000,31.4,31.4,31.45,26159207.0
2018-01-10 13:08:43.790000,31.4,31.4,31.45,26159207.0
2018-01-10 13:08:47.190000,31.4,31.4,31.45,26159207.0
2018-01-10 13:08:50.808000,31.4,31.4,31.45,26159207.0
2018-01-10 13:08:54.914000,31.4,31.4,31.45,26159207.0
2018-01-10 13:08:58.402000,31.4,31.4,31.45,26159207.0
2018-01-10 13:09:02.240000,31.4,31.4,31.45,26159207.0
2018-01-10 13:09:09.876000,31.4,31.4,31.45,26159207.0
2018-01-10 13:09:13.448000,31.4,31.4,31.45,26159207.0
2018-01-10 13:09:21.804000,31.4,31.4,31.45,26159207.0
2018-01-10 13:09:25.671000,31.4,31.4,31.45,26159207.0
2018-01-10 13:09:29.237000,31.4,31.4,31.45,26159207.0
2018-01-10 13:09:33.082000,31.4,31.4,31.45,26159207.0
2018-01-10 13:09:37.231000,31.4,31.4,31.45,26159207.0
2018-01-10 13:09:41.386000,31.4,31.4,31.45,26159207.0
2018-01-10 13:09:45.285000,31.4,31.4,31.45,26159207.0
2018-01-10 13:09:49.561000,31.4,31.35,31.4,26288707.0
2018-01-10 13:09:53.665000,31.4,31.35,31.4,26288707.0
2018-01-10 13:09:57.900000,31.4,31.35,31.4,26288707.0
2018-01-10 13:10:01.451000,31.4,31.35,31.4,26288707.0
2018-01-10 13:10:05.596000,31.4,31.35,31.4,26288707.0
2018-01-10 13:10:13.201000,31.4,31.35,31.4,26288707.0
2018-01-10 13:10:17.920000,31.4,31.35,31.4,26288707.0
2018-01-10 13:10:21.471000,31.4,31.35,31.4,26288707.0
2018-01-10 13:10:25.359000,31.4,31.35,31.4,26288707.0
2018-01-10 13:10:29.466000,31.4,31.35,31.4,26288707.0
2018-01-10 13:10:33.312000,31.4,31.35,31.4,26288707.0
2018-01-10 13:10:37.270000,31.4,31.35,31.4,26288707.0
2018-01-10 13:10:41.250000,31.4,31.35,31.4,26288707.0
2018-01-10 13:10:44.967000,31.4,31.35,31.4,26288707.0
2018-01-10 13:10:48.421000,31.4,31.35,31.4,26288707.0
2018-01-10 13:10:52.803000,31.4,31.35,31.4,26288707.0
2018-01-10 13:10:56.677000,31.4,31.35,31.4,26288707.0
2018-01-10 13:11:00.391000,31.4,31.35,31.4,26288707.0
2018-01-10 13:11:05.131000,31.4,31.35,31.4,26288707.0
2018-01-10 13:11:08.953000,31.35,31.35,31.4,26298207.0
2018-01-10 13:11:12.844000,31.35,31.35,31.4,26298207.0
2018-01-10 13:11:18.481000,31.35,31.35,31.4,26298207.0
2018-01-10 13:11:22.361000,31.35,31.35,31.4,26298207.0
2018-01-10 13:11:26.312000,31.35,31.35,31.4,26298207.0
2018-01-10 13:11:29.921000,31.35,31.35,31.4,26298207.0
2018-01-10 13:11:32.882000,31.35,31.35,31.4,26298207.0
2018-01-10 13:11:36.719000,31.35,31.35,31.4,26298207.0
2018-01-10 13:11:40.709000,31.35,31.35,31.4,26298207.0
2018-01-10 13:11:44.595000,31.35,31.35,31.4,26298207.0
2018-01-10 13:11:48.294000,31.35,31.35,31.4,26298207.0
2018-01-10 13:11:52.311000,31.35,31.35,31.4,26298207.0
2018-01-10 13:11:56.254000,31.35,31.35,31.4,26298207.0
2018-01-10 13:11:59.823000,31.35,31.35,31.4,26298207.0
2018-01-10 13:12:03.139000,31.35,31.35,31.4,26298207.0
2018-01-10 13:12:06.508000,31.35,31.35,31.4,26298207.0
2018-01-10 13:12:10.345000,31.35,31.35,31.4,26298207.0
2018-01-10 13:12:14.177000,31.35,31.35,31.4,26298207.0
2018-01-10 13:12:17.930000,31.35,31.35,31.4,26298207.0
2018-01-10 13:12:21.754000,31.35,31.35,31.4,26298207.0
2018-01-10 13:12:25.228000,31.35,31.35,31.4,26298207.0
2018-01-10 13:12:28.640000,31.35,31.35,31.4,26298207.0
2018-01-10 13:12:32.028000,31.35,31.35,31.4,26298207.0
2018-01-10 13:12:36.032000,31.35,31.35,31.4,26298207.0
2018-01-10 13:12:39.482000,31.35,31.35,31.4,26298207.0
2018-01-10 13:12:43.295000,31.35,31.35,31.4,26298207.0
2018-01-10 13:12:46.905000,31.35,31.35,31.4,26298207.0
2018-01-10 13:12:50.731000,31.35,31.35,31.4,26298207.0
2018-01-10 13:12:54.142000,31.35,31.35,31.4,26298207.0
2018-01-10 13:12:58.014000,31.35,31.35,31.4,26298207.0
2018-01-10 13:13:01.993000,31.35,31.35,31.4,26298207.0
2018-01-10 13:13:05.691000,31.35,31.35,31.4,26298207.0
2018-01-10 13:13:09.436000,31.35,31.35,31.4,26298207.0
2018-01-10 13:13:13.530000,31.35,31.35,31.4,26298207.0
2018-01-10 13:13:17.271000,31.35,31.35,31.4,26298207.0
2018-01-10 13:13:21.199000,31.35,31.35,31.4,26298207.0
2018-01-10 13:13:24.704000,31.35,31.35,31.4,26298207.0
2018-01-10 13:13:27.982000,31.35,31.35,31.4,26298207.0
2018-01-10 13:13:31.816000,31.35,31.35,31.4,26298207.0
2018-01-10 13:13:35.221000,31.35,31.35,31.4,26298207.0
2018-01-10 13:13:38.732000,31.35,31.35,31.4,26298207.0
2018-01-10 13:13:42.245000,31.35,31.35,31.4,26298207.0
2018-01-10 13:13:46.784000,31.35,31.35,31.4,26298207.0
2018-01-10 13:13:50.584000,31.35,31.35,31.4,26298207.0
2018-01-10 13:13:54.438000,31.35,31.35,31.4,26298207.0
2018-01-10 13:13:57.877000,31.35,31.35,31.4,26298207.0
2018-01-10 13:14:01.568000,31.35,31.35,31.4,26298207.0
2018-01-10 13:14:05.252000,31.35,31.35,31.4,26298207.0
2018-01-10 13:14:09.224000,31.35,31.35,31.4,26398207.0
2018-01-10 13:14:13.268000,31.35,31.35,31.4,26398207.0
2018-01-10 13:14:17.584000,31.35,31.35,31.4,26398207.0
2018-01-10 13:14:21.696000,31.35,31.35,31.4,26398207.0
2018-01-10 13:14:25.192000,31.35,31.35,31.4,26398207.0
2018-01-10 13:14:29.128000,31.35,31.35,31.4,26398207.0
2018-01-10 13:14:32.569000,31.35,31.35,31.4,26398207.0
2018-01-10 13:14:36.177000,31.35,31.35,31.4,26398207.0
2018-01-10 13:14:40.017000,31.35,31.35,31.4,26398207.0
2018-01-10 13:14:43.392000,31.35,31.35,31.4,26398207.0
2018-01-10 13:14:47.395000,31.35,31.35,31.4,26398207.0
2018-01-10 13:14:51.728000,31.35,31.35,31.4,26398207.0
2018-01-10 13:14:55.800000,31.35,31.35,31.4,26398207.0
2018-01-10 13:14:59.480000,31.35,31.35,31.4,26398207.0
2018-01-10 13:15:03.407000,31.35,31.3,31.35,26422207.0
2018-01-10 13:15:07.391000,31.35,31.3,31.35,26422207.0
2018-01-10 13:15:10.864000,31.35,31.3,31.35,26422207.0
2018-01-10 13:15:14.817000,31.35,31.3,31.35,26422207.0
2018-01-10 13:15:18.393000,31.35,31.3,31.35,26422207.0
2018-01-10 13:15:22.522000,31.35,31.3,31.35,26422207.0
2018-01-10 13:15:26.568000,31.35,31.3,31.35,26422207.0
2018-01-10 13:15:29.991000,31.35,31.3,31.35,26422207.0
2018-01-10 13:15:34.254000,31.35,31.3,31.35,26422207.0
2018-01-10 13:15:38.518000,31.35,31.3,31.35,26422207.0
2018-01-10 13:15:42.115000,31.35,31.3,31.35,26422207.0
2018-01-10 13:15:45.923000,31.35,31.3,31.35,26422207.0
2018-01-10 13:15:49.772000,31.35,31.3,31.35,26422207.0
2018-01-10 13:15:53.755000,31.35,31.3,31.35,26422207.0
2018-01-10 13:15:57.364000,31.35,31.3,31.35,26422207.0
2018-01-10 13:16:01.554000,31.35,31.3,31.35,26422207.0
2018-01-10 13:16:06.269000,31.35,31.3,31.35,26422207.0
2018-01-10 13:16:09.678000,31.35,31.3,31.35,26422207.0
2018-01-10 13:16:13.489000,31.35,31.3,31.35,26422207.0
2018-01-10 13:16:17.511000,31.35,31.3,31.35,26422207.0
2018-01-10 13:16:21.809000,31.35,31.3,31.35,26422207.0
2018-01-10 13:16:25.680000,31.35,31.3,31.35,26422207.0
2018-01-10 13:16:29.040000,31.35,31.3,31.35,26422207.0
2018-01-10 13:16:32.512000,31.35,31.3,31.35,26422207.0
2018-01-10 13:16:35.885000,31.35,31.3,31.35,26422207.0
2018-01-10 13:16:39.520000,31.35,31.3,31.35,26422207.0
2018-01-10 13:16:42.571000,31.35,31.3,31.35,26422207.0
2018-01-10 13:16:46.710000,31.35,31.3,31.35,26422207.0
2018-01-10 13:16:50.794000,31.35,31.3,31.35,26422207.0
2018-01-10 13:16:54.567000,31.35,31.3,31.35,26422207.0
2018-01-10 13:16:58.616000,31.35,31.3,31.35,26422207.0
2018-01-10 13:17:02.301000,31.3,31.3,31.35,26440207.0
2018-01-10 13:17:06.258000,31.3,31.3,31.35,26440207.0
2018-01-10 13:17:12.756000,31.3,31.3,31.35,26440207.0
2018-01-10 13:17:16.354000,31.3,31.3,31.35,26440207.0
2018-01-10 13:17:20.543000,31.3,31.3,31.35,26440207.0
2018-01-10 13:17:24.208000,31.3,31.3,31.35,26440207.0
2018-01-10 13:17:27.845000,31.3,31.3,31.35,26440207.0
2018-01-10 13:17:31.417000,31.3,31.3,31.35,26440207.0
2018-01-10 13:17:35.728000,31.3,31.3,31.35,26440207.0
2018-01-10 13:17:39.696000,31.3,31.3,31.35,26440207.0
2018-01-10 13:17:43.065000,31.3,31.3,31.35,26440207.0
2018-01-10 13:17:47.004000,31.3,31.3,31.35,26440207.0
2018-01-10 13:17:51.355000,31.3,31.3,31.35,26440207.0
2018-01-10 13:17:55.382000,31.3,31.3,31.35,26441207.0
2018-01-10 13:17:59.414000,31.3,31.3,31.35,26441207.0
2018-01-10 13:18:03.185000,31.3,31.3,31.35,26441207.0
2018-01-10 13:18:09.759000,31.3,31.3,31.35,26441207.0
2018-01-10 13:18:13.866000,31.3,31.3,31.35,26441207.0
2018-01-10 13:18:17.437000,31.3,31.3,31.35,26441207.0
2018-01-10 13:18:22.822000,31.3,31.3,31.35,26441207.0
2018-01-10 13:18:26.453000,31.3,31.3,31.35,26441207.0
2018-01-10 13:18:30.121000,31.3,31.3,31.35,26441207.0
2018-01-10 13:18:33.757000,31.3,31.3,31.35,26441207.0
2018-01-10 13:18:37.769000,31.3,31.3,31.35,26441207.0
2018-01-10 13:18:41.927000,31.3,31.3,31.35,26441207.0
2018-01-10 13:18:45.807000,31.3,31.3,31.35,26441207.0
2018-01-10 13:18:49.446000,31.3,31.3,31.35,26441207.0
2018-01-10 13:18:52.606000,31.3,31.3,31.35,26441207.0
2018-01-10 13:18:56.340000,31.3,31.3,31.35,26441207.0
2018-01-10 13:19:00.200000,31.3,31.3,31.35,26441207.0
2018-01-10 13:19:06.957000,31.3,31.3,31.35,26441207.0
2018-01-10 13:19:11.168000,31.3,31.3,31.35,26441207.0
2018-01-10 13:19:15.275000,31.3,31.3,31.35,26441207.0
2018-01-10 13:19:18.871000,31.3,31.3,31.35,26445707.0
2018-01-10 13:19:22.171000,31.3,31.3,31.35,26445707.0
2018-01-10 13:19:25.215000,31.3,31.3,31.35,26445707.0
2018-01-10 13:19:28.920000,31.3,31.3,31.35,26445707.0
2018-01-10 13:19:32.927000,31.3,31.3,31.35,26445707.0
2018-01-10 13:19:36.607000,31.3,31.3,31.35,26445707.0
2018-01-10 13:19:40.351000,31.3,31.3,31.35,26445707.0
2018-01-10 13:19:43.806000,31.3,31.3,31.35,26445707.0
2018-01-10 13:19:47.643000,31.3,31.3,31.35,26445707.0
2018-01-10 13:19:51.574000,31.3,31.3,31.35,26445707.0
2018-01-10 13:19:54.957000,31.3,31.3,31.35,26445707.0
2018-01-10 13:19:58.869000,31.3,31.3,31.35,26445707.0
2018-01-10 13:20:02.838000,31.3,31.3,31.35,26445707.0
2018-01-10 13:20:06.816000,31.3,31.3,31.35,26445707.0
2018-01-10 13:20:10.702000,31.3,31.3,31.35,26706707.0
2018-01-10 13:20:14.824000,31.3,31.3,31.35,26706707.0
2018-01-10 13:20:18.900000,31.3,31.3,31.35,26706707.0
2018-01-10 13:20:22.832000,31.3,31.3,31.35,26706707.0
2018-01-10 13:20:26.937000,31.3,31.3,31.35,26706707.0
2018-01-10 13:20:30.890000,31.3,31.3,31.35,26706707.0
2018-01-10 13:20:35.210000,31.3,31.3,31.35,26706707.0
2018-01-10 13:20:38.541000,31.3,31.3,31.35,26706707.0
2018-01-10 13:20:42.120000,31.3,31.3,31.35,26706707.0
2018-01-10 13:20:45.703000,31.3,31.3,31.35,26706707.0
2018-01-10 13:20:49.089000,31.3,31.3,31.35,26706707.0
2018-01-10 13:20:52.483000,31.3,31.3,31.35,26706707.0
2018-01-10 13:20:56.030000,31.3,31.3,31.35,26706707.0
2018-01-10 13:21:00.161000,31.3,31.3,31.35,26706707.0
2018-01-10 13:21:03.695000,31.3,31.3,31.35,26706707.0
2018-01-10 13:21:07.179000,31.3,31.3,31.35,26706707.0
2018-01-10 13:21:14.340000,31.3,31.3,31.35,26706707.0
2018-01-10 13:21:17.828000,31.3,31.3,31.35,27188396.0
2018-01-10 13:21:21.861000,31.3,31.3,31.35,27188396.0
2018-01-10 13:21:25.530000,31.3,31.3,31.35,27188396.0
2018-01-10 13:21:29.491000,31.3,31.3,31.35,27188396.0
2018-01-10 13:21:33.191000,31.3,31.3,31.35,27188396.0
2018-01-10 13:21:37.495000,31.3,31.3,31.35,27188396.0
2018-01-10 13:21:41.436000,31.3,31.3,31.35,27188396.0
2018-01-10 13:21:44.406000,31.3,31.3,31.35,27188396.0
2018-01-10 13:21:47.896000,31.3,31.3,31.35,27188396.0
2018-01-10 13:21:51.422000,31.3,31.3,31.35,27188396.0
2018-01-10 13:21:54.902000,31.3,31.3,31.35,27188396.0
2018-01-10 13:21:58.871000,31.3,31.3,31.35,27188396.0
2018-01-10 13:22:02.623000,31.3,31.3,31.35,27188396.0
2018-01-10 13:22:06.742000,31.3,31.3,31.35,27188396.0
2018-01-10 13:22:13.650000,31.3,31.3,31.35,27188396.0
2018-01-10 13:22:17.569000,31.3,31.3,31.35,27188396.0
2018-01-10 13:22:20.905000,31.3,31.3,31.35,27188396.0
2018-01-10 13:22:25.346000,31.3,31.3,31.35,27188396.0
2018-01-10 13:22:29.367000,31.3,31.3,31.35,27188396.0
2018-01-10 13:22:33.503000,31.3,31.3,31.35,27188396.0
2018-01-10 13:22:37.390000,31.3,31.3,31.35,27188396.0
2018-01-10 13:22:41.864000,31.3,31.3,31.35,27188396.0
2018-01-10 13:22:45.594000,31.3,31.3,31.35,27227396.0
2018-01-10 13:22:48.738000,31.3,31.3,31.35,27227396.0
2018-01-10 13:22:52.496000,31.3,31.3,31.35,27227396.0
2018-01-10 13:22:55.970000,31.3,31.3,31.35,27227396.0
2018-01-10 13:23:00.921000,31.3,31.3,31.35,27227396.0
2018-01-10 13:23:04.734000,31.3,31.3,31.35,27227396.0
2018-01-10 13:23:15.453000,31.3,31.3,31.35,27227396.0
2018-01-10 13:23:20.109000,31.3,31.3,31.35,27227396.0
2018-01-10 13:23:24.375000,31.3,31.3,31.35,27227396.0
2018-01-10 13:23:28.221000,31.3,31.3,31.35,27227396.0
2018-01-10 13:23:32.386000,31.3,31.3,31.35,27227396.0
2018-01-10 13:23:35.977000,31.3,31.3,31.35,27227396.0
2018-01-10 13:23:39.718000,31.3,31.3,31.35,27227396.0
2018-01-10 13:23:43.242000,31.3,31.3,31.35,27227396.0
2018-01-10 13:23:47.054000,31.3,31.3,31.35,27227396.0
2018-01-10 13:23:50.673000,31.3,31.3,31.35,27227396.0
2018-01-10 13:23:54.985000,31.3,31.3,31.35,27227396.0
2018-01-10 13:23:59.455000,31.3,31.3,31.35,27227396.0
2018-01-10 13:24:03.056000,31.3,31.3,31.35,27227396.0
2018-01-10 13:24:06.820000,31.3,31.3,31.35,27227396.0
2018-01-10 13:24:10.235000,31.3,31.3,31.35,27227396.0
2018-01-10 13:24:15.473000,31.3,31.3,31.35,27227396.0
2018-01-10 13:24:20.892000,31.3,31.3,31.35,27227396.0
2018-01-10 13:24:24.705000,31.3,31.3,31.35,27227396.0
2018-01-10 13:24:28.509000,31.3,31.3,31.35,27227396.0
2018-01-10 13:24:32.207000,31.3,31.3,31.35,27227396.0
2018-01-10 13:24:36.115000,31.3,31.3,31.35,27227396.0
2018-01-10 13:24:40.134000,31.3,31.25,31.3,27478356.0
2018-01-10 13:24:44.282000,31.3,31.25,31.3,27478356.0
2018-01-10 13:24:48.332000,31.3,31.25,31.3,27478356.0
2018-01-10 13:24:51.897000,31.3,31.25,31.3,27478356.0
2018-01-10 13:24:55.772000,31.3,31.25,31.3,27478356.0
2018-01-10 13:25:00.037000,31.3,31.25,31.3,27478356.0
2018-01-10 13:25:04.056000,31.3,31.25,31.3,27478356.0
2018-01-10 13:25:08.202000,31.3,31.3,31.35,27930856.0
2018-01-10 13:25:11.613000,31.3,31.3,31.35,27930856.0
2018-01-10 13:25:15.065000,31.3,31.3,31.35,27930856.0
2018-01-10 13:25:20.755000,31.3,31.3,31.35,27930856.0
2018-01-10 13:25:24.564000,31.3,31.3,31.35,27930856.0
2018-01-10 13:25:28.686000,31.3,31.3,31.35,27930856.0
2018-01-10 13:25:32.131000,31.3,31.3,31.35,27930856.0
2018-01-10 13:25:35.802000,31.3,31.3,31.35,27930856.0
2018-01-10 13:25:39.903000,31.3,31.3,31.35,27930856.0
2018-01-10 13:25:43.471000,31.3,31.3,31.35,27930856.0
2018-01-10 13:25:47.131000,31.3,31.3,31.35,27930856.0
2018-01-10 13:25:50.889000,31.3,31.3,31.35,27930856.0
2018-01-10 13:25:54.409000,31.3,31.3,31.35,27930856.0
2018-01-10 13:25:58.313000,31.3,31.3,31.35,27930856.0
2018-01-10 13:26:01.470000,31.3,31.3,31.35,27930856.0
2018-01-10 13:26:05.348000,31.3,31.3,31.35,27930856.0
2018-01-10 13:26:11.046000,31.3,31.3,31.35,27930856.0
2018-01-10 13:26:15.145000,31.3,31.3,31.35,27930856.0
2018-01-10 13:26:18.735000,31.3,31.3,31.35,27930856.0
2018-01-10 13:26:22.938000,31.3,31.3,31.35,27930856.0
2018-01-10 13:26:27.210000,31.3,31.3,31.35,27930856.0
2018-01-10 13:26:31.115000,31.3,31.3,31.35,27930856.0
2018-01-10 13:26:34.895000,31.3,31.3,31.35,27930856.0
2018-01-10 13:26:38.619000,31.3,31.3,31.35,27930856.0
2018-01-10 13:26:42.475000,31.3,31.3,31.35,27930856.0
2018-01-10 13:26:46.161000,31.3,31.3,31.35,27930856.0
2018-01-10 13:26:50.274000,31.3,31.3,31.35,27930856.0
2018-01-10 13:26:54.295000,31.3,31.3,31.35,27930856.0
2018-01-10 13:26:58.583000,31.3,31.3,31.35,27930856.0
2018-01-10 13:27:02.524000,31.3,31.3,31.35,27930856.0
2018-01-10 13:27:05.924000,31.3,31.3,31.35,27930856.0
2018-01-10 13:27:09.833000,31.3,31.3,31.35,27930856.0
2018-01-10 13:27:13.337000,31.3,31.3,31.35,27930856.0
2018-01-10 13:27:16.675000,31.3,31.3,31.35,27930856.0
2018-01-10 13:27:20.569000,31.3,31.3,31.35,27930856.0
2018-01-10 13:27:24.300000,31.3,31.3,31.35,27930856.0
2018-01-10 13:27:28.753000,31.3,31.3,31.35,27930856.0
2018-01-10 13:27:32.682000,31.3,31.3,31.35,27930856.0
2018-01-10 13:27:36.426000,31.3,31.3,31.35,27930856.0
2018-01-10 13:27:39.795000,31.3,31.3,31.35,27930856.0
2018-01-10 13:27:43.770000,31.3,31.3,31.35,27938356.0
2018-01-10 13:27:47.992000,31.3,31.3,31.35,27938356.0
2018-01-10 13:27:52.293000,31.3,31.3,31.35,27938356.0
2018-01-10 13:27:56.198000,31.3,31.3,31.35,27938356.0
2018-01-10 13:28:00.178000,31.3,31.3,31.35,27938356.0
2018-01-10 13:28:04.207000,31.3,31.3,31.35,27938356.0
2018-01-10 13:28:08.196000,31.3,31.3,31.35,27938356.0
2018-01-10 13:28:11.989000,31.3,31.3,31.35,27938356.0
2018-01-10 13:28:15.599000,31.3,31.3,31.35,27938356.0
2018-01-10 13:28:19.596000,31.3,31.3,31.35,27938356.0
2018-01-10 13:28:23.519000,31.3,31.3,31.35,27938356.0
2018-01-10 13:28:27.118000,31.3,31.3,31.35,27938356.0
2018-01-10 13:28:30.867000,31.3,31.3,31.35,27938356.0
2018-01-10 13:28:34.363000,31.3,31.3,31.35,27938356.0
2018-01-10 13:28:38.401000,31.3,31.3,31.35,27938356.0
2018-01-10 13:28:41.971000,31.3,31.25,31.3,28494856.0
2018-01-10 13:28:45.977000,31.3,31.25,31.3,28494856.0
2018-01-10 13:28:50.078000,31.3,31.25,31.3,28494856.0
2018-01-10 13:28:54.322000,31.3,31.25,31.3,28494856.0
2018-01-10 13:28:58.514000,31.3,31.25,31.3,28494856.0
2018-01-10 13:29:02.322000,31.3,31.25,31.3,28494856.0
2018-01-10 13:29:06.586000,31.3,31.25,31.3,28494856.0
2018-01-10 13:29:13.218000,31.3,31.25,31.3,28494856.0
2018-01-10 13:29:17.760000,31.3,31.25,31.3,28494856.0
2018-01-10 13:29:21.807000,31.3,31.25,31.3,28494856.0
2018-01-10 13:29:25.055000,31.3,31.25,31.3,28494856.0
2018-01-10 13:29:28.938000,31.3,31.25,31.3,28494856.0
2018-01-10 13:29:32.355000,31.3,31.25,31.3,28494856.0
2018-01-10 13:29:36.445000,31.3,31.25,31.3,28494856.0
2018-01-10 13:29:40.105000,31.3,31.25,31.3,28494856.0
2018-01-10 13:29:44.212000,31.3,31.25,31.3,28494856.0
2018-01-10 13:29:47.928000,31.3,31.25,31.3,28494856.0
2018-01-10 13:29:51.060000,31.3,31.25,31.3,28494856.0
2018-01-10 13:29:55.195000,31.3,31.25,31.3,28494856.0
2018-01-10 13:29:58.990000,31.3,31.25,31.3,28494856.0
2018-01-10 13:30:03.482000,31.3,31.25,31.3,28494856.0
2018-01-10 13:30:07.017000,31.3,31.25,31.3,28494856.0
2018-01-10 13:30:10.446000,31.3,31.25,31.3,28494856.0
2018-01-10 13:30:14.098000,31.3,31.25,31.3,28494856.0
2018-01-10 13:30:18.282000,31.3,31.25,31.3,28494856.0
2018-01-10 13:30:22.449000,31.3,31.25,31.3,28504856.0
2018-01-10 13:30:25.493000,31.3,31.25,31.3,28504856.0
2018-01-10 13:30:29.296000,31.3,31.25,31.3,28504856.0
2018-01-10 13:30:32.888000,31.3,31.25,31.3,28504856.0
2018-01-10 13:30:36.865000,31.3,31.25,31.3,28504856.0
2018-01-10 13:30:40.463000,31.3,31.25,31.3,28504856.0
2018-01-10 13:30:43.991000,31.3,31.25,31.3,28504856.0
2018-01-10 13:30:48.209000,31.3,31.25,31.3,28504856.0
2018-01-10 13:30:51.972000,31.3,31.25,31.3,28504856.0
2018-01-10 13:30:55.432000,31.3,31.25,31.3,28504856.0
2018-01-10 13:30:59.885000,31.3,31.25,31.3,28504856.0
2018-01-10 13:31:03.711000,31.3,31.25,31.3,28504856.0
2018-01-10 13:31:08.823000,31.3,31.25,31.3,28504856.0
2018-01-10 13:31:12.519000,31.3,31.25,31.3,28504856.0
2018-01-10 13:31:18.597000,31.3,31.25,31.3,28504856.0
2018-01-10 13:31:22.643000,31.3,31.25,31.3,28504856.0
2018-01-10 13:31:26.746000,31.3,31.25,31.3,28504856.0
2018-01-10 13:31:30.895000,31.3,31.25,31.3,28504856.0
2018-01-10 13:31:34.750000,31.3,31.25,31.3,28504856.0
2018-01-10 13:31:38.857000,31.3,31.25,31.3,28504856.0
2018-01-10 13:31:42.606000,31.25,31.25,31.3,28514356.0
2018-01-10 13:31:46.233000,31.25,31.25,31.3,28514356.0
2018-01-10 13:31:50.199000,31.25,31.25,31.3,28514356.0
2018-01-10 13:31:53.385000,31.25,31.25,31.3,28514356.0
2018-01-10 13:31:57.036000,31.25,31.25,31.3,28514356.0
2018-01-10 13:32:01.421000,31.25,31.25,31.3,28514356.0
2018-01-10 13:32:05.354000,31.25,31.25,31.3,28514356.0
2018-01-10 13:32:08.955000,31.25,31.25,31.3,28514356.0
2018-01-10 13:32:12.927000,31.25,31.25,31.3,28514356.0
2018-01-10 13:32:17.448000,31.25,31.25,31.3,28514356.0
2018-01-10 13:32:21.733000,31.25,31.25,31.3,28514356.0
2018-01-10 13:32:25.820000,31.25,31.25,31.3,28514356.0
2018-01-10 13:32:29.227000,31.25,31.25,31.3,28514356.0
2018-01-10 13:32:32.686000,31.25,31.25,31.3,28514356.0
2018-01-10 13:32:36.607000,31.25,31.25,31.3,28514356.0
2018-01-10 13:32:39.995000,31.25,31.25,31.3,28514356.0
2018-01-10 13:32:43.483000,31.25,31.25,31.3,28514356.0
2018-01-10 13:32:47.380000,31.25,31.25,31.3,28514356.0
2018-01-10 13:32:50.918000,31.25,31.25,31.3,28514356.0
2018-01-10 13:32:54.910000,31.25,31.25,31.3,28514356.0
2018-01-10 13:32:59.214000,31.25,31.25,31.3,28514356.0
2018-01-10 13:33:02.885000,31.25,31.25,31.3,28514356.0
2018-01-10 13:33:06.343000,31.25,31.25,31.3,28514356.0
2018-01-10 13:33:10.175000,31.25,31.25,31.3,28514356.0
2018-01-10 13:33:14.159000,31.25,31.25,31.3,28514356.0
2018-01-10 13:33:19.127000,31.25,31.25,31.3,28514909.0
2018-01-10 13:33:22.422000,31.25,31.25,31.3,28514909.0
2018-01-10 13:33:26.168000,31.25,31.25,31.3,28514909.0
2018-01-10 13:33:29.950000,31.25,31.25,31.3,28514909.0
2018-01-10 13:33:33.794000,31.25,31.25,31.3,28514909.0
2018-01-10 13:33:37.707000,31.25,31.25,31.3,28514909.0
2018-01-10 13:33:41.294000,31.25,31.25,31.3,28514909.0
2018-01-10 13:33:45.107000,31.25,31.25,31.3,28514909.0
2018-01-10 13:33:48.735000,31.25,31.25,31.3,28514909.0
2018-01-10 13:33:52.516000,31.25,31.25,31.3,28514909.0
2018-01-10 13:33:56.516000,31.25,31.25,31.3,28514909.0
2018-01-10 13:34:01.063000,31.25,31.25,31.3,28514909.0
2018-01-10 13:34:05.052000,31.25,31.25,31.3,28514909.0
2018-01-10 13:34:12.628000,31.25,31.25,31.3,28514909.0
2018-01-10 13:34:17.231000,31.25,31.25,31.3,28514909.0
2018-01-10 13:34:20.438000,31.25,31.25,31.3,28514909.0
2018-01-10 13:34:23.800000,31.25,31.25,31.3,28514909.0
2018-01-10 13:34:27.330000,31.25,31.25,31.3,28514909.0
2018-01-10 13:34:30.780000,31.25,31.25,31.3,28514909.0
2018-01-10 13:34:34.482000,31.25,31.25,31.3,28514909.0
2018-01-10 13:34:37.747000,31.25,31.2,31.25,28592909.0
2018-01-10 13:34:41.766000,31.25,31.2,31.25,28592909.0
2018-01-10 13:34:45.298000,31.25,31.2,31.25,28592909.0
2018-01-10 13:34:48.974000,31.25,31.2,31.25,28592909.0
2018-01-10 13:34:52.885000,31.2,31.2,31.3,28848409.0
2018-01-10 13:34:56.906000,31.2,31.2,31.3,28848409.0
2018-01-10 13:35:00.588000,31.2,31.2,31.3,28848409.0
2018-01-10 13:35:09.818000,31.2,31.2,31.3,28848409.0
2018-01-10 13:35:17.097000,31.2,31.2,31.3,28848409.0
2018-01-10 13:35:21.171000,31.2,31.2,31.3,28848409.0
2018-01-10 13:35:24.425000,31.2,31.2,31.3,28848409.0
2018-01-10 13:35:28.409000,31.2,31.2,31.3,28848409.0
2018-01-10 13:35:32.176000,31.2,31.2,31.3,28848409.0
2018-01-10 13:35:35.989000,31.2,31.2,31.3,28848409.0
2018-01-10 13:35:40.041000,31.25,31.2,31.25,29048409.0
2018-01-10 13:35:43.986000,31.25,31.2,31.25,29048409.0
2018-01-10 13:35:48.223000,31.25,31.2,31.25,29048409.0
2018-01-10 13:35:52.249000,31.25,31.2,31.25,29048409.0
2018-01-10 13:35:56.172000,31.25,31.2,31.25,29048409.0
2018-01-10 13:35:59.658000,31.25,31.2,31.25,29048409.0
2018-01-10 13:36:03.858000,31.25,31.2,31.25,29048409.0
2018-01-10 13:36:10.347000,31.25,31.2,31.25,29048409.0
2018-01-10 13:36:14.207000,31.25,31.2,31.25,29048409.0
2018-01-10 13:36:17.944000,31.25,31.2,31.25,29048409.0
2018-01-10 13:36:22.084000,31.25,31.2,31.25,29048409.0
2018-01-10 13:36:26.298000,31.25,31.2,31.25,29048409.0
2018-01-10 13:36:29.819000,31.25,31.2,31.25,29048409.0
2018-01-10 13:36:33.523000,31.25,31.2,31.25,29048409.0
2018-01-10 13:36:37.540000,31.25,31.2,31.25,29048409.0
2018-01-10 13:36:41.096000,31.25,31.2,31.25,29048409.0
2018-01-10 13:36:44.291000,31.25,31.2,31.25,29048409.0
2018-01-10 13:36:48.109000,31.25,31.2,31.25,29048409.0
2018-01-10 13:36:51.583000,31.25,31.2,31.25,29048409.0
2018-01-10 13:36:55.272000,31.25,31.2,31.25,29048409.0
2018-01-10 13:36:59.533000,31.25,31.2,31.25,29048409.0
2018-01-10 13:37:02.920000,31.25,31.2,31.25,29048409.0
2018-01-10 13:37:06.822000,31.25,31.2,31.25,29048409.0
2018-01-10 13:37:10.519000,31.25,31.2,31.25,29048409.0
2018-01-10 13:37:14.363000,31.25,31.2,31.25,29048409.0
2018-01-10 13:37:18.140000,31.25,31.2,31.25,29048409.0
2018-01-10 13:37:22.130000,31.25,31.2,31.25,29048409.0
2018-01-10 13:37:25.488000,31.25,31.2,31.25,29048409.0
2018-01-10 13:37:29.250000,31.3,31.25,31.3,29614409.0
2018-01-10 13:37:33.257000,31.3,31.25,31.3,29614409.0
2018-01-10 13:37:37.460000,31.3,31.25,31.3,29614409.0
2018-01-10 13:37:41.394000,31.3,31.25,31.3,29614409.0
2018-01-10 13:37:45.166000,31.3,31.25,31.3,29614409.0
2018-01-10 13:37:48.954000,31.3,31.25,31.3,29614409.0
2018-01-10 13:37:52.334000,31.3,31.25,31.3,29614409.0
2018-01-10 13:37:55.912000,31.3,31.25,31.3,29614409.0
2018-01-10 13:38:00.801000,31.3,31.25,31.3,29614409.0
2018-01-10 13:38:05.474000,31.3,31.25,31.3,29614409.0
2018-01-10 13:38:11.734000,31.3,31.25,31.3,29614409.0
2018-01-10 13:38:17.415000,31.3,31.25,31.3,29614409.0
2018-01-10 13:38:21.458000,31.3,31.25,31.3,29614409.0
2018-01-10 13:38:25.461000,31.3,31.25,31.3,29614409.0
2018-01-10 13:38:28.793000,31.3,31.25,31.3,29614909.0
2018-01-10 13:38:32.184000,31.3,31.25,31.3,29614909.0
2018-01-10 13:38:35.926000,31.3,31.25,31.3,29614909.0
2018-01-10 13:38:39.539000,31.3,31.25,31.3,29614909.0
2018-01-10 13:38:43.252000,31.3,31.25,31.3,29614909.0
2018-01-10 13:38:46.914000,31.3,31.25,31.3,29614909.0
2018-01-10 13:38:51.412000,31.3,31.25,31.3,29614909.0
2018-01-10 13:38:55.119000,31.3,31.25,31.3,29614909.0
2018-01-10 13:38:58.620000,31.3,31.25,31.3,29614909.0
2018-01-10 13:39:02.978000,31.3,31.25,31.3,29614909.0
2018-01-10 13:39:06.632000,31.3,31.25,31.3,29614909.0
2018-01-10 13:39:10.182000,31.3,31.25,31.3,29614909.0
2018-01-10 13:39:13.603000,31.3,31.25,31.3,29614909.0
2018-01-10 13:39:17.606000,31.3,31.25,31.3,29614909.0
2018-01-10 13:39:21.584000,31.3,31.25,31.3,29614909.0
2018-01-10 13:39:25.244000,31.3,31.25,31.3,29614909.0
2018-01-10 13:39:28.841000,31.3,31.25,31.3,29614909.0
2018-01-10 13:39:32.793000,31.3,31.25,31.3,29614909.0
2018-01-10 13:39:37.072000,31.3,31.25,31.3,29614909.0
2018-01-10 13:39:41.361000,31.3,31.25,31.3,29614909.0
2018-01-10 13:39:45.559000,31.3,31.25,31.3,29614909.0
2018-01-10 13:39:49.077000,31.3,31.25,31.3,29614909.0
2018-01-10 13:39:52.087000,31.3,31.25,31.3,29614909.0
2018-01-10 13:39:55.867000,31.3,31.25,31.3,29614909.0
2018-01-10 13:39:59.753000,31.3,31.25,31.3,29614909.0
2018-01-10 13:40:03.158000,31.3,31.25,31.3,29614909.0
2018-01-10 13:40:07.120000,31.3,31.25,31.3,29614909.0
2018-01-10 13:40:13.183000,31.25,31.25,31.3,29641409.0
2018-01-10 13:40:19.808000,31.25,31.25,31.3,29641409.0
2018-01-10 13:40:24.013000,31.25,31.25,31.3,29641409.0
2018-01-10 13:40:27.751000,31.25,31.25,31.3,29641409.0
2018-01-10 13:40:31.924000,31.25,31.25,31.3,29641409.0
2018-01-10 13:40:35.678000,31.25,31.25,31.3,29641409.0
2018-01-10 13:40:39.939000,31.25,31.25,31.3,29641409.0
2018-01-10 13:40:43.448000,31.25,31.25,31.3,29641409.0
2018-01-10 13:40:47.200000,31.25,31.25,31.3,29641409.0
2018-01-10 13:40:51.274000,31.25,31.25,31.3,29641409.0
2018-01-10 13:40:54.731000,31.25,31.25,31.3,29641409.0
2018-01-10 13:40:58.654000,31.25,31.25,31.3,29641409.0
2018-01-10 13:41:03.449000,31.25,31.25,31.3,29641409.0
2018-01-10 13:41:07.287000,31.25,31.25,31.3,29644909.0
2018-01-10 13:41:10.922000,31.25,31.25,31.3,29644909.0
2018-01-10 13:41:14.848000,31.25,31.25,31.3,29644909.0
2018-01-10 13:41:18.838000,31.25,31.25,31.3,29644909.0
2018-01-10 13:41:22.534000,31.25,31.25,31.3,29644909.0
2018-01-10 13:41:26.488000,31.25,31.25,31.3,29644909.0
2018-01-10 13:41:30.673000,31.25,31.25,31.3,29644909.0
2018-01-10 13:41:34.486000,31.25,31.25,31.3,29644909.0
2018-01-10 13:41:38.444000,31.25,31.25,31.3,29644909.0
2018-01-10 13:41:42.917000,31.25,31.25,31.3,29644909.0
2018-01-10 13:41:46.871000,31.25,31.25,31.3,29644909.0
2018-01-10 13:41:50.917000,31.25,31.25,31.3,29644909.0
2018-01-10 13:41:54.987000,31.25,31.25,31.3,29644909.0
2018-01-10 13:41:59.013000,31.25,31.25,31.3,29644909.0
2018-01-10 13:42:02.957000,31.25,31.25,31.3,29644909.0
2018-01-10 13:42:07.698000,31.25,31.25,31.3,29644909.0
2018-01-10 13:42:12.282000,31.25,31.25,31.3,29644909.0
2018-01-10 13:42:16.120000,31.25,31.25,31.3,29644909.0
2018-01-10 13:42:20.271000,31.25,31.25,31.3,29644909.0
2018-01-10 13:42:23.440000,31.25,31.25,31.3,29644909.0
2018-01-10 13:42:26.683000,31.25,31.25,31.3,29644909.0
2018-01-10 13:42:30.739000,31.25,31.25,31.3,29644909.0
2018-01-10 13:42:34.572000,31.25,31.25,31.3,29644909.0
2018-01-10 13:42:38.875000,31.25,31.25,31.3,29644909.0
2018-01-10 13:42:42.124000,31.25,31.25,31.3,29644909.0
2018-01-10 13:42:46.371000,31.25,31.25,31.3,29644909.0
2018-01-10 13:42:50.346000,31.25,31.25,31.3,29644909.0
2018-01-10 13:42:54.019000,31.25,31.25,31.3,29644909.0
2018-01-10 13:42:57.767000,31.25,31.25,31.3,29644909.0
2018-01-10 13:43:01.136000,31.25,31.25,31.3,29644909.0
2018-01-10 13:43:04.913000,31.25,31.25,31.3,29644909.0
2018-01-10 13:43:09.309000,31.25,31.25,31.3,29644909.0
2018-01-10 13:43:13.297000,31.25,31.25,31.3,29644909.0
2018-01-10 13:43:18.414000,31.25,31.25,31.3,29644909.0
2018-01-10 13:43:21.546000,31.25,31.25,31.3,29644909.0
2018-01-10 13:43:25.460000,31.25,31.25,31.3,29644909.0
2018-01-10 13:43:29.275000,31.25,31.25,31.3,29644909.0
2018-01-10 13:43:33.018000,31.25,31.25,31.3,29644909.0
2018-01-10 13:43:36.895000,31.25,31.25,31.3,29644909.0
2018-01-10 13:43:40.732000,31.25,31.25,31.3,29644909.0
2018-01-10 13:43:44.515000,31.25,31.25,31.3,29644909.0
2018-01-10 13:43:48.407000,31.25,31.25,31.3,29644909.0
2018-01-10 13:43:52.387000,31.25,31.25,31.3,29644909.0
2018-01-10 13:43:56.406000,31.25,31.25,31.3,29644909.0
2018-01-10 13:43:59.829000,31.25,31.25,31.3,29644909.0
2018-01-10 13:44:03.651000,31.25,31.25,31.3,29644909.0
2018-01-10 13:44:12.050000,31.25,31.25,31.3,29644909.0
2018-01-10 13:44:16.388000,31.25,31.25,31.3,29644909.0
2018-01-10 13:44:20.151000,31.25,31.25,31.3,29644909.0
2018-01-10 13:44:24.112000,31.25,31.25,31.3,29644909.0
2018-01-10 13:44:27.474000,31.25,31.25,31.3,29644909.0
2018-01-10 13:44:31.483000,31.25,31.25,31.3,29644909.0
2018-01-10 13:44:35.510000,31.25,31.25,31.3,29644909.0
2018-01-10 13:44:39.550000,31.25,31.25,31.3,29644909.0
2018-01-10 13:44:43.442000,31.25,31.25,31.3,29644909.0
2018-01-10 13:44:47.340000,31.3,31.25,31.3,29645909.0
2018-01-10 13:44:51.156000,31.3,31.25,31.3,29645909.0
2018-01-10 13:44:55.321000,31.3,31.25,31.3,29645909.0
2018-01-10 13:44:59.351000,31.3,31.25,31.3,29645909.0
2018-01-10 13:45:03.864000,31.3,31.25,31.3,29645909.0
2018-01-10 13:45:10.917000,31.3,31.25,31.3,29645909.0
2018-01-10 13:45:14.552000,31.3,31.25,31.3,29645909.0
2018-01-10 13:45:20.226000,31.3,31.25,31.3,29645909.0
2018-01-10 13:45:23.700000,31.3,31.25,31.3,29645909.0
2018-01-10 13:45:27.522000,31.3,31.25,31.3,29645909.0
2018-01-10 13:45:31.501000,31.3,31.25,31.3,29645909.0
2018-01-10 13:45:35.670000,31.3,31.25,31.3,29645909.0
2018-01-10 13:45:39.740000,31.3,31.25,31.3,29645909.0
2018-01-10 13:45:44.440000,31.3,31.25,31.3,29645909.0
2018-01-10 13:45:49.271000,31.3,31.25,31.3,29645909.0
2018-01-10 13:45:53.037000,31.3,31.25,31.3,29645909.0
2018-01-10 13:45:57.158000,31.3,31.25,31.3,29645909.0
2018-01-10 13:46:01.298000,31.3,31.25,31.3,29645909.0
2018-01-10 13:46:08.209000,31.3,31.25,31.3,29645909.0
2018-01-10 13:46:13.127000,31.3,31.25,31.3,29645909.0
2018-01-10 13:46:18.615000,31.3,31.25,31.3,29645909.0
2018-01-10 13:46:23.405000,31.3,31.25,31.3,29645909.0
2018-01-10 13:46:28.069000,31.3,31.25,31.3,29645909.0
2018-01-10 13:46:32.996000,31.3,31.25,31.3,29645909.0
2018-01-10 13:46:37.396000,31.3,31.25,31.3,29645909.0
2018-01-10 13:46:41.504000,31.3,31.25,31.3,29645909.0
2018-01-10 13:46:46.379000,31.3,31.25,31.3,29645909.0
2018-01-10 13:46:51.238000,31.3,31.25,31.3,29645909.0
2018-01-10 13:46:55.956000,31.3,31.25,31.3,29645909.0
2018-01-10 13:47:01.142000,31.3,31.25,31.3,29645909.0
2018-01-10 13:47:07.190000,31.3,31.25,31.3,29645909.0
2018-01-10 13:47:12.318000,31.3,31.25,31.3,29653587.0
2018-01-10 13:47:16.392000,31.3,31.25,31.3,29653587.0
2018-01-10 13:47:21.093000,31.3,31.25,31.3,29653587.0
2018-01-10 13:47:25.824000,31.3,31.25,31.3,29653587.0
2018-01-10 13:47:31.284000,31.3,31.25,31.3,29653587.0
2018-01-10 13:47:35.677000,31.3,31.25,31.3,29653587.0
2018-01-10 13:47:39.772000,31.3,31.25,31.3,29653587.0
2018-01-10 13:47:44.453000,31.3,31.25,31.3,29653587.0
2018-01-10 13:47:50.700000,31.3,31.25,31.3,29653587.0
2018-01-10 13:47:55.355000,31.3,31.25,31.3,29653587.0
2018-01-10 13:48:00.304000,31.3,31.25,31.3,29653587.0
2018-01-10 13:48:08.613000,31.3,31.25,31.3,29653587.0
2018-01-10 13:48:15.782000,31.3,31.25,31.3,29653587.0
2018-01-10 13:48:20.603000,31.3,31.25,31.3,29653587.0
2018-01-10 13:48:24.655000,31.3,31.25,31.3,29653587.0
2018-01-10 13:48:29.257000,31.3,31.25,31.3,29653587.0
2018-01-10 13:48:34.258000,31.3,31.25,31.3,29653587.0
2018-01-10 13:48:39.513000,31.3,31.25,31.3,29653587.0
2018-01-10 13:48:44.227000,31.3,31.25,31.3,29653587.0
2018-01-10 13:48:48.744000,31.3,31.25,31.3,29653587.0
2018-01-10 13:48:52.857000,31.3,31.25,31.3,29653587.0
2018-01-10 13:48:58.056000,31.3,31.25,31.3,29653587.0
2018-01-10 13:49:02.982000,31.3,31.25,31.3,29653587.0
2018-01-10 13:49:07.919000,31.25,31.25,31.3,29655807.0
2018-01-10 13:49:15.397000,31.25,31.25,31.3,29655807.0
2018-01-10 13:49:19.845000,31.25,31.25,31.3,29655807.0
2018-01-10 13:49:24.009000,31.25,31.25,31.3,29655807.0
2018-01-10 13:49:28.133000,31.25,31.25,31.3,29655807.0
2018-01-10 13:49:33.042000,31.25,31.25,31.3,29655807.0
2018-01-10 13:49:37.820000,31.25,31.25,31.3,29655807.0
2018-01-10 13:49:42.928000,31.25,31.25,31.3,29655807.0
2018-01-10 13:49:47.217000,31.25,31.25,31.3,29655807.0
2018-01-10 13:49:51.788000,31.25,31.25,31.3,29655807.0
2018-01-10 13:49:56.553000,31.25,31.25,31.3,29655807.0
2018-01-10 13:50:01.556000,31.25,31.25,31.3,29655807.0
2018-01-10 13:50:06.028000,31.25,31.25,31.3,29655807.0
2018-01-10 13:50:11.127000,31.25,31.25,31.3,29655807.0
2018-01-10 13:50:16.171000,31.25,31.25,31.3,29655807.0
2018-01-10 13:50:20.842000,31.25,31.25,31.3,29655807.0
2018-01-10 13:50:25.850000,31.25,31.25,31.3,29655807.0
2018-01-10 13:50:30.293000,31.25,31.25,31.3,29655807.0
2018-01-10 13:50:34.773000,31.25,31.25,31.3,29655807.0
2018-01-10 13:50:42.695000,31.25,31.25,31.3,29655807.0
2018-01-10 13:50:47.038000,31.25,31.25,31.3,29655807.0
2018-01-10 13:50:51.869000,31.25,31.25,31.3,29655807.0
2018-01-10 13:50:57.170000,31.25,31.25,31.3,29655807.0
2018-01-10 13:51:01.376000,31.25,31.25,31.3,29655807.0
2018-01-10 13:51:06.234000,31.25,31.25,31.3,29655807.0
2018-01-10 13:51:10.393000,31.25,31.25,31.3,29655807.0
2018-01-10 13:51:14.389000,31.25,31.25,31.3,29655807.0
2018-01-10 13:51:20.392000,31.25,31.25,31.3,29662807.0
2018-01-10 13:51:25.380000,31.25,31.25,31.3,29662807.0
2018-01-10 13:51:29.971000,31.25,31.25,31.3,29662807.0
2018-01-10 13:51:34.630000,31.25,31.25,31.3,29662807.0
2018-01-10 13:51:39.142000,31.25,31.25,31.3,29662807.0
2018-01-10 13:51:43.685000,31.25,31.25,31.3,29662807.0
2018-01-10 13:51:47.779000,31.25,31.25,31.3,29662807.0
2018-01-10 13:51:52.547000,31.25,31.25,31.3,29662807.0
2018-01-10 13:51:57.343000,31.25,31.25,31.3,29662807.0
2018-01-10 13:52:01.364000,31.25,31.25,31.3,29662807.0
2018-01-10 13:52:05.905000,31.25,31.25,31.3,29662807.0
2018-01-10 13:52:13.570000,31.25,31.25,31.3,29662807.0
2018-01-10 13:52:19.143000,31.25,31.25,31.3,29662807.0
2018-01-10 13:52:23.815000,31.25,31.25,31.3,29662807.0
2018-01-10 13:52:28.272000,31.25,31.25,31.3,29662807.0
2018-01-10 13:52:32.024000,31.25,31.25,31.3,29662807.0
2018-01-10 13:52:36.631000,31.25,31.25,31.3,29662807.0
2018-01-10 13:52:41.303000,31.25,31.25,31.3,29662807.0
2018-01-10 13:52:45.872000,31.25,31.25,31.3,29662807.0
2018-01-10 13:52:50.299000,31.25,31.25,31.3,29662807.0
2018-01-10 13:52:55.340000,31.25,31.25,31.3,29662807.0
2018-01-10 13:52:59.960000,31.25,31.25,31.3,29662807.0
2018-01-10 13:53:04.803000,31.25,31.25,31.3,29662807.0
2018-01-10 13:53:09.564000,31.25,31.25,31.3,29662807.0
2018-01-10 13:53:18.379000,31.25,31.25,31.3,29662807.0
2018-01-10 13:53:22.938000,31.25,31.25,31.3,29662807.0
2018-01-10 13:53:27.642000,31.25,31.25,31.3,29662807.0
2018-01-10 13:53:32.049000,31.25,31.25,31.3,29662807.0
2018-01-10 13:53:36.316000,31.25,31.25,31.3,29665307.0
2018-01-10 13:53:40.863000,31.25,31.25,31.3,29665307.0
2018-01-10 13:53:43.889000,31.25,31.25,31.3,29665307.0
2018-01-10 13:53:47.961000,31.25,31.25,31.3,29665307.0
2018-01-10 13:53:52.724000,31.25,31.25,31.3,29665307.0
2018-01-10 13:53:56.632000,31.25,31.25,31.3,29665307.0
2018-01-10 13:54:00.303000,31.25,31.25,31.3,29665307.0
2018-01-10 13:54:03.998000,31.25,31.25,31.3,29665307.0
2018-01-10 13:54:12.314000,31.25,31.25,31.3,29665307.0
2018-01-10 13:54:16.571000,31.25,31.25,31.3,29665307.0
2018-01-10 13:54:20.448000,31.25,31.25,31.3,29665307.0
2018-01-10 13:54:24.756000,31.25,31.25,31.3,29665307.0
2018-01-10 13:54:29.873000,31.25,31.25,31.3,29665307.0
2018-01-10 13:54:33.853000,31.25,31.25,31.3,29665307.0
2018-01-10 13:54:38.634000,31.25,31.25,31.3,29665307.0
2018-01-10 13:54:42.461000,31.25,31.25,31.3,29665307.0
2018-01-10 13:54:47.055000,31.25,31.25,31.3,29665307.0
2018-01-10 13:54:51.500000,31.25,31.25,31.3,29665307.0
2018-01-10 13:54:56.343000,31.25,31.25,31.3,29665307.0
2018-01-10 13:55:00.703000,31.25,31.25,31.3,29665307.0
2018-01-10 13:55:05.246000,31.25,31.25,31.3,29665307.0
2018-01-10 13:55:09.951000,31.25,31.25,31.3,29665307.0
2018-01-10 13:55:14.203000,31.25,31.25,31.3,29665307.0
2018-01-10 13:55:18.336000,31.25,31.25,31.3,29665307.0
2018-01-10 13:55:23.503000,31.25,31.25,31.3,29665307.0
2018-01-10 13:55:28.195000,31.3,31.25,31.3,29678307.0
2018-01-10 13:55:33.059000,31.3,31.25,31.3,29678307.0
2018-01-10 13:55:37.312000,31.3,31.25,31.3,29678307.0
2018-01-10 13:55:42.424000,31.3,31.25,31.3,29678307.0
2018-01-10 13:55:46.494000,31.3,31.25,31.3,29678307.0
2018-01-10 13:55:51.466000,31.3,31.25,31.3,29678307.0
2018-01-10 13:55:55.594000,31.3,31.25,31.3,29678307.0
2018-01-10 13:56:00.512000,31.3,31.25,31.3,29678307.0
2018-01-10 13:56:04.701000,31.3,31.25,31.3,29678307.0
2018-01-10 13:56:09.525000,31.3,31.25,31.3,29678307.0
2018-01-10 13:56:14.459000,31.3,31.25,31.3,29678307.0
2018-01-10 13:56:20.115000,31.3,31.25,31.3,29678307.0
2018-01-10 13:56:24.786000,31.3,31.25,31.3,29678307.0
2018-01-10 13:56:29.698000,31.3,31.25,31.3,29678307.0
2018-01-10 13:56:34.815000,31.3,31.25,31.3,29685307.0
2018-01-10 13:56:40.437000,31.3,31.25,31.3,29685307.0
2018-01-10 13:56:44.519000,31.3,31.25,31.3,29685307.0
2018-01-10 13:56:48.305000,31.3,31.25,31.3,29685307.0
2018-01-10 13:56:53.365000,31.3,31.25,31.3,29685307.0
2018-01-10 13:56:57.762000,31.3,31.25,31.3,29685307.0
2018-01-10 13:57:02.752000,31.3,31.25,31.3,29685307.0
2018-01-10 13:57:12.119000,31.3,31.25,31.3,29685307.0
2018-01-10 13:57:17.171000,31.3,31.25,31.3,29685307.0
2018-01-10 13:57:22.170000,31.3,31.25,31.3,29685307.0
2018-01-10 13:57:26.817000,31.3,31.25,31.3,29685307.0
2018-01-10 13:57:31.046000,31.3,31.25,31.3,29685307.0
2018-01-10 13:57:34.459000,31.3,31.25,31.3,29685307.0
2018-01-10 13:57:39.298000,31.3,31.25,31.3,29685307.0
2018-01-10 13:57:43.460000,31.3,31.25,31.3,29685307.0
2018-01-10 13:57:47.911000,31.3,31.25,31.3,29685307.0
2018-01-10 13:57:53.340000,31.3,31.25,31.3,29685307.0
2018-01-10 13:57:57.973000,31.3,31.25,31.3,29685307.0
2018-01-10 13:58:01.985000,31.3,31.25,31.3,29685307.0
2018-01-10 13:58:06.536000,31.3,31.25,31.3,29685307.0
2018-01-10 13:58:12.613000,31.3,31.25,31.3,29685307.0
2018-01-10 13:58:16.510000,31.25,31.25,31.3,29686807.0
2018-01-10 13:58:21.666000,31.25,31.25,31.3,29686807.0
2018-01-10 13:58:26.972000,31.25,31.25,31.3,29686807.0
2018-01-10 13:58:31.150000,31.25,31.25,31.3,29908807.0
2018-01-10 13:58:35.970000,31.25,31.25,31.3,29908807.0
2018-01-10 13:58:41.175000,31.25,31.25,31.3,29908807.0
2018-01-10 13:58:45.368000,31.25,31.25,31.3,29908807.0
2018-01-10 13:58:50.214000,31.25,31.25,31.3,29908807.0
2018-01-10 13:58:54.858000,31.25,31.25,31.3,29908807.0
2018-01-10 13:58:59.336000,31.25,31.25,31.3,29908807.0
2018-01-10 13:59:04.931000,31.25,31.25,31.3,29908807.0
2018-01-10 13:59:12.094000,31.25,31.25,31.3,29908807.0
2018-01-10 13:59:19.820000,31.25,31.25,31.3,29909198.0
2018-01-10 13:59:24.970000,31.25,31.25,31.3,29909198.0
2018-01-10 13:59:30.540000,31.25,31.25,31.3,29909198.0
2018-01-10 13:59:34.182000,31.25,31.25,31.3,29909198.0
2018-01-10 13:59:39.367000,31.25,31.25,31.3,29909198.0
2018-01-10 13:59:44.056000,31.25,31.25,31.3,29909198.0
2018-01-10 13:59:49.161000,31.25,31.25,31.3,29909198.0
2018-01-10 13:59:54.813000,31.25,31.25,31.3,29909198.0
2018-01-10 14:00:00.261000,31.25,31.25,31.3,29909198.0
2018-01-10 14:00:04.931000,31.25,31.25,31.3,29909198.0
2018-01-10 14:00:08.932000,31.25,31.25,31.3,29909198.0
2018-01-10 14:00:15.642000,31.25,31.25,31.3,29909198.0
2018-01-10 14:00:20.439000,31.25,31.25,31.3,29909198.0
2018-01-10 14:00:25.088000,31.25,31.25,31.3,29909198.0
2018-01-10 14:00:29.923000,31.25,31.25,31.3,29909198.0
2018-01-10 14:00:34.259000,31.25,31.25,31.3,29909198.0
2018-01-10 14:00:39.039000,31.25,31.25,31.3,29929698.0
2018-01-10 14:00:44.294000,31.25,31.25,31.3,29929698.0
2018-01-10 14:00:48.877000,31.25,31.25,31.3,29929698.0
2018-01-10 14:00:53.219000,31.25,31.25,31.3,29929698.0
2018-01-10 14:00:57.069000,31.25,31.25,31.3,29929698.0
2018-01-10 14:01:01.928000,31.25,31.25,31.3,29929698.0
2018-01-10 14:01:06.852000,31.25,31.25,31.3,29929698.0
2018-01-10 14:01:12.698000,31.25,31.25,31.3,29929698.0
2018-01-10 14:01:17.545000,31.3,31.25,31.3,30031698.0
2018-01-10 14:01:21.849000,31.3,31.25,31.3,30031698.0
2018-01-10 14:01:26.757000,31.3,31.25,31.3,30031698.0
2018-01-10 14:01:31.951000,31.3,31.25,31.3,30031698.0
2018-01-10 14:01:36.833000,31.3,31.25,31.3,30031698.0
2018-01-10 14:01:41.065000,31.3,31.25,31.3,30031698.0
2018-01-10 14:01:45.482000,31.3,31.25,31.3,30031698.0
2018-01-10 14:01:49.327000,31.3,31.25,31.3,30031698.0
2018-01-10 14:01:53.624000,31.3,31.25,31.3,30031698.0
2018-01-10 14:01:57.837000,31.3,31.25,31.3,30031698.0
2018-01-10 14:02:02.947000,31.3,31.25,31.3,30031698.0
2018-01-10 14:02:07.353000,31.3,31.25,31.3,30031698.0
2018-01-10 14:02:12.209000,31.3,31.25,31.3,30031698.0
2018-01-10 14:02:16.731000,31.3,31.25,31.3,30031698.0
2018-01-10 14:02:21.721000,31.3,31.25,31.3,30031698.0
2018-01-10 14:02:27.073000,31.3,31.25,31.3,30031698.0
2018-01-10 14:02:31.801000,31.3,31.25,31.3,30031698.0
2018-01-10 14:02:36.673000,31.3,31.3,31.35,30035750.0
2018-01-10 14:02:40.899000,31.3,31.3,31.35,30035750.0
2018-01-10 14:02:45.375000,31.3,31.3,31.35,30035750.0
2018-01-10 14:02:50.662000,31.3,31.3,31.35,30035750.0
2018-01-10 14:02:55.688000,31.3,31.3,31.35,30035750.0
2018-01-10 14:03:00.766000,31.3,31.3,31.35,30035750.0
2018-01-10 14:03:05.668000,31.3,31.3,31.35,30035750.0
2018-01-10 14:03:10.184000,31.3,31.3,31.35,30035750.0
2018-01-10 14:03:15.035000,31.3,31.3,31.35,30035750.0
2018-01-10 14:03:20.282000,31.3,31.3,31.35,30035750.0
2018-01-10 14:03:25.014000,31.3,31.3,31.35,30035750.0
2018-01-10 14:03:29.720000,31.3,31.3,31.35,30035750.0
2018-01-10 14:03:34.408000,31.3,31.3,31.35,30035750.0
2018-01-10 14:03:39.108000,31.3,31.3,31.35,30035750.0
2018-01-10 14:03:43.971000,31.3,31.3,31.35,30035750.0
2018-01-10 14:03:48.632000,31.3,31.3,31.35,30035750.0
2018-01-10 14:03:53.345000,31.3,31.3,31.35,30035750.0
2018-01-10 14:03:57.969000,31.3,31.3,31.35,30035750.0
2018-01-10 14:04:03.140000,31.3,31.3,31.35,30035750.0
2018-01-10 14:04:07.224000,31.3,31.3,31.35,30035750.0
2018-01-10 14:04:15.481000,31.3,31.3,31.35,30035750.0
2018-01-10 14:04:21.063000,31.3,31.3,31.35,30035750.0
2018-01-10 14:04:25.684000,31.3,31.3,31.35,30035750.0
2018-01-10 14:04:29.250000,31.35,31.25,31.35,30288250.0
2018-01-10 14:04:33.967000,31.35,31.25,31.35,30288250.0
2018-01-10 14:04:38.658000,31.35,31.25,31.35,30288250.0
2018-01-10 14:04:42.938000,31.35,31.25,31.35,30288250.0
2018-01-10 14:04:48.049000,31.35,31.25,31.35,30288250.0
2018-01-10 14:04:53.066000,31.35,31.25,31.35,30288250.0
2018-01-10 14:04:57.616000,31.35,31.25,31.35,30288250.0
2018-01-10 14:05:01.252000,31.35,31.25,31.35,30288250.0
2018-01-10 14:05:06.584000,31.35,31.25,31.35,30288250.0
2018-01-10 14:05:15.190000,31.35,31.25,31.35,30288250.0
2018-01-10 14:05:20.318000,31.35,31.25,31.35,30288250.0
2018-01-10 14:05:25.486000,31.35,31.25,31.35,30288250.0
2018-01-10 14:05:30.541000,31.35,31.25,31.35,30288250.0
2018-01-10 14:05:35.040000,31.35,31.25,31.35,30288250.0
2018-01-10 14:05:39.658000,31.35,31.25,31.35,30288250.0
2018-01-10 14:05:43.978000,31.35,31.25,31.35,30288250.0
2018-01-10 14:05:49.331000,31.35,31.25,31.35,30288250.0
2018-01-10 14:05:54.299000,31.35,31.25,31.35,30288250.0
2018-01-10 14:05:59.236000,31.35,31.25,31.35,30288250.0
2018-01-10 14:06:03.535000,31.35,31.25,31.35,30288250.0
2018-01-10 14:06:10.831000,31.35,31.25,31.35,30288250.0
2018-01-10 14:06:16.389000,31.35,31.25,31.35,30288250.0
2018-01-10 14:06:20.333000,31.35,31.25,31.35,30288250.0
2018-01-10 14:06:25.130000,31.35,31.25,31.35,30288250.0
2018-01-10 14:06:29.495000,31.35,31.25,31.35,30288250.0
2018-01-10 14:06:34.322000,31.35,31.25,31.35,30288250.0
2018-01-10 14:06:38.659000,31.35,31.25,31.35,30288250.0
2018-01-10 14:06:43.723000,31.35,31.25,31.35,30288250.0
2018-01-10 14:06:49.100000,31.3,31.3,31.35,30288750.0
2018-01-10 14:06:53.485000,31.3,31.3,31.35,30288750.0
2018-01-10 14:06:58.479000,31.3,31.3,31.35,30288750.0
2018-01-10 14:07:03.628000,31.3,31.3,31.35,30288750.0
2018-01-10 14:07:09.050000,31.3,31.3,31.35,30288750.0
2018-01-10 14:07:13.581000,31.3,31.3,31.35,30288750.0
2018-01-10 14:07:18.517000,31.3,31.3,31.35,30288750.0
2018-01-10 14:07:23.423000,31.3,31.3,31.35,30288750.0
2018-01-10 14:07:27.429000,31.3,31.3,31.35,30288750.0
2018-01-10 14:07:32.613000,31.3,31.3,31.35,30288750.0
2018-01-10 14:07:37.424000,31.3,31.3,31.35,30288750.0
2018-01-10 14:07:41.883000,31.3,31.3,31.35,30288750.0
2018-01-10 14:07:46.428000,31.3,31.3,31.35,30288750.0
2018-01-10 14:07:51.475000,31.3,31.3,31.35,30288750.0
2018-01-10 14:07:56.709000,31.3,31.3,31.35,30288750.0
2018-01-10 14:08:01.767000,31.3,31.3,31.35,30288750.0
2018-01-10 14:08:06.592000,31.3,31.3,31.35,30288750.0
2018-01-10 14:08:11.662000,31.3,31.3,31.35,30288750.0
2018-01-10 14:08:16.466000,31.3,31.3,31.35,30288750.0
2018-01-10 14:08:21.336000,31.3,31.3,31.35,30288750.0
2018-01-10 14:08:26.069000,31.3,31.3,31.35,30288750.0
2018-01-10 14:08:30.851000,31.3,31.3,31.35,30288750.0
2018-01-10 14:08:35.868000,31.3,31.3,31.35,30288750.0
2018-01-10 14:08:40.304000,31.3,31.3,31.35,30288750.0
2018-01-10 14:08:44.505000,31.3,31.3,31.35,30288750.0
2018-01-10 14:08:48.894000,31.3,31.3,31.35,30288750.0
2018-01-10 14:08:53.755000,31.3,31.3,31.35,30288750.0
2018-01-10 14:08:58.193000,31.3,31.3,31.35,30288750.0
2018-01-10 14:09:03.114000,31.3,31.3,31.35,30288750.0
2018-01-10 14:09:11.645000,31.3,31.3,31.35,30288750.0
2018-01-10 14:09:16.523000,31.3,31.3,31.35,30290750.0
2018-01-10 14:09:22.107000,31.3,31.3,31.35,30290750.0
2018-01-10 14:09:27.091000,31.3,31.3,31.35,30290750.0
2018-01-10 14:09:32.038000,31.3,31.3,31.35,30290750.0
2018-01-10 14:09:37.008000,31.3,31.3,31.35,30290750.0
2018-01-10 14:09:42.104000,31.3,31.3,31.35,30290750.0
2018-01-10 14:09:47.101000,31.3,31.3,31.35,30290750.0
2018-01-10 14:09:51.447000,31.3,31.3,31.35,30290750.0
2018-01-10 14:09:56.523000,31.3,31.3,31.35,30290750.0
2018-01-10 14:10:00.804000,31.3,31.3,31.35,30290750.0
2018-01-10 14:10:08.306000,31.3,31.3,31.35,30290750.0
2018-01-10 14:10:15.728000,31.3,31.25,31.35,30344750.0
2018-01-10 14:10:20.760000,31.3,31.25,31.35,30344750.0
2018-01-10 14:10:25.687000,31.3,31.25,31.35,30344750.0
2018-01-10 14:10:30.736000,31.3,31.25,31.35,30344750.0
2018-01-10 14:10:35.830000,31.3,31.25,31.35,30344750.0
2018-01-10 14:10:40.573000,31.3,31.25,31.35,30344750.0
2018-01-10 14:10:45.368000,31.3,31.25,31.35,30344750.0
2018-01-10 14:10:50.576000,31.3,31.25,31.35,30344750.0
2018-01-10 14:10:55.095000,31.3,31.25,31.35,30344750.0
2018-01-10 14:10:59.896000,31.3,31.25,31.35,30344750.0
2018-01-10 14:11:04.662000,31.3,31.25,31.35,30344750.0
2018-01-10 14:11:11.866000,31.3,31.25,31.35,30344750.0
2018-01-10 14:11:17.787000,31.3,31.25,31.35,30344750.0
2018-01-10 14:11:21.928000,31.3,31.25,31.35,30344750.0
2018-01-10 14:11:26.711000,31.3,31.25,31.35,30344750.0
2018-01-10 14:11:31.917000,31.3,31.25,31.35,30344750.0
2018-01-10 14:11:37.009000,31.3,31.25,31.35,30344750.0
2018-01-10 14:11:42.145000,31.3,31.25,31.35,30344750.0
2018-01-10 14:11:46.703000,31.3,31.25,31.35,30344750.0
2018-01-10 14:11:50.712000,31.3,31.25,31.35,30344750.0
2018-01-10 14:11:55.335000,31.3,31.25,31.35,30344750.0
2018-01-10 14:12:00.230000,31.3,31.25,31.35,30344750.0
2018-01-10 14:12:08.503000,31.3,31.25,31.35,30344750.0
2018-01-10 14:12:14.336000,31.3,31.25,31.35,30344750.0
2018-01-10 14:12:20.716000,31.3,31.25,31.35,30344750.0
2018-01-10 14:12:26.154000,31.3,31.25,31.35,30344750.0
2018-01-10 14:12:30.347000,31.3,31.25,31.35,30344750.0
2018-01-10 14:12:34.810000,31.3,31.25,31.35,30344750.0
2018-01-10 14:12:39.870000,31.3,31.25,31.35,30344750.0
2018-01-10 14:12:43.852000,31.3,31.25,31.35,30344750.0
2018-01-10 14:12:47.597000,31.3,31.25,31.35,30344750.0
2018-01-10 14:12:51.832000,31.3,31.25,31.35,30344750.0
2018-01-10 14:12:56.869000,31.3,31.25,31.35,30344750.0
2018-01-10 14:13:01.437000,31.3,31.25,31.35,30344750.0
2018-01-10 14:13:09.264000,31.3,31.25,31.35,30344750.0
2018-01-10 14:13:15.700000,31.3,31.25,31.35,30344750.0
2018-01-10 14:13:19.658000,31.3,31.25,31.35,30344750.0
2018-01-10 14:13:24.428000,31.3,31.25,31.35,30344750.0
2018-01-10 14:13:29.576000,31.3,31.25,31.35,30344750.0
2018-01-10 14:13:34.207000,31.3,31.25,31.35,30344750.0
2018-01-10 14:13:39.403000,31.3,31.25,31.35,30344750.0
2018-01-10 14:13:44.559000,31.3,31.25,31.35,30344750.0
2018-01-10 14:13:49.074000,31.3,31.25,31.35,30344750.0
2018-01-10 14:13:54.422000,31.3,31.25,31.35,30344750.0
2018-01-10 14:13:58.854000,31.3,31.25,31.35,30344750.0
2018-01-10 14:14:03.712000,31.3,31.25,31.35,30344750.0
2018-01-10 14:14:08.702000,31.3,31.25,31.35,30344750.0
2018-01-10 14:14:14.155000,31.3,31.25,31.35,30344750.0
2018-01-10 14:14:20.985000,31.3,31.25,31.35,30344750.0
2018-01-10 14:14:25.251000,31.3,31.25,31.35,30344750.0
2018-01-10 14:14:29.894000,31.3,31.25,31.35,30344750.0
2018-01-10 14:14:34.735000,31.3,31.25,31.35,30344750.0
2018-01-10 14:14:38.483000,31.35,31.3,31.35,30374750.0
2018-01-10 14:14:43.284000,31.35,31.3,31.35,30374750.0
2018-01-10 14:14:48.295000,31.35,31.3,31.35,30374750.0
2018-01-10 14:14:52.953000,31.35,31.3,31.35,30374750.0
2018-01-10 14:14:56.956000,31.35,31.3,31.35,30374750.0
2018-01-10 14:15:01.098000,31.35,31.3,31.35,30374750.0
2018-01-10 14:15:05.845000,31.35,31.3,31.35,30374750.0
2018-01-10 14:15:14.295000,31.35,31.3,31.35,30374750.0
2018-01-10 14:15:18.996000,31.35,31.3,31.35,30374750.0
2018-01-10 14:15:23.212000,31.35,31.3,31.35,30374750.0
2018-01-10 14:15:28.182000,31.35,31.3,31.35,30374750.0
2018-01-10 14:15:32.629000,31.35,31.3,31.35,30374750.0
2018-01-10 14:15:37.083000,31.35,31.3,31.35,30374750.0
2018-01-10 14:15:42.199000,31.35,31.3,31.35,30374750.0
2018-01-10 14:15:46.221000,31.35,31.3,31.35,30374750.0
2018-01-10 14:15:50.960000,31.35,31.3,31.35,30374750.0
2018-01-10 14:15:55.313000,31.35,31.3,31.35,30374750.0
2018-01-10 14:16:00.380000,31.35,31.3,31.35,30374750.0
2018-01-10 14:16:06.135000,31.35,31.3,31.35,30374750.0
2018-01-10 14:16:10.691000,31.35,31.3,31.35,30374750.0
2018-01-10 14:16:18.292000,31.35,31.3,31.35,30374750.0
2018-01-10 14:16:23.269000,31.35,31.3,31.35,30374750.0
2018-01-10 14:16:28.130000,31.35,31.3,31.35,30374750.0
2018-01-10 14:16:33.291000,31.35,31.3,31.35,30374750.0
2018-01-10 14:16:37.899000,31.35,31.3,31.35,30374750.0
2018-01-10 14:16:42.864000,31.35,31.3,31.35,30374750.0
2018-01-10 14:16:46.802000,31.35,31.3,31.35,30374750.0
2018-01-10 14:16:51.628000,31.35,31.3,31.35,30374750.0
2018-01-10 14:16:56.413000,31.35,31.3,31.35,30374750.0
2018-01-10 14:17:00.705000,31.35,31.3,31.35,30374750.0
2018-01-10 14:17:05.501000,31.35,31.3,31.35,30374750.0
2018-01-10 14:17:13.181000,31.35,31.3,31.35,30374750.0
2018-01-10 14:17:19.032000,31.35,31.3,31.35,30374750.0
2018-01-10 14:17:23.655000,31.35,31.3,31.35,30374750.0
2018-01-10 14:17:28.289000,31.35,31.3,31.35,30374750.0
2018-01-10 14:17:32.883000,31.35,31.3,31.35,30374750.0
2018-01-10 14:17:36.579000,31.35,31.3,31.35,30374750.0
2018-01-10 14:17:41.992000,31.35,31.3,31.35,30374750.0
2018-01-10 14:17:46.206000,31.3,31.3,31.35,30375750.0
2018-01-10 14:17:50.143000,31.3,31.3,31.35,30375750.0
2018-01-10 14:17:54.376000,31.3,31.3,31.35,30375750.0
2018-01-10 14:17:59.236000,31.3,31.3,31.35,30375750.0
2018-01-10 14:18:04.013000,31.3,31.3,31.35,30375750.0
2018-01-10 14:18:09.816000,31.3,31.3,31.35,30375750.0
2018-01-10 14:18:14.535000,31.3,31.3,31.35,30375750.0
2018-01-10 14:18:19.424000,31.3,31.3,31.35,30375750.0
2018-01-10 14:18:24.045000,31.3,31.3,31.35,30375750.0
2018-01-10 14:18:27.460000,31.3,31.3,31.35,30375750.0
2018-01-10 14:18:32.508000,31.3,31.3,31.35,30375750.0
2018-01-10 14:18:36.895000,31.3,31.3,31.35,30375750.0
2018-01-10 14:18:41.067000,31.3,31.3,31.35,30375750.0
2018-01-10 14:18:46.153000,31.3,31.3,31.35,30375750.0
2018-01-10 14:18:50.628000,31.3,31.3,31.35,30375750.0
2018-01-10 14:18:55.086000,31.3,31.3,31.35,30375750.0
2018-01-10 14:18:59.864000,31.3,31.3,31.35,30375750.0
2018-01-10 14:19:04.803000,31.3,31.3,31.35,30375750.0
2018-01-10 14:19:10.773000,31.3,31.3,31.35,30375750.0
2018-01-10 14:19:17.715000,31.3,31.3,31.35,30375750.0
2018-01-10 14:19:22.053000,31.3,31.3,31.35,30375750.0
2018-01-10 14:19:26.894000,31.3,31.3,31.35,30375750.0
2018-01-10 14:19:31.207000,31.3,31.3,31.35,30375750.0
2018-01-10 14:19:36.181000,31.3,31.3,31.35,30375750.0
2018-01-10 14:19:41.319000,31.3,31.3,31.35,30380750.0
2018-01-10 14:19:45.427000,31.3,31.3,31.35,30380750.0
2018-01-10 14:19:50.838000,31.3,31.3,31.35,30380750.0
2018-01-10 14:19:55.128000,31.3,31.3,31.35,30380750.0
2018-01-10 14:20:00.286000,31.3,31.3,31.35,30380750.0
2018-01-10 14:20:06.437000,31.3,31.3,31.35,30380750.0
2018-01-10 14:20:13.971000,31.3,31.3,31.35,30380750.0
2018-01-10 14:20:22.713000,31.3,31.3,31.35,30380750.0
2018-01-10 14:20:27.733000,31.3,31.3,31.35,30391250.0
2018-01-10 14:20:32.174000,31.3,31.3,31.35,30391250.0
2018-01-10 14:20:37.305000,31.3,31.3,31.35,30391250.0
2018-01-10 14:20:41.837000,31.3,31.3,31.35,30391250.0
2018-01-10 14:20:46.334000,31.3,31.3,31.35,30391250.0
2018-01-10 14:20:51.494000,31.3,31.3,31.35,30391250.0
2018-01-10 14:20:56.151000,31.3,31.3,31.35,30391250.0
2018-01-10 14:21:01.054000,31.3,31.3,31.35,30391250.0
2018-01-10 14:21:06.165000,31.3,31.3,31.35,30391250.0
2018-01-10 14:21:11.103000,31.3,31.3,31.35,30391250.0
2018-01-10 14:21:16.260000,31.3,31.3,31.35,30391250.0
2018-01-10 14:21:21.217000,31.3,31.3,31.35,30391250.0
2018-01-10 14:21:25.613000,31.3,31.3,31.35,30391250.0
2018-01-10 14:21:29.790000,31.3,31.3,31.35,30391250.0
2018-01-10 14:21:34.866000,31.3,31.3,31.35,30394250.0
2018-01-10 14:21:39.727000,31.3,31.3,31.35,30394250.0
2018-01-10 14:21:44.101000,31.3,31.3,31.35,30394250.0
2018-01-10 14:21:48.732000,31.3,31.3,31.35,30394250.0
2018-01-10 14:21:53.259000,31.3,31.3,31.35,30394250.0
2018-01-10 14:21:58.412000,31.3,31.3,31.35,30394250.0
2018-01-10 14:22:03.402000,31.3,31.3,31.35,30394250.0
2018-01-10 14:22:12.291000,31.3,31.3,31.35,30394250.0
2018-01-10 14:22:17.302000,31.3,31.3,31.35,30394250.0
2018-01-10 14:22:22.590000,31.3,31.3,31.35,30394250.0
2018-01-10 14:22:26.694000,31.3,31.3,31.35,30394250.0
2018-01-10 14:22:31.485000,31.3,31.3,31.35,30394250.0
2018-01-10 14:22:36.433000,31.3,31.3,31.35,30396750.0
2018-01-10 14:22:40.590000,31.3,31.3,31.35,30396750.0
2018-01-10 14:22:45.644000,31.3,31.3,31.35,30396750.0
2018-01-10 14:22:50.541000,31.3,31.3,31.35,30396750.0
2018-01-10 14:22:55.724000,31.3,31.3,31.35,30396750.0
2018-01-10 14:23:01.011000,31.3,31.3,31.35,30396750.0
2018-01-10 14:23:08.489000,31.3,31.3,31.35,30396750.0
2018-01-10 14:23:13.452000,31.3,31.3,31.35,30396750.0
2018-01-10 14:23:17.513000,31.3,31.3,31.35,30396750.0
2018-01-10 14:23:23.029000,31.3,31.3,31.35,30396750.0
2018-01-10 14:23:27.624000,31.3,31.3,31.35,30396750.0
2018-01-10 14:23:32.483000,31.3,31.3,31.35,30396750.0
2018-01-10 14:23:36.994000,31.3,31.3,31.35,30396750.0
2018-01-10 14:23:42.376000,31.3,31.3,31.35,30396750.0
2018-01-10 14:23:46.515000,31.3,31.3,31.35,30396750.0
2018-01-10 14:23:50.838000,31.3,31.3,31.35,30396750.0
2018-01-10 14:23:55.295000,31.3,31.3,31.35,30396750.0
2018-01-10 14:24:00.376000,31.3,31.3,31.35,30396750.0
2018-01-10 14:24:06.167000,31.3,31.3,31.35,30396750.0
2018-01-10 14:24:09.659000,31.3,31.3,31.35,30396750.0
2018-01-10 14:24:14.400000,31.3,31.3,31.35,30396750.0
2018-01-10 14:24:19.903000,31.3,31.3,31.35,30396750.0
2018-01-10 14:24:24.684000,31.3,31.3,31.35,30396750.0
2018-01-10 14:24:30.421000,31.3,31.3,31.35,30396750.0
2018-01-10 14:24:35.080000,31.3,31.3,31.35,30396750.0
2018-01-10 14:24:39.514000,31.3,31.3,31.35,30396750.0
2018-01-10 14:24:44.458000,31.3,31.3,31.35,30396750.0
2018-01-10 14:24:48.952000,31.3,31.3,31.35,30396750.0
2018-01-10 14:24:53.856000,31.3,31.3,31.35,30396750.0
2018-01-10 14:24:58.918000,31.3,31.3,31.35,30396750.0
2018-01-10 14:25:03.945000,31.3,31.3,31.35,30396750.0
2018-01-10 14:25:12.053000,31.3,31.3,31.35,30396750.0
2018-01-10 14:25:17.148000,31.3,31.3,31.35,30396750.0
2018-01-10 14:25:21.299000,31.3,31.3,31.35,30396750.0
2018-01-10 14:25:26.391000,31.3,31.3,31.35,30396750.0
2018-01-10 14:25:29.670000,31.3,31.3,31.35,30396750.0
2018-01-10 14:25:33.176000,31.3,31.3,31.35,30396750.0
2018-01-10 14:25:38.012000,31.3,31.3,31.35,30396750.0
2018-01-10 14:25:42.766000,31.3,31.3,31.35,30396750.0
2018-01-10 14:25:47.594000,31.3,31.3,31.35,30403750.0
2018-01-10 14:25:52.241000,31.3,31.3,31.35,30403750.0
2018-01-10 14:25:57.878000,31.3,31.3,31.35,30403750.0
2018-01-10 14:26:02.956000,31.3,31.3,31.35,30403750.0
2018-01-10 14:26:08.383000,31.3,31.3,31.35,30403750.0
2018-01-10 14:26:12.455000,31.3,31.3,31.35,30403750.0
2018-01-10 14:26:17.142000,31.3,31.3,31.35,30403750.0
2018-01-10 14:26:21.754000,31.3,31.3,31.35,30403750.0
2018-01-10 14:26:26.702000,31.3,31.3,31.35,30403750.0
2018-01-10 14:26:31.519000,31.3,31.3,31.35,30403750.0
2018-01-10 14:26:35.405000,31.3,31.3,31.35,30403750.0
2018-01-10 14:26:40.267000,31.3,31.3,31.35,30403750.0
2018-01-10 14:26:43.649000,31.3,31.3,31.35,30403750.0
2018-01-10 14:26:48.628000,31.3,31.3,31.35,30403750.0
2018-01-10 14:26:54.019000,31.3,31.3,31.35,30403750.0
2018-01-10 14:26:59.142000,31.3,31.3,31.35,30403750.0
2018-01-10 14:27:03.617000,31.3,31.3,31.35,30403750.0
2018-01-10 14:27:11.076000,31.3,31.3,31.35,30410250.0
2018-01-10 14:27:15.939000,31.3,31.3,31.35,30410250.0
2018-01-10 14:27:20.935000,31.3,31.3,31.35,30410250.0
2018-01-10 14:27:24.524000,31.3,31.3,31.35,30410250.0
2018-01-10 14:27:29.031000,31.3,31.3,31.35,30410250.0
2018-01-10 14:27:33.301000,31.3,31.3,31.35,30410250.0
2018-01-10 14:27:38.148000,31.3,31.3,31.35,30410250.0
2018-01-10 14:27:42.934000,31.3,31.3,31.35,30410250.0
2018-01-10 14:27:47.535000,31.3,31.3,31.35,30410250.0
2018-01-10 14:27:52.084000,31.3,31.3,31.35,30410250.0
2018-01-10 14:27:56.871000,31.3,31.3,31.35,30410250.0
2018-01-10 14:28:01.626000,31.3,31.3,31.35,30410250.0
2018-01-10 14:28:06.572000,31.3,31.3,31.35,30410250.0
2018-01-10 14:28:10.959000,31.3,31.3,31.35,30410250.0
2018-01-10 14:28:15.526000,31.3,31.3,31.35,30410250.0
2018-01-10 14:28:21.082000,31.3,31.3,31.35,30410250.0
2018-01-10 14:28:25.315000,31.3,31.3,31.35,30410250.0
2018-01-10 14:28:30.205000,31.3,31.3,31.35,30410250.0
2018-01-10 14:28:34.829000,31.3,31.3,31.35,30410250.0
2018-01-10 14:28:40.973000,31.3,31.3,31.35,30410250.0
2018-01-10 14:28:45.471000,31.3,31.3,31.35,30410250.0
2018-01-10 14:28:50.159000,31.3,31.3,31.35,30410250.0
2018-01-10 14:28:54.330000,31.3,31.3,31.35,30410250.0
2018-01-10 14:28:59.040000,31.3,31.3,31.35,30410250.0
2018-01-10 14:29:06.394000,31.3,31.3,31.35,30410250.0
2018-01-10 14:29:10.880000,31.3,31.3,31.35,30410250.0
2018-01-10 14:29:15.646000,31.3,31.3,31.35,30410250.0
2018-01-10 14:29:20.644000,31.3,31.3,31.35,30410250.0
2018-01-10 14:29:26.067000,31.3,31.3,31.35,30410250.0
2018-01-10 14:29:30.975000,31.3,31.3,31.35,30410250.0
2018-01-10 14:29:36.005000,31.3,31.3,31.35,30410250.0
2018-01-10 14:29:39.406000,31.3,31.3,31.35,30426250.0
2018-01-10 14:29:44.433000,31.3,31.3,31.35,30426250.0
2018-01-10 14:29:49.497000,31.3,31.3,31.35,30426250.0
2018-01-10 14:29:54.401000,31.3,31.3,31.35,30426250.0
2018-01-10 14:29:58.961000,31.3,31.3,31.35,30426250.0
2018-01-10 14:30:05.800000,31.3,31.3,31.35,30426250.0
2018-01-10 14:30:10.676000,31.3,31.3,31.35,30426250.0
2018-01-10 14:30:14.528000,31.3,31.3,31.35,30426250.0
2018-01-10 14:30:19.248000,31.3,31.3,31.35,30426250.0
2018-01-10 14:30:24.458000,31.3,31.3,31.35,30426250.0
2018-01-10 14:30:28.875000,31.3,31.3,31.35,30426250.0
2018-01-10 14:30:33.092000,31.3,31.3,31.35,30426250.0
2018-01-10 14:30:37.134000,31.3,31.3,31.35,30426250.0
2018-01-10 14:30:41.130000,31.3,31.3,31.35,30428750.0
2018-01-10 14:30:46.244000,31.3,31.3,31.35,30428750.0
2018-01-10 14:30:51.115000,31.3,31.3,31.35,30428750.0
2018-01-10 14:30:55.693000,31.3,31.3,31.35,30428750.0
2018-01-10 14:30:59.744000,31.3,31.3,31.35,30428750.0
2018-01-10 14:31:02.991000,31.3,31.3,31.35,30428750.0
2018-01-10 14:31:07.861000,31.3,31.3,31.35,30428750.0
2018-01-10 14:31:14.059000,31.3,31.3,31.35,30428750.0
2018-01-10 14:31:19.775000,31.3,31.3,31.35,30428750.0
2018-01-10 14:31:24.199000,31.3,31.3,31.35,30428750.0
2018-01-10 14:31:28.512000,31.3,31.3,31.35,30428750.0
2018-01-10 14:31:32.212000,31.3,31.3,31.35,30428750.0
2018-01-10 14:31:36.350000,31.3,31.3,31.35,30428750.0
2018-01-10 14:31:39.543000,31.3,31.3,31.35,30428750.0
2018-01-10 14:31:43.735000,31.3,31.3,31.35,30428750.0
2018-01-10 14:31:48.881000,31.3,31.3,31.35,30428750.0
2018-01-10 14:31:52.767000,31.3,31.3,31.35,30428750.0
2018-01-10 14:31:57.236000,31.3,31.3,31.35,30428750.0
2018-01-10 14:32:06.008000,31.3,31.3,31.35,30428750.0
2018-01-10 14:32:10.491000,31.3,31.3,31.35,30428750.0
2018-01-10 14:32:16.466000,31.3,31.3,31.35,30429750.0
2018-01-10 14:32:23.604000,31.3,31.3,31.35,30429750.0
2018-01-10 14:32:27.924000,31.3,31.3,31.35,30429750.0
2018-01-10 14:32:31.881000,31.3,31.3,31.35,30429750.0
2018-01-10 14:32:35.962000,31.3,31.3,31.35,30429750.0
2018-01-10 14:32:39.171000,31.3,31.3,31.35,30429750.0
2018-01-10 14:32:43.501000,31.3,31.3,31.35,30429750.0
2018-01-10 14:32:47.281000,31.3,31.3,31.35,30429750.0
2018-01-10 14:32:50.048000,31.3,31.3,31.35,30429750.0
2018-01-10 14:32:54.268000,31.3,31.3,31.35,30429750.0
2018-01-10 14:32:57.441000,31.3,31.3,31.35,30429750.0
2018-01-10 14:33:01.309000,31.3,31.3,31.35,30429750.0
2018-01-10 14:33:04.178000,31.3,31.3,31.35,30429750.0
2018-01-10 14:33:09.310000,31.3,31.3,31.35,30429750.0
2018-01-10 14:33:12.037000,31.3,31.3,31.35,30429750.0
2018-01-10 14:33:14.640000,31.3,31.3,31.35,30429750.0
2018-01-10 14:33:20.001000,31.3,31.3,31.35,30429750.0
2018-01-10 14:33:22.763000,31.3,31.3,31.35,30429750.0
2018-01-10 14:33:25.448000,31.3,31.3,31.35,30429750.0
2018-01-10 14:33:28.464000,31.3,31.3,31.35,30429750.0
2018-01-10 14:33:30.979000,31.3,31.3,31.35,30429750.0
2018-01-10 14:33:34.274000,31.3,31.3,31.35,30429750.0
2018-01-10 14:33:36.640000,,,,
2018-01-10 14:33:40.030000,31.3,31.3,31.35,30429750.0
2018-01-10 14:33:42.775000,31.3,31.3,31.35,30432250.0
2018-01-10 14:33:46.733000,31.3,31.3,31.35,30432250.0
2018-01-10 14:33:49.809000,31.3,31.3,31.35,30432250.0
2018-01-10 14:33:52.529000,31.3,31.3,31.35,30432250.0
2018-01-10 14:33:55.146000,31.3,31.3,31.35,30432250.0
2018-01-10 14:33:57.779000,31.3,31.3,31.35,30432250.0
2018-01-10 14:34:00.590000,31.3,31.3,31.35,30432250.0
2018-01-10 14:34:03.228000,31.3,31.3,31.35,30432250.0
2018-01-10 14:34:05.903000,31.3,31.3,31.35,30432250.0
2018-01-10 14:34:08.376000,31.3,31.3,31.35,30432250.0
2018-01-10 14:34:14.469000,31.3,31.3,31.35,30432250.0
2018-01-10 14:34:17.144000,31.3,31.3,31.35,30432250.0
2018-01-10 14:34:19.741000,31.3,31.3,31.35,30432250.0
2018-01-10 14:34:22.797000,31.3,31.3,31.35,30432250.0
2018-01-10 14:34:25.590000,31.3,31.3,31.35,30432250.0
2018-01-10 14:34:28.296000,31.3,31.3,31.35,30432250.0
2018-01-10 14:34:30.854000,31.3,31.3,31.35,30432250.0
2018-01-10 14:34:33.483000,31.3,31.3,31.35,30432250.0
2018-01-10 14:34:36.110000,31.3,31.3,31.35,30432250.0
2018-01-10 14:34:38.935000,31.3,31.3,31.35,30432250.0
2018-01-10 14:34:41.765000,31.3,31.3,31.35,30432250.0
2018-01-10 14:34:44.347000,31.3,31.3,31.35,30432250.0
2018-01-10 14:34:47.204000,31.3,31.3,31.35,30432250.0
2018-01-10 14:34:49.756000,31.3,31.3,31.35,30432250.0
2018-01-10 14:34:52.555000,31.3,31.3,31.35,30432250.0
2018-01-10 14:34:55.271000,31.3,31.3,31.35,30432250.0
2018-01-10 14:34:57.788000,31.35,31.3,31.35,30441250.0
2018-01-10 14:35:00.442000,31.35,31.3,31.35,30441250.0
2018-01-10 14:35:02.976000,31.35,31.3,31.35,30441250.0
2018-01-10 14:35:05.434000,31.35,31.3,31.35,30441250.0
2018-01-10 14:35:08.805000,31.35,31.3,31.35,30441250.0
2018-01-10 14:35:11.435000,31.35,31.3,31.35,30441250.0
2018-01-10 14:35:14.297000,31.35,31.3,31.35,30441250.0
2018-01-10 14:35:16.923000,31.35,31.3,31.35,30441250.0
2018-01-10 14:35:19.521000,31.35,31.3,31.35,30441250.0
2018-01-10 14:35:21.985000,31.35,31.3,31.35,30441250.0
2018-01-10 14:35:24.722000,31.35,31.3,31.35,30441250.0
2018-01-10 14:35:27.344000,31.35,31.3,31.35,30441250.0
2018-01-10 14:35:30.041000,31.35,31.3,31.35,30441250.0
2018-01-10 14:35:32.687000,31.35,31.3,31.35,30441250.0
2018-01-10 14:35:35.401000,31.35,31.3,31.35,30441250.0
2018-01-10 14:35:38.409000,31.35,31.3,31.35,30441250.0
2018-01-10 14:35:41.266000,31.35,31.3,31.35,30441250.0
2018-01-10 14:35:44.199000,31.35,31.3,31.35,30441250.0
2018-01-10 14:35:47.062000,31.35,31.3,31.35,30441250.0
2018-01-10 14:35:49.628000,31.35,31.3,31.35,30441250.0
2018-01-10 14:35:52.188000,31.35,31.3,31.35,30441250.0
2018-01-10 14:35:55.112000,31.35,31.3,31.35,30441250.0
2018-01-10 14:35:57.665000,31.35,31.3,31.35,30441250.0
2018-01-10 14:36:00.359000,31.35,31.3,31.35,30441250.0
2018-01-10 14:36:02.972000,31.35,31.3,31.35,30441250.0
2018-01-10 14:36:06.750000,31.3,31.3,31.35,30444250.0
2018-01-10 14:36:10.123000,31.3,31.3,31.35,30444250.0
2018-01-10 14:36:12.733000,31.3,31.3,31.35,30444250.0
2018-01-10 14:36:15.583000,31.3,31.3,31.35,30444250.0
2018-01-10 14:36:18.216000,31.3,31.3,31.35,30444250.0
2018-01-10 14:36:20.671000,31.3,31.3,31.35,30444250.0
2018-01-10 14:36:23.458000,31.3,31.3,31.35,30444250.0
2018-01-10 14:36:25.991000,31.3,31.3,31.35,30444250.0
2018-01-10 14:36:28.510000,31.3,31.3,31.35,30444250.0
2018-01-10 14:36:31.188000,31.3,31.3,31.35,30444250.0
2018-01-10 14:36:33.860000,31.3,31.3,31.35,30444250.0
2018-01-10 14:36:36.656000,31.3,31.3,31.35,30444250.0
2018-01-10 14:36:39.191000,31.3,31.3,31.35,30444250.0
2018-01-10 14:36:41.750000,31.3,31.3,31.35,30444250.0
2018-01-10 14:36:44.353000,31.3,31.3,31.35,30444250.0
2018-01-10 14:36:46.905000,31.3,31.3,31.35,30444250.0
2018-01-10 14:36:49.523000,31.3,31.3,31.35,30444250.0
2018-01-10 14:36:52.430000,31.3,31.3,31.35,30444250.0
2018-01-10 14:36:55.027000,31.3,31.3,31.35,30444250.0
2018-01-10 14:36:58.003000,31.3,31.3,31.35,30444250.0
2018-01-10 14:37:00.642000,31.3,31.3,31.35,30444250.0
2018-01-10 14:37:03.080000,31.3,31.3,31.35,30444250.0
2018-01-10 14:37:06.868000,31.3,31.3,31.35,30444250.0
2018-01-10 14:37:12.486000,31.3,31.3,31.35,30444250.0
2018-01-10 14:37:15.107000,31.3,31.3,31.35,30444250.0
2018-01-10 14:37:17.652000,31.3,31.3,31.35,30444250.0
2018-01-10 14:37:20.274000,31.3,31.3,31.35,30444250.0
2018-01-10 14:37:22.822000,31.3,31.3,31.35,30444250.0
2018-01-10 14:37:25.153000,31.3,31.3,31.35,30444250.0
2018-01-10 14:37:27.829000,31.3,31.3,31.35,30444250.0
2018-01-10 14:37:30.441000,31.3,31.3,31.35,30444250.0
2018-01-10 14:37:33.114000,31.3,31.3,31.35,30444250.0
2018-01-10 14:37:35.907000,31.3,31.3,31.35,30444250.0
2018-01-10 14:37:38.360000,31.3,31.3,31.35,30444250.0
2018-01-10 14:37:40.846000,31.3,31.3,31.35,30453250.0
2018-01-10 14:37:43.386000,31.3,31.3,31.35,30453250.0
2018-01-10 14:37:45.861000,31.3,31.3,31.35,30453250.0
2018-01-10 14:37:48.805000,31.3,31.3,31.35,30453250.0
2018-01-10 14:37:51.224000,31.3,31.3,31.35,30453250.0
2018-01-10 14:37:53.873000,31.3,31.3,31.35,30453250.0
2018-01-10 14:37:56.425000,31.3,31.3,31.35,30453250.0
2018-01-10 14:37:59.021000,31.3,31.3,31.35,30453250.0
2018-01-10 14:38:01.440000,31.3,31.3,31.35,30453250.0
2018-01-10 14:38:04.068000,31.3,31.3,31.35,30453250.0
2018-01-10 14:38:06.706000,31.3,31.3,31.35,30453250.0
2018-01-10 14:38:09.346000,31.3,31.3,31.35,30453250.0
2018-01-10 14:38:11.860000,31.3,31.3,31.35,30453250.0
2018-01-10 14:38:14.558000,31.3,31.3,31.35,30453250.0
2018-01-10 14:38:16.896000,31.3,31.3,31.35,30453250.0
2018-01-10 14:38:19.344000,31.3,31.3,31.35,30453250.0
2018-01-10 14:38:21.975000,31.3,31.3,31.35,30453250.0
2018-01-10 14:38:24.500000,31.3,31.3,31.35,30453250.0
2018-01-10 14:38:26.926000,31.3,31.3,31.35,30453250.0
2018-01-10 14:38:29.382000,31.3,31.3,31.35,30453250.0
2018-01-10 14:38:31.892000,31.3,31.3,31.35,30453250.0
2018-01-10 14:38:34.373000,31.3,31.3,31.35,30453250.0
2018-01-10 14:38:37.022000,31.3,31.3,31.35,30453250.0
2018-01-10 14:38:39.553000,31.3,31.3,31.35,30453250.0
2018-01-10 14:38:42.317000,31.3,31.3,31.35,30453250.0
2018-01-10 14:38:44.864000,31.3,31.3,31.35,30453250.0
2018-01-10 14:38:47.582000,31.3,31.3,31.35,30453250.0
2018-01-10 14:38:50.085000,31.3,31.3,31.35,30453250.0
2018-01-10 14:38:52.491000,31.3,31.3,31.35,30453250.0
2018-01-10 14:38:54.979000,31.3,31.3,31.35,30453250.0
2018-01-10 14:38:57.910000,31.3,31.3,31.35,30453250.0
2018-01-10 14:39:00.862000,31.3,31.3,31.35,30453250.0
2018-01-10 14:39:03.164000,31.3,31.3,31.35,30453250.0
2018-01-10 14:39:05.658000,31.3,31.3,31.35,30453250.0
2018-01-10 14:39:08.474000,31.3,31.3,31.35,30453250.0
2018-01-10 14:39:16.793000,31.3,31.3,31.35,30453250.0
2018-01-10 14:39:19.640000,31.3,31.3,31.35,30453250.0
2018-01-10 14:39:22.102000,31.3,31.3,31.35,30453250.0
2018-01-10 14:39:24.654000,31.3,31.3,31.35,30453250.0
2018-01-10 14:39:27.416000,31.3,31.3,31.35,30453250.0
2018-01-10 14:39:30.009000,31.3,31.3,31.35,30453250.0
2018-01-10 14:39:32.914000,31.3,31.3,31.35,30453250.0
2018-01-10 14:39:35.460000,31.3,31.3,31.35,30453250.0
2018-01-10 14:39:38.057000,31.3,31.3,31.35,30453250.0
2018-01-10 14:39:40.500000,31.3,31.3,31.35,30453750.0
2018-01-10 14:39:42.968000,31.3,31.3,31.35,30453750.0
2018-01-10 14:39:45.659000,31.3,31.3,31.35,30453750.0
2018-01-10 14:39:48.243000,31.3,31.3,31.35,30453750.0
2018-01-10 14:39:51.085000,31.3,31.3,31.35,30453750.0
2018-01-10 14:39:53.648000,31.3,31.3,31.35,30453750.0
2018-01-10 14:39:56.269000,31.3,31.3,31.35,30453750.0
2018-01-10 14:39:58.835000,31.3,31.3,31.35,30453750.0
2018-01-10 14:40:01.430000,31.3,31.3,31.35,30453750.0
2018-01-10 14:40:04.106000,31.3,31.3,31.35,30453750.0
2018-01-10 14:40:06.818000,31.3,31.3,31.35,30453750.0
2018-01-10 14:40:12.482000,31.3,31.3,31.35,30453750.0
2018-01-10 14:40:15.001000,31.3,31.3,31.35,30453750.0
2018-01-10 14:40:17.467000,31.3,31.3,31.35,30453750.0
2018-01-10 14:40:20.033000,31.3,31.3,31.35,30453750.0
2018-01-10 14:40:22.524000,31.3,31.3,31.35,30453750.0
2018-01-10 14:40:25.254000,31.3,31.3,31.35,30453750.0
2018-01-10 14:40:27.883000,31.3,31.3,31.35,30453750.0
2018-01-10 14:40:30.332000,31.3,31.3,31.35,30453750.0
2018-01-10 14:40:32.756000,31.3,31.3,31.35,30453750.0
2018-01-10 14:40:35.235000,31.3,31.3,31.35,30453750.0
2018-01-10 14:40:37.695000,31.3,31.3,31.35,30453750.0
2018-01-10 14:40:40.227000,31.3,31.3,31.35,30453750.0
2018-01-10 14:40:42.715000,31.3,31.3,31.35,30453750.0
2018-01-10 14:40:45.297000,31.3,31.3,31.35,30453750.0
2018-01-10 14:40:47.756000,31.3,31.3,31.35,30453750.0
2018-01-10 14:40:50.180000,31.3,31.3,31.35,30453750.0
2018-01-10 14:40:52.831000,31.3,31.3,31.35,30453750.0
2018-01-10 14:40:55.342000,31.3,31.3,31.35,30453750.0
2018-01-10 14:40:57.942000,31.3,31.3,31.35,30453750.0
2018-01-10 14:41:00.361000,31.3,31.3,31.35,30453750.0
2018-01-10 14:41:02.985000,31.3,31.3,31.35,30453750.0
2018-01-10 14:41:05.670000,31.3,31.3,31.35,30453750.0
2018-01-10 14:41:11.697000,31.3,31.3,31.35,30453750.0
2018-01-10 14:41:14.184000,31.3,31.3,31.35,30454250.0
2018-01-10 14:41:16.727000,31.3,31.3,31.35,30454250.0
2018-01-10 14:41:20.865000,31.3,31.3,31.35,30454250.0
2018-01-10 14:41:23.402000,31.3,31.3,31.35,30454250.0
2018-01-10 14:41:25.965000,31.3,31.3,31.35,30454250.0
2018-01-10 14:41:28.417000,31.3,31.3,31.35,30454250.0
2018-01-10 14:41:31.062000,31.3,31.3,31.35,30454250.0
2018-01-10 14:41:33.607000,31.3,31.3,31.35,30454250.0
2018-01-10 14:41:36.226000,31.3,31.3,31.35,30454250.0
2018-01-10 14:41:38.745000,31.3,31.3,31.35,30454250.0
2018-01-10 14:41:41.364000,31.3,31.3,31.35,30454250.0
2018-01-10 14:41:44.111000,31.3,31.3,31.35,30454250.0
2018-01-10 14:41:46.631000,31.3,31.3,31.35,30454250.0
2018-01-10 14:41:49.192000,31.3,31.3,31.35,30454250.0
2018-01-10 14:41:51.791000,31.3,31.3,31.35,30454250.0
2018-01-10 14:41:54.278000,31.3,31.3,31.35,30454250.0
2018-01-10 14:41:56.901000,31.3,31.3,31.35,30454750.0
2018-01-10 14:41:59.592000,31.3,31.3,31.35,30454750.0
2018-01-10 14:42:02.102000,31.3,31.3,31.35,30454750.0
2018-01-10 14:42:04.670000,31.3,31.3,31.35,30454750.0
2018-01-10 14:42:07.742000,31.3,31.3,31.35,30454750.0
2018-01-10 14:42:10.539000,31.3,31.3,31.35,30454750.0
2018-01-10 14:42:13.126000,31.3,31.3,31.35,30454750.0
2018-01-10 14:42:15.712000,31.3,31.3,31.35,30454750.0
2018-01-10 14:42:18.306000,31.3,31.3,31.35,30454750.0
2018-01-10 14:42:20.794000,31.3,31.3,31.35,30454750.0
2018-01-10 14:42:23.338000,31.3,31.3,31.35,30454750.0
2018-01-10 14:42:25.945000,31.3,31.3,31.35,30454750.0
2018-01-10 14:42:28.421000,31.3,31.3,31.35,30454750.0
2018-01-10 14:42:30.957000,31.3,31.3,31.35,30454750.0
2018-01-10 14:42:33.845000,31.3,31.3,31.35,30454750.0
2018-01-10 14:42:36.616000,31.3,31.3,31.35,30454750.0
2018-01-10 14:42:39.199000,31.3,31.3,31.35,30454750.0
2018-01-10 14:42:41.682000,31.3,31.3,31.35,30454750.0
2018-01-10 14:42:44.286000,31.3,31.3,31.35,30454750.0
2018-01-10 14:42:47.010000,31.3,31.3,31.35,30454750.0
2018-01-10 14:42:49.616000,31.3,31.3,31.35,30454750.0
2018-01-10 14:42:52.274000,31.3,31.3,31.35,30454750.0
2018-01-10 14:42:54.858000,31.3,31.3,31.35,30454750.0
2018-01-10 14:42:57.386000,31.3,31.3,31.35,30454750.0
2018-01-10 14:43:00.030000,31.3,31.3,31.35,30454750.0
2018-01-10 14:43:02.572000,31.3,31.3,31.35,30454750.0
2018-01-10 14:43:05.138000,31.3,31.3,31.35,30454750.0
2018-01-10 14:43:07.687000,31.3,31.3,31.35,30454750.0
2018-01-10 14:43:12.904000,31.3,31.3,31.35,30454750.0
2018-01-10 14:43:16.399000,31.3,31.3,31.35,30454750.0
2018-01-10 14:43:19.106000,31.3,31.3,31.35,30457250.0
2018-01-10 14:43:21.613000,31.3,31.3,31.35,30457250.0
2018-01-10 14:43:24.241000,31.3,31.3,31.35,30457250.0
2018-01-10 14:43:26.760000,31.3,31.3,31.35,30457250.0
2018-01-10 14:43:29.451000,31.3,31.3,31.35,30457250.0
2018-01-10 14:43:32.245000,31.3,31.3,31.35,30457250.0
2018-01-10 14:43:34.995000,31.3,31.3,31.35,30457250.0
2018-01-10 14:43:37.527000,31.3,31.3,31.35,30457250.0
2018-01-10 14:43:40.119000,31.3,31.3,31.35,30457250.0
2018-01-10 14:43:42.512000,31.3,31.3,31.35,30457250.0
2018-01-10 14:43:45.149000,31.3,31.3,31.35,30457250.0
2018-01-10 14:43:47.636000,31.3,31.3,31.35,30457250.0
2018-01-10 14:43:50.295000,31.3,31.3,31.35,30457250.0
2018-01-10 14:43:52.885000,31.3,31.3,31.35,30457250.0
2018-01-10 14:43:55.448000,31.3,31.3,31.35,30457250.0
2018-01-10 14:43:57.870000,31.3,31.3,31.35,30457250.0
2018-01-10 14:44:00.411000,31.3,31.3,31.35,30457250.0
2018-01-10 14:44:02.999000,31.3,31.3,31.35,30457250.0
2018-01-10 14:44:07.823000,31.3,31.3,31.35,30457250.0
2018-01-10 14:44:14,31.3,31.3,31.35,30457250.0
2018-01-10 14:44:16.511000,31.3,31.3,31.35,30457250.0
2018-01-10 14:44:19.164000,31.3,31.3,31.35,30457250.0
2018-01-10 14:44:21.684000,31.3,31.3,31.35,30457250.0
2018-01-10 14:44:24.218000,31.3,31.3,31.35,30457250.0
2018-01-10 14:44:26.574000,31.3,31.3,31.35,30457250.0
2018-01-10 14:44:29.156000,31.3,31.3,31.35,30457250.0
2018-01-10 14:44:31.716000,31.3,31.3,31.35,30457250.0
2018-01-10 14:44:34.079000,31.3,31.3,31.35,30457250.0
2018-01-10 14:44:36.591000,31.3,31.3,31.35,30457250.0
2018-01-10 14:44:39.027000,31.3,31.3,31.35,30457250.0
2018-01-10 14:44:41.557000,31.3,31.3,31.35,30457250.0
2018-01-10 14:44:43.921000,31.3,31.3,31.35,30457250.0
2018-01-10 14:44:46.419000,31.3,31.3,31.35,30457250.0
2018-01-10 14:44:49.032000,31.3,31.3,31.35,30457250.0
2018-01-10 14:44:51.348000,31.3,31.3,31.35,30457250.0
2018-01-10 14:44:53.901000,31.3,31.3,31.35,30457250.0
2018-01-10 14:44:56.418000,31.3,31.3,31.35,30457250.0
2018-01-10 14:44:59.039000,31.3,31.3,31.35,30457250.0
2018-01-10 14:45:01.764000,31.3,31.3,31.35,30457250.0
2018-01-10 14:45:04.664000,31.3,31.3,31.35,30457250.0
2018-01-10 14:45:08.847000,31.3,31.3,31.35,30457250.0
2018-01-10 14:45:12.859000,31.3,31.3,31.35,30457250.0
2018-01-10 14:45:18.621000,31.3,31.3,31.35,30457250.0
2018-01-10 14:45:21.106000,31.3,31.3,31.35,30457250.0
2018-01-10 14:45:23.541000,31.3,31.3,31.35,30457250.0
2018-01-10 14:45:26.098000,31.3,31.3,31.35,30457250.0
2018-01-10 14:45:28.625000,31.3,31.3,31.35,30457250.0
2018-01-10 14:45:31.234000,31.3,31.3,31.35,30457250.0
2018-01-10 14:45:33.678000,31.3,31.3,31.35,30457250.0
2018-01-10 14:45:36.275000,31.3,31.3,31.35,30457250.0
2018-01-10 14:45:38.829000,31.3,31.3,31.35,30457250.0
2018-01-10 14:45:41.459000,31.3,31.3,31.35,30457250.0
2018-01-10 14:45:43.939000,31.3,31.3,31.35,30460750.0
2018-01-10 14:45:46.608000,31.3,31.3,31.35,30460750.0
2018-01-10 14:45:49.038000,31.3,31.3,31.35,30460750.0
2018-01-10 14:45:51.530000,31.3,31.3,31.35,30460750.0
2018-01-10 14:45:53.924000,31.3,31.3,31.35,30460750.0
2018-01-10 14:45:56.653000,31.3,31.3,31.35,30460750.0
2018-01-10 14:45:59.082000,31.3,31.3,31.35,30460750.0
2018-01-10 14:46:01.530000,31.3,31.3,31.35,30460750.0
2018-01-10 14:46:04.161000,31.3,31.3,31.35,30460750.0
2018-01-10 14:46:07.295000,31.3,31.3,31.35,30460750.0
2018-01-10 14:46:10.034000,31.3,31.3,31.35,30460750.0
2018-01-10 14:46:13.597000,31.3,31.3,31.35,30460750.0
2018-01-10 14:46:16.069000,31.35,31.35,31.4,30542400.0
2018-01-10 14:46:18.595000,31.35,31.35,31.4,30542400.0
2018-01-10 14:46:21.207000,31.35,31.35,31.4,30542400.0
2018-01-10 14:46:23.706000,31.35,31.35,31.4,30542400.0
2018-01-10 14:46:26.294000,31.35,31.35,31.4,30542400.0
2018-01-10 14:46:28.799000,31.35,31.35,31.4,30542400.0
2018-01-10 14:46:31.332000,31.35,31.35,31.4,30542400.0
2018-01-10 14:46:33.785000,31.35,31.35,31.4,30542400.0
2018-01-10 14:46:36.305000,31.35,31.35,31.4,30542400.0
2018-01-10 14:46:38.801000,31.35,31.35,31.4,30542400.0
2018-01-10 14:46:41.436000,31.35,31.35,31.4,30542400.0
2018-01-10 14:46:44.018000,31.35,31.35,31.4,30542400.0
2018-01-10 14:46:46.591000,31.35,31.35,31.4,30542400.0
2018-01-10 14:46:49.282000,31.35,31.35,31.4,30542400.0
2018-01-10 14:46:51.813000,31.35,31.35,31.4,30542400.0
2018-01-10 14:46:54.395000,31.35,31.35,31.4,30542400.0
2018-01-10 14:46:56.924000,31.35,31.35,31.4,30542400.0
2018-01-10 14:46:59.362000,31.35,31.35,31.4,30542400.0
2018-01-10 14:47:01.921000,31.35,31.35,31.4,30542400.0
2018-01-10 14:47:04.439000,31.35,31.35,31.4,30542400.0
2018-01-10 14:47:07.062000,31.35,31.35,31.4,30542400.0
2018-01-10 14:47:09.978000,31.35,31.35,31.4,30542400.0
2018-01-10 14:47:12.500000,31.35,31.35,31.4,30542400.0
2018-01-10 14:47:14.982000,31.35,31.35,31.4,30542400.0
2018-01-10 14:47:19.116000,31.35,31.35,31.4,30542400.0
2018-01-10 14:47:21.909000,31.35,31.35,31.4,30542400.0
2018-01-10 14:47:24.709000,31.35,31.35,31.4,30542400.0
2018-01-10 14:47:27.390000,31.35,31.35,31.4,30542400.0
2018-01-10 14:47:29.862000,31.35,31.35,31.4,30542400.0
2018-01-10 14:47:32.453000,31.3,31.3,31.35,30552900.0
2018-01-10 14:47:35.034000,31.3,31.3,31.35,30552900.0
2018-01-10 14:47:37.769000,31.3,31.3,31.35,30552900.0
2018-01-10 14:47:40.272000,31.3,31.3,31.35,30552900.0
2018-01-10 14:47:42.718000,31.3,31.3,31.35,30552900.0
2018-01-10 14:47:45.237000,31.3,31.3,31.35,30552900.0
2018-01-10 14:47:47.675000,31.3,31.3,31.35,30552900.0
2018-01-10 14:47:50.054000,31.3,31.3,31.35,30552900.0
2018-01-10 14:47:52.494000,31.3,31.3,31.35,30552900.0
2018-01-10 14:47:54.950000,31.3,31.3,31.35,30552900.0
2018-01-10 14:47:57.438000,31.3,31.3,31.35,30552900.0
2018-01-10 14:48:01.766000,31.3,31.3,31.35,30552900.0
2018-01-10 14:48:05.848000,31.3,31.3,31.35,30552900.0
2018-01-10 14:48:08.912000,31.3,31.3,31.35,30552900.0
2018-01-10 14:48:13.556000,31.3,31.3,31.35,30552900.0
2018-01-10 14:48:18.534000,31.3,31.3,31.35,30552900.0
2018-01-10 14:48:21.565000,31.3,31.3,31.35,30552900.0
2018-01-10 14:48:24.774000,31.3,31.3,31.35,30552900.0
2018-01-10 14:48:27.753000,31.3,31.3,31.35,30552900.0
2018-01-10 14:48:30.769000,31.3,31.3,31.35,30552900.0
2018-01-10 14:48:33.721000,31.3,31.3,31.35,30552900.0
2018-01-10 14:48:36.768000,31.3,31.3,31.35,30552900.0
2018-01-10 14:48:39.841000,31.3,31.3,31.35,30552900.0
2018-01-10 14:48:42.799000,31.3,31.3,31.35,30552900.0
2018-01-10 14:48:45.818000,31.3,31.3,31.35,30552900.0
2018-01-10 14:48:48.865000,31.3,31.3,31.35,30552900.0
2018-01-10 14:48:51.844000,31.3,31.3,31.35,30552900.0
2018-01-10 14:48:54.871000,31.3,31.3,31.35,30552900.0
2018-01-10 14:48:57.909000,31.3,31.3,31.35,30552900.0
2018-01-10 14:49:00.832000,31.3,31.3,31.35,30552900.0
2018-01-10 14:49:03.801000,31.35,31.3,31.35,30554008.0
2018-01-10 14:49:06.624000,31.35,31.3,31.35,30554008.0
2018-01-10 14:49:09.615000,31.35,31.3,31.35,30554008.0
2018-01-10 14:49:12.703000,31.35,31.3,31.35,30554008.0
2018-01-10 14:49:15.970000,31.35,31.3,31.35,30554008.0
2018-01-10 14:49:19.084000,31.35,31.3,31.35,30554008.0
2018-01-10 14:49:22.459000,31.35,31.3,31.35,30554008.0
2018-01-10 14:49:25.625000,31.35,31.3,31.35,30554008.0
2018-01-10 14:49:28.402000,31.35,31.3,31.35,30554008.0
2018-01-10 14:49:31.391000,31.35,31.3,31.35,30554008.0
2018-01-10 14:49:34.397000,31.35,31.3,31.35,30554008.0
2018-01-10 14:49:37.300000,31.35,31.3,31.35,30554008.0
2018-01-10 14:49:40.214000,31.35,31.3,31.35,30554008.0
2018-01-10 14:49:43.131000,31.35,31.3,31.35,30554008.0
2018-01-10 14:49:47.409000,31.35,31.3,31.35,30554008.0
2018-01-10 14:49:50.394000,31.35,31.3,31.35,30554008.0
2018-01-10 14:49:53.315000,31.35,31.3,31.35,30554008.0
2018-01-10 14:49:56.334000,31.35,31.3,31.35,30554008.0
2018-01-10 14:49:59.252000,31.35,31.3,31.35,30554008.0
2018-01-10 14:50:02.298000,31.35,31.3,31.35,30554008.0
2018-01-10 14:50:05.352000,31.35,31.3,31.35,30554008.0
2018-01-10 14:50:09.803000,31.35,31.3,31.35,30554008.0
2018-01-10 14:50:12.988000,31.35,31.3,31.35,30554008.0
2018-01-10 14:50:15.775000,31.35,31.35,31.4,30577377.0
2018-01-10 14:50:18.591000,31.35,31.35,31.4,30577377.0
2018-01-10 14:50:21.454000,31.35,31.35,31.4,30577377.0
2018-01-10 14:50:24.396000,31.35,31.35,31.4,30577377.0
2018-01-10 14:50:27.268000,31.35,31.35,31.4,30577377.0
2018-01-10 14:50:30.481000,31.35,31.35,31.4,30577377.0
2018-01-10 14:50:33.903000,31.35,31.35,31.4,30577377.0
2018-01-10 14:50:36.810000,31.35,31.35,31.4,30577377.0
2018-01-10 14:50:39.834000,31.35,31.35,31.4,30577377.0
2018-01-10 14:50:42.926000,31.35,31.35,31.4,30577377.0
2018-01-10 14:50:45.853000,31.35,31.35,31.4,30577377.0
2018-01-10 14:50:48.894000,31.35,31.35,31.4,30577377.0
2018-01-10 14:50:51.839000,31.35,31.35,31.4,30577377.0
2018-01-10 14:50:54.929000,31.35,31.35,31.4,30577377.0
2018-01-10 14:50:57.922000,31.35,31.35,31.4,30577377.0
2018-01-10 14:51:00.801000,31.35,31.35,31.4,30577377.0
2018-01-10 14:51:03.772000,31.35,31.3,31.35,30577377.0
2018-01-10 14:51:08.848000,31.35,31.3,31.35,30577377.0
2018-01-10 14:51:11.789000,31.35,31.3,31.35,30577377.0
2018-01-10 14:51:14.759000,31.35,31.3,31.35,30577377.0
2018-01-10 14:51:17.708000,31.35,31.3,31.35,30577377.0
2018-01-10 14:51:20.602000,31.35,31.3,31.35,30577377.0
2018-01-10 14:51:23.524000,31.35,31.3,31.35,30577377.0
2018-01-10 14:51:26.296000,31.35,31.3,31.35,30577377.0
2018-01-10 14:51:29.201000,31.35,31.3,31.35,30577377.0
2018-01-10 14:51:32.208000,31.35,31.3,31.35,30577377.0
2018-01-10 14:51:35.357000,31.35,31.3,31.35,30577377.0
2018-01-10 14:51:38.560000,31.35,31.3,31.35,30577377.0
2018-01-10 14:51:41.506000,31.35,31.3,31.35,30577377.0
2018-01-10 14:51:44.461000,31.35,31.3,31.35,30577377.0
2018-01-10 14:51:47.333000,31.35,31.3,31.35,30577377.0
2018-01-10 14:51:50.196000,31.35,31.3,31.35,30577377.0
2018-01-10 14:51:53.162000,31.35,31.3,31.35,30577377.0
2018-01-10 14:51:56.072000,31.35,31.3,31.35,30577377.0
2018-01-10 14:51:58.939000,31.35,31.3,31.35,30577377.0
2018-01-10 14:52:01.740000,31.35,31.3,31.35,30577377.0
2018-01-10 14:52:08.258000,31.35,31.3,31.35,30577377.0
2018-01-10 14:52:13.921000,31.35,31.3,31.35,30577377.0
2018-01-10 14:52:16.844000,31.35,31.3,31.35,30577377.0
2018-01-10 14:52:19.789000,31.35,31.35,31.4,30588877.0
2018-01-10 14:52:22.740000,31.35,31.35,31.4,30588877.0
2018-01-10 14:52:25.540000,31.35,31.35,31.4,30588877.0
2018-01-10 14:52:28.571000,31.35,31.35,31.4,30588877.0
2018-01-10 14:52:31.621000,31.35,31.35,31.4,30588877.0
2018-01-10 14:52:34.683000,31.35,31.35,31.4,30588877.0
2018-01-10 14:52:37.586000,31.35,31.35,31.4,30588877.0
2018-01-10 14:52:40.503000,31.35,31.35,31.4,30588877.0
2018-01-10 14:52:43.932000,31.35,31.35,31.4,30588877.0
2018-01-10 14:52:46.948000,31.35,31.35,31.4,30588877.0
2018-01-10 14:52:49.955000,31.35,31.35,31.4,30588877.0
2018-01-10 14:52:52.976000,31.35,31.35,31.4,30588877.0
2018-01-10 14:52:55.868000,31.35,31.35,31.4,30588877.0
2018-01-10 14:52:58.854000,31.35,31.35,31.4,30588877.0
2018-01-10 14:53:01.779000,31.35,31.35,31.4,30588877.0
2018-01-10 14:53:04.712000,31.35,31.35,31.4,30588877.0
2018-01-10 14:53:09.361000,31.35,31.35,31.4,30588877.0
2018-01-10 14:53:12.398000,31.35,31.35,31.4,30588877.0
2018-01-10 14:53:15.318000,31.35,31.3,31.4,30588877.0
2018-01-10 14:53:18.199000,31.35,31.3,31.4,30588877.0
2018-01-10 14:53:21.221000,31.35,31.3,31.4,30588877.0
2018-01-10 14:53:24.023000,31.35,31.3,31.4,30588877.0
2018-01-10 14:53:26.870000,31.35,31.3,31.4,30588877.0
2018-01-10 14:53:30.011000,31.35,31.3,31.4,30588877.0
2018-01-10 14:53:32.852000,31.35,31.3,31.4,30588877.0
2018-01-10 14:53:35.700000,31.35,31.3,31.4,30588877.0
2018-01-10 14:53:38.681000,31.35,31.3,31.4,30588877.0
2018-01-10 14:53:41.668000,31.35,31.3,31.4,30588877.0
2018-01-10 14:53:44.640000,31.35,31.3,31.4,30588877.0
2018-01-10 14:53:47.573000,31.35,31.3,31.4,30588877.0
2018-01-10 14:53:50.378000,31.35,31.3,31.4,30588877.0
2018-01-10 14:53:53.341000,31.35,31.3,31.4,30588877.0
2018-01-10 14:53:56.203000,31.35,31.3,31.4,30588877.0
2018-01-10 14:53:59.144000,31.35,31.3,31.4,30588877.0
2018-01-10 14:54:01.988000,31.35,31.3,31.4,30588877.0
2018-01-10 14:54:04.985000,31.35,31.3,31.4,30588877.0
2018-01-10 14:54:07.992000,31.35,31.3,31.4,30588877.0
2018-01-10 14:54:11.213000,31.35,31.3,31.4,30588877.0
2018-01-10 14:54:14.279000,31.35,31.3,31.4,30588877.0
2018-01-10 14:54:19.298000,31.35,31.3,31.4,30597877.0
2018-01-10 14:54:22.114000,31.35,31.3,31.4,30597877.0
2018-01-10 14:54:24.991000,31.35,31.3,31.4,30597877.0
2018-01-10 14:54:27.899000,31.35,31.3,31.4,30597877.0
2018-01-10 14:54:30.777000,31.35,31.3,31.4,30597877.0
2018-01-10 14:54:33.762000,31.35,31.3,31.4,30597877.0
2018-01-10 14:54:36.765000,31.35,31.3,31.4,30597877.0
2018-01-10 14:54:39.692000,31.35,31.3,31.4,30597877.0
2018-01-10 14:54:42.573000,31.35,31.3,31.4,30597877.0
2018-01-10 14:54:45.785000,31.35,31.3,31.4,30597877.0
2018-01-10 14:54:48.871000,31.35,31.3,31.4,30597877.0
2018-01-10 14:54:51.784000,31.35,31.3,31.4,30597877.0
2018-01-10 14:54:54.776000,31.35,31.3,31.4,30597877.0
2018-01-10 14:54:57.558000,31.35,31.3,31.4,30597877.0
2018-01-10 14:55:00.353000,31.35,31.3,31.4,30597877.0
2018-01-10 14:55:03.214000,31.35,31.3,31.4,30597877.0
2018-01-10 14:55:06.108000,31.35,31.3,31.4,30597877.0
2018-01-10 14:55:10.692000,31.35,31.3,31.4,30597877.0
2018-01-10 14:55:13.620000,31.35,31.3,31.4,30597877.0
2018-01-10 14:55:16.376000,31.35,31.3,31.4,30597877.0
2018-01-10 14:55:19.225000,31.35,31.3,31.4,30597877.0
2018-01-10 14:55:22.250000,31.35,31.3,31.4,30597877.0
2018-01-10 14:55:25.332000,31.35,31.3,31.4,30597877.0
2018-01-10 14:55:28.291000,31.35,31.3,31.4,30597877.0
2018-01-10 14:55:31.193000,31.35,31.3,31.4,30597877.0
2018-01-10 14:55:34.218000,31.35,31.3,31.4,30597877.0
2018-01-10 14:55:37.281000,31.35,31.3,31.4,30597877.0
2018-01-10 14:55:40.063000,31.35,31.3,31.4,30597877.0
2018-01-10 14:55:43.041000,31.35,31.3,31.4,30597877.0
2018-01-10 14:55:45.857000,31.35,31.3,31.4,30597877.0
2018-01-10 14:55:48.890000,31.35,31.3,31.4,30597877.0
2018-01-10 14:55:51.846000,31.35,31.3,31.4,30597877.0
2018-01-10 14:55:54.839000,31.35,31.3,31.4,30597877.0
2018-01-10 14:55:57.746000,31.35,31.3,31.4,30597877.0
2018-01-10 14:56:00.989000,31.35,31.3,31.4,30597877.0
2018-01-10 14:56:03.907000,31.35,31.3,31.4,30597877.0
2018-01-10 14:56:06.840000,31.35,31.3,31.4,30597877.0
2018-01-10 14:56:09.952000,31.35,31.3,31.4,30597877.0
2018-01-10 14:56:16.350000,31.35,31.3,31.4,30597877.0
2018-01-10 14:56:19.528000,31.35,31.3,31.4,30597877.0
2018-01-10 14:56:22.403000,31.35,31.3,31.4,30597877.0
2018-01-10 14:56:25.594000,31.35,31.3,31.4,30597877.0
2018-01-10 14:56:28.591000,31.35,31.3,31.4,30597877.0
2018-01-10 14:56:31.422000,31.35,31.3,31.4,30597877.0
2018-01-10 14:56:34.210000,31.35,31.3,31.35,30606177.0
2018-01-10 14:56:37.163000,31.35,31.3,31.35,30606177.0
2018-01-10 14:56:40.111000,31.35,31.3,31.35,30606177.0
2018-01-10 14:56:42.983000,31.35,31.3,31.35,30606177.0
2018-01-10 14:56:45.905000,31.35,31.3,31.35,30606177.0
2018-01-10 14:56:48.575000,31.35,31.3,31.35,30606177.0
2018-01-10 14:56:51.625000,31.35,31.3,31.35,30606177.0
2018-01-10 14:56:54.435000,31.35,31.3,31.35,30606177.0
2018-01-10 14:56:57.386000,31.35,31.3,31.35,30606177.0
2018-01-10 14:57:00.334000,31.35,31.3,31.35,30606177.0
2018-01-10 14:57:03.188000,31.35,31.3,31.35,30606177.0
2018-01-10 14:57:06.676000,31.35,31.3,31.35,30606177.0
2018-01-10 14:57:10.983000,31.35,31.3,31.35,30606177.0
2018-01-10 14:57:14.126000,31.35,31.3,31.35,30606177.0
2018-01-10 14:57:17.004000,31.35,31.3,31.35,30606177.0
2018-01-10 14:57:21.116000,31.35,31.3,31.35,30606177.0
2018-01-10 14:57:23.998000,31.35,31.3,31.35,30606177.0
2018-01-10 14:57:27.032000,31.35,31.3,31.35,30606177.0
2018-01-10 14:57:30.190000,31.35,31.3,31.35,30606177.0
2018-01-10 14:57:33.263000,31.35,31.3,31.35,30606177.0
2018-01-10 14:57:36.110000,31.35,31.3,31.35,30606177.0
2018-01-10 14:57:38.920000,31.35,31.3,31.35,30606177.0
2018-01-10 14:57:41.806000,31.35,31.3,31.35,30606177.0
2018-01-10 14:57:44.611000,31.35,31.3,31.35,30606177.0
2018-01-10 14:57:47.619000,31.35,31.3,31.35,30606677.0
2018-01-10 14:57:50.563000,31.35,31.3,31.35,30606677.0
2018-01-10 14:57:53.516000,31.35,31.3,31.35,30606677.0
2018-01-10 14:57:56.383000,31.35,31.3,31.35,30606677.0
2018-01-10 14:57:59.456000,31.35,31.3,31.35,30606677.0
2018-01-10 14:58:02.374000,31.35,31.3,31.35,30606677.0
2018-01-10 14:58:05.276000,31.35,31.3,31.35,30606677.0
2018-01-10 14:58:12.242000,31.35,31.3,31.35,30606677.0
2018-01-10 14:58:15.067000,31.35,31.3,31.35,30606677.0
2018-01-10 14:58:19.166000,31.35,31.3,31.35,30606677.0
2018-01-10 14:58:22.010000,31.35,31.3,31.35,30606677.0
2018-01-10 14:58:24.915000,31.35,31.3,31.35,30606677.0
2018-01-10 14:58:27.953000,31.35,31.3,31.35,30606677.0
2018-01-10 14:58:30.961000,31.35,31.3,31.35,30606677.0
2018-01-10 14:58:33.770000,31.35,31.3,31.35,30606677.0
2018-01-10 14:58:36.745000,31.35,31.3,31.35,30606677.0
2018-01-10 14:58:39.709000,31.35,31.3,31.35,30606677.0
2018-01-10 14:58:42.433000,31.35,31.3,31.35,30606677.0
2018-01-10 14:58:45.309000,31.35,31.3,31.35,30606677.0
2018-01-10 14:58:48.328000,31.35,31.3,31.35,30606677.0
2018-01-10 14:58:51.332000,31.35,31.3,31.35,30606677.0
2018-01-10 14:58:54.328000,31.35,31.3,31.35,30606677.0
2018-01-10 14:58:57.222000,31.35,31.3,31.35,30606677.0
2018-01-10 14:59:00.005000,31.35,31.3,31.35,30606677.0
2018-01-10 14:59:02.814000,31.35,31.3,31.35,30606677.0
2018-01-10 14:59:05.848000,31.35,31.3,31.35,30606677.0
2018-01-10 14:59:08.724000,31.35,31.3,31.35,30606677.0
2018-01-10 14:59:13.812000,31.35,31.3,31.35,30606677.0
2018-01-10 14:59:16.774000,31.35,31.3,31.35,30606677.0
2018-01-10 14:59:19.901000,31.35,31.3,31.35,30606677.0
2018-01-10 14:59:22.798000,31.35,31.3,31.35,30606677.0
2018-01-10 14:59:25.797000,31.35,31.3,31.35,30606677.0
2018-01-10 14:59:28.877000,31.35,31.3,31.35,30606677.0
2018-01-10 14:59:32.069000,31.35,31.3,31.35,30606677.0
2018-01-10 14:59:34.944000,31.35,31.3,31.35,30606677.0
2018-01-10 14:59:37.986000,31.35,31.3,31.35,30606677.0
2018-01-10 14:59:40.734000,31.35,31.3,31.35,30606677.0
2018-01-10 14:59:43.566000,31.35,31.3,31.35,30606677.0
2018-01-10 14:59:46.429000,31.35,31.3,31.35,30606677.0
2018-01-10 14:59:49.260000,31.35,31.3,31.35,30606677.0
2018-01-10 14:59:52.082000,31.35,31.3,31.35,30629537.0
2018-01-10 14:59:54.897000,31.35,31.3,31.35,30629537.0
2018-01-10 14:59:57.732000,31.35,31.3,31.35,30629537.0
2018-01-10 15:00:00.580000,31.35,31.3,31.35,30629537.0
2018-01-10 15:00:03.519000,31.35,31.3,31.35,30629537.0
2018-01-10 15:00:06.510000,31.35,31.3,31.35,30629537.0
2018-01-10 15:00:09.552000,31.35,31.3,31.35,30629537.0
2018-01-10 15:00:12.417000,31.35,31.3,31.35,30629537.0
2018-01-10 15:00:17.713000,31.35,31.3,31.35,30629537.0
2018-01-10 15:00:20.569000,31.35,31.3,31.35,30629537.0
2018-01-10 15:00:23.567000,31.35,31.3,31.35,30629537.0
2018-01-10 15:00:26.443000,31.35,31.3,31.35,30629537.0
2018-01-10 15:00:29.701000,31.35,31.3,31.35,30629537.0
2018-01-10 15:00:32.678000,31.35,31.3,31.35,30629537.0
2018-01-10 15:00:35.802000,31.35,31.3,31.35,30629537.0
2018-01-10 15:00:39.239000,31.35,31.3,31.35,30629537.0
2018-01-10 15:00:42.185000,31.35,31.3,31.35,30629537.0
2018-01-10 15:00:45.334000,31.35,31.3,31.35,30629537.0
2018-01-10 15:00:48.238000,31.35,31.3,31.35,30629537.0
2018-01-10 15:00:51.102000,31.35,31.3,31.35,30629537.0
2018-01-10 15:00:54.209000,31.35,31.3,31.35,30629537.0
2018-01-10 15:00:57.244000,31.35,31.3,31.35,30629537.0
2018-01-10 15:01:00.352000,31.35,31.3,31.35,30629537.0
2018-01-10 15:01:03.362000,31.35,31.3,31.35,30629537.0
2018-01-10 15:01:06.319000,31.35,31.3,31.35,30629537.0
2018-01-10 15:01:09.069000,31.35,31.3,31.35,30629537.0
2018-01-10 15:01:12.044000,31.35,31.3,31.35,30629537.0
2018-01-10 15:01:15.060000,31.35,31.3,31.35,30629537.0
2018-01-10 15:01:17.925000,31.35,31.3,31.35,30629537.0
2018-01-10 15:01:20.860000,31.35,31.3,31.35,30629537.0
2018-01-10 15:01:23.677000,31.35,31.3,31.35,30629537.0
2018-01-10 15:01:26.649000,31.35,31.3,31.35,30629537.0
2018-01-10 15:01:29.498000,31.35,31.3,31.35,30629537.0
2018-01-10 15:01:32.434000,31.35,31.3,31.35,30629537.0
2018-01-10 15:01:35.369000,31.35,31.3,31.35,30629537.0
2018-01-10 15:01:38.397000,31.35,31.3,31.35,30629537.0
2018-01-10 15:01:41.341000,31.35,31.3,31.35,30711037.0
2018-01-10 15:01:44.320000,31.35,31.3,31.35,30711037.0
