time,price,bid,ask,volume
2018-01-16 09:43:10.424000,5.22,5.21,5.23,2227400.0
2018-01-16 09:43:17.624000,5.22,5.22,5.23,2245400.0
2018-01-16 09:43:20.239000,5.22,5.22,5.23,2245400.0
2018-01-16 09:43:22.717000,5.22,5.22,5.23,2245400.0
2018-01-16 09:43:25.749000,5.22,5.22,5.23,2245400.0
2018-01-16 09:43:28.389000,5.22,5.22,5.23,2245400.0
2018-01-16 09:43:30.981000,5.22,5.22,5.23,2245400.0
2018-01-16 09:43:33.672000,5.22,5.22,5.23,2245400.0
2018-01-16 09:43:36.310000,5.22,5.22,5.23,2245400.0
2018-01-16 09:43:39.145000,5.22,5.22,5.23,2245400.0
2018-01-16 09:43:41.702000,5.22,5.22,5.23,2245400.0
2018-01-16 09:43:44.344000,5.22,5.22,5.23,2245400.0
2018-01-16 09:43:47.172000,5.22,5.22,5.23,2245400.0
2018-01-16 09:43:49.816000,5.22,5.22,5.23,2245400.0
2018-01-16 09:43:52.379000,5.22,5.22,5.23,2245400.0
2018-01-16 09:43:54.677000,5.22,5.22,5.23,2245400.0
2018-01-16 09:43:57.218000,5.22,5.22,5.23,2245400.0
2018-01-16 09:43:59.815000,5.22,5.22,5.23,2245400.0
2018-01-16 09:44:02.502000,5.22,5.22,5.23,2245400.0
2018-01-16 09:44:05.474000,5.22,5.22,5.23,2245400.0
2018-01-16 09:44:08.321000,5.22,5.22,5.23,2245400.0
2018-01-16 09:44:10.874000,5.22,5.22,5.23,2245400.0
2018-01-16 09:44:13.549000,5.22,5.22,5.23,2245400.0
2018-01-16 09:44:16.968000,5.22,5.22,5.23,2245400.0
2018-01-16 09:44:19.509000,5.22,5.22,5.23,2245400.0
2018-01-16 09:44:22.094000,5.22,5.22,5.23,2245400.0
2018-01-16 09:44:24.668000,5.22,5.22,5.23,2245400.0
2018-01-16 09:44:27.326000,5.22,5.22,5.23,2245400.0
2018-01-16 09:44:29.799000,5.22,5.22,5.23,2245400.0
2018-01-16 09:44:32.675000,5.22,5.22,5.23,2245400.0
2018-01-16 09:44:35.241000,5.22,5.21,5.23,2255400.0
2018-01-16 09:44:37.969000,5.22,5.21,5.23,2255400.0
2018-01-16 09:44:40.431000,5.22,5.21,5.23,2255400.0
2018-01-16 09:44:43.059000,5.22,5.21,5.23,2255400.0
2018-01-16 09:44:45.646000,5.22,5.21,5.23,2255400.0
2018-01-16 09:44:48.111000,5.22,5.21,5.23,2255400.0
2018-01-16 09:44:50.827000,5.22,5.21,5.23,2255400.0
2018-01-16 09:44:53.329000,5.22,5.21,5.23,2255400.0
2018-01-16 09:44:55.849000,5.22,5.21,5.23,2255400.0
2018-01-16 09:44:58.438000,5.22,5.21,5.23,2255400.0
2018-01-16 09:45:00.836000,5.22,5.21,5.23,2255400.0
2018-01-16 09:45:03.445000,5.22,5.21,5.23,2255400.0
2018-01-16 09:45:06.531000,5.22,5.21,5.23,2255400.0
2018-01-16 09:45:08.986000,5.22,5.21,5.23,2255400.0
2018-01-16 09:45:11.389000,5.22,5.21,5.23,2255400.0
2018-01-16 09:45:14.017000,5.22,5.21,5.23,2255400.0
2018-01-16 09:45:18.361000,5.22,5.21,5.23,2255400.0
2018-01-16 09:45:21,5.22,5.21,5.23,2255400.0
2018-01-16 09:45:23.534000,5.22,5.21,5.23,2255400.0
2018-01-16 09:45:26.171000,5.22,5.21,5.23,2255400.0
2018-01-16 09:45:28.730000,5.22,5.21,5.23,2255400.0
2018-01-16 09:45:31.389000,,,,
2018-01-16 09:45:34.149000,5.22,5.21,5.23,2255400.0
2018-01-16 09:45:37.319000,5.22,5.21,5.23,2255400.0
2018-01-16 09:45:40.125000,5.22,5.21,5.23,2255400.0
2018-01-16 09:45:42.782000,5.22,5.21,5.23,2255400.0
2018-01-16 09:45:45.792000,5.22,5.21,5.23,2255400.0
2018-01-16 09:45:48.501000,5.22,5.21,5.23,2255400.0
2018-01-16 09:45:51.155000,5.22,5.21,5.23,2255400.0
2018-01-16 09:45:54.039000,5.22,5.21,5.23,2255400.0
2018-01-16 09:45:56.546000,5.22,5.21,5.23,2255400.0
2018-01-16 09:45:59.196000,5.22,5.21,5.23,2255400.0
2018-01-16 09:46:01.720000,5.22,5.21,5.23,2255400.0
2018-01-16 09:46:04.345000,5.22,5.21,5.23,2255400.0
2018-01-16 09:46:07.031000,5.22,5.21,5.23,2255400.0
2018-01-16 09:46:09.649000,5.22,5.21,5.23,2255400.0
2018-01-16 09:46:12.144000,5.22,5.21,5.23,2255400.0
2018-01-16 09:46:15.579000,5.22,5.21,5.23,2255400.0
2018-01-16 09:46:18.174000,5.22,5.21,5.23,2255400.0
2018-01-16 09:46:21.026000,5.22,5.21,5.23,2255400.0
2018-01-16 09:46:23.483000,5.22,5.21,5.23,2255400.0
2018-01-16 09:46:26.268000,5.22,5.21,5.23,2255400.0
2018-01-16 09:46:29.443000,5.22,5.21,5.23,2255400.0
2018-01-16 09:46:32.615000,5.22,5.21,5.23,2255400.0
2018-01-16 09:46:35.649000,5.22,5.21,5.23,2255400.0
2018-01-16 09:46:39.250000,5.22,5.21,5.23,2255400.0
2018-01-16 09:46:42.618000,5.22,5.21,5.23,2255400.0
2018-01-16 09:46:45.763000,5.22,5.21,5.23,2255400.0
2018-01-16 09:46:48.931000,5.22,5.21,5.23,2255400.0
2018-01-16 09:46:52.020000,5.22,5.21,5.23,2255400.0
2018-01-16 09:46:55.814000,5.22,5.21,5.23,2255400.0
2018-01-16 09:46:59.304000,5.22,5.21,5.23,2255400.0
2018-01-16 09:47:02.387000,5.22,5.21,5.23,2255400.0
2018-01-16 09:47:05.714000,5.22,5.21,5.23,2255400.0
2018-01-16 09:47:08.871000,5.22,5.21,5.23,2255400.0
2018-01-16 09:47:11.706000,5.22,5.21,5.23,2255400.0
2018-01-16 09:47:16.813000,5.22,5.21,5.23,2255400.0
2018-01-16 09:47:19.492000,5.22,5.21,5.23,2255400.0
2018-01-16 09:47:22.356000,5.22,5.21,5.22,2255400.0
2018-01-16 09:47:24.999000,5.22,5.21,5.22,2255400.0
2018-01-16 09:47:28.021000,5.22,5.21,5.22,2255400.0
2018-01-16 09:47:30.821000,5.22,5.21,5.22,2255400.0
2018-01-16 09:47:33.391000,5.22,5.21,5.22,2255400.0
2018-01-16 09:47:36.379000,5.22,5.21,5.22,2255400.0
2018-01-16 09:47:38.960000,5.22,5.21,5.22,2255400.0
2018-01-16 09:47:41.536000,5.22,5.21,5.22,2255400.0
2018-01-16 09:47:44.215000,5.22,5.21,5.22,2255400.0
2018-01-16 09:47:46.674000,5.22,5.21,5.22,2255400.0
2018-01-16 09:47:49.368000,5.22,5.21,5.22,2255400.0
2018-01-16 09:47:51.918000,5.22,5.21,5.22,2255400.0
2018-01-16 09:47:54.510000,5.22,5.21,5.22,2255400.0
2018-01-16 09:47:56.883000,5.22,5.21,5.22,2255400.0
2018-01-16 09:47:59.401000,5.22,5.21,5.22,2255400.0
2018-01-16 09:48:02.344000,5.22,5.21,5.22,2255400.0
2018-01-16 09:48:05.005000,5.22,5.21,5.22,2255400.0
2018-01-16 09:48:08.935000,5.22,5.21,5.22,2255400.0
2018-01-16 09:48:11.519000,5.22,5.21,5.22,2255400.0
2018-01-16 09:48:17.026000,5.22,5.21,5.22,2255400.0
2018-01-16 09:48:19.103000,5.22,5.21,5.22,2255400.0
2018-01-16 09:48:21.347000,5.22,5.21,5.22,2255400.0
2018-01-16 09:48:23.542000,5.22,5.21,5.22,2255400.0
2018-01-16 09:48:25.624000,5.22,5.21,5.22,2255400.0
2018-01-16 09:48:28.162000,5.22,5.21,5.22,2255400.0
2018-01-16 09:48:30.308000,5.22,5.21,5.22,2255400.0
2018-01-16 09:48:32.684000,5.22,5.21,5.22,2255400.0
2018-01-16 09:48:34.956000,5.22,5.21,5.22,2255400.0
2018-01-16 09:48:37.181000,5.22,5.21,5.22,2255400.0
2018-01-16 09:48:39.218000,5.22,5.21,5.22,2255400.0
2018-01-16 09:48:41.364000,5.22,5.21,5.22,2255400.0
2018-01-16 09:48:43.425000,5.22,5.21,5.22,2255400.0
2018-01-16 09:48:45.580000,5.22,5.21,5.22,2255400.0
2018-01-16 09:48:47.625000,5.22,5.21,5.22,2255400.0
2018-01-16 09:48:50.005000,5.22,5.21,5.22,2255400.0
2018-01-16 09:48:52.638000,5.22,5.21,5.22,2255400.0
2018-01-16 09:48:55.229000,5.22,5.21,5.22,2255400.0
2018-01-16 09:48:57.821000,5.22,5.21,5.22,2255400.0
2018-01-16 09:49:00.340000,5.22,5.21,5.22,2255400.0
2018-01-16 09:49:02.917000,5.22,5.21,5.22,2255400.0
2018-01-16 09:49:05.740000,5.22,5.21,5.22,2255400.0
2018-01-16 09:49:08.311000,5.22,5.21,5.22,2255400.0
2018-01-16 09:49:11.026000,5.22,5.21,5.22,2255400.0
2018-01-16 09:49:15.921000,5.22,5.21,5.22,2255400.0
2018-01-16 09:49:18.504000,5.22,5.21,5.22,2255400.0
2018-01-16 09:49:20.999000,5.22,5.21,5.22,2255400.0
2018-01-16 09:49:23.052000,5.22,5.21,5.22,2255400.0
2018-01-16 09:49:25.660000,5.22,5.21,5.22,2255400.0
2018-01-16 09:49:28.129000,5.22,5.21,5.22,2255400.0
2018-01-16 09:49:30.222000,5.22,5.21,5.22,2255400.0
2018-01-16 09:49:32.357000,5.22,5.21,5.22,2255400.0
2018-01-16 09:49:34.563000,5.22,5.21,5.22,2255400.0
2018-01-16 09:49:36.710000,5.22,5.21,5.22,2255400.0
2018-01-16 09:49:38.834000,5.22,5.21,5.22,2255400.0
2018-01-16 09:49:41.093000,5.22,5.21,5.22,2255400.0
2018-01-16 09:49:43.567000,5.22,5.21,5.22,2255400.0
2018-01-16 09:49:45.834000,5.22,5.21,5.22,2255400.0
2018-01-16 09:49:48.035000,5.22,5.21,5.22,2255400.0
2018-01-16 09:49:50.191000,5.22,5.21,5.22,2255400.0
2018-01-16 09:49:52.856000,5.22,5.21,5.22,2255400.0
2018-01-16 09:49:55.317000,5.22,5.21,5.22,2255400.0
2018-01-16 09:49:57.481000,5.22,5.21,5.22,2255400.0
2018-01-16 09:49:59.898000,5.22,5.21,5.22,2255400.0
2018-01-16 09:50:02.466000,5.22,5.21,5.22,2255400.0
2018-01-16 09:50:04.807000,5.22,5.21,5.22,2255400.0
2018-01-16 09:50:06.969000,5.22,5.21,5.22,2255400.0
2018-01-16 09:50:09.405000,5.22,5.21,5.22,2255400.0
2018-01-16 09:50:11.554000,5.22,5.21,5.22,2255400.0
2018-01-16 09:50:13.899000,5.22,5.21,5.22,2255400.0
2018-01-16 09:50:16.061000,5.22,5.21,5.22,2255400.0
2018-01-16 09:50:18.307000,5.22,5.21,5.22,2255400.0
2018-01-16 09:50:20.494000,5.22,5.21,5.22,2255400.0
2018-01-16 09:50:22.907000,5.22,5.21,5.22,2255400.0
2018-01-16 09:50:25.132000,5.22,5.21,5.22,2255400.0
2018-01-16 09:50:27.266000,5.22,5.21,5.22,2255400.0
2018-01-16 09:50:29.813000,5.22,5.21,5.22,2255400.0
2018-01-16 09:50:31.983000,5.22,5.21,5.22,2255400.0
2018-01-16 09:50:34.171000,5.22,5.21,5.22,2255400.0
2018-01-16 09:50:36.157000,5.22,5.21,5.22,2255400.0
2018-01-16 09:50:38.302000,5.22,5.21,5.22,2255400.0
2018-01-16 09:50:40.988000,5.22,5.21,5.22,2255400.0
2018-01-16 09:50:43.195000,5.22,5.21,5.22,2255400.0
2018-01-16 09:50:45.257000,5.22,5.21,5.22,2255400.0
2018-01-16 09:50:47.405000,5.22,5.21,5.22,2255400.0
2018-01-16 09:50:49.593000,5.22,5.21,5.22,2255400.0
2018-01-16 09:50:51.726000,5.22,5.21,5.22,2255400.0
2018-01-16 09:50:53.853000,5.22,5.21,5.22,2255400.0
2018-01-16 09:50:56.335000,5.22,5.21,5.22,2255400.0
2018-01-16 09:50:58.444000,5.22,5.21,5.22,2255400.0
2018-01-16 09:51:00.569000,5.21,5.21,5.22,2555600.0
2018-01-16 09:51:02.768000,5.21,5.21,5.22,2555600.0
2018-01-16 09:51:05.221000,5.21,5.21,5.22,2555600.0
2018-01-16 09:51:07.577000,5.21,5.21,5.22,2555600.0
2018-01-16 09:51:09.454000,5.21,5.21,5.22,2555600.0
2018-01-16 09:51:11.680000,5.21,5.21,5.22,2555600.0
2018-01-16 09:51:16.352000,5.21,5.21,5.22,2578600.0
2018-01-16 09:51:18.133000,,,,
2018-01-16 09:51:20.257000,5.21,5.21,5.22,2578600.0
2018-01-16 09:51:22.219000,5.21,5.21,5.22,2578600.0
2018-01-16 09:51:24.281000,5.21,5.21,5.22,2578600.0
2018-01-16 09:51:26.384000,5.21,5.21,5.22,2578600.0
2018-01-16 09:51:28.400000,5.21,5.21,5.22,2578600.0
2018-01-16 09:51:30.619000,5.21,5.21,5.22,2578600.0
2018-01-16 09:51:33.123000,5.21,5.21,5.22,2578600.0
2018-01-16 09:51:35.127000,5.21,5.21,5.22,2578600.0
2018-01-16 09:51:37.252000,5.21,5.21,5.22,2578600.0
2018-01-16 09:51:39.392000,5.21,5.21,5.22,2578600.0
2018-01-16 09:51:41.539000,5.21,5.21,5.22,2578600.0
2018-01-16 09:51:43.881000,5.21,5.21,5.22,2578600.0
2018-01-16 09:51:46.096000,5.21,5.21,5.22,2578600.0
2018-01-16 09:51:48.715000,5.21,5.21,5.22,2578600.0
2018-01-16 09:51:50.729000,5.21,5.21,5.22,2578600.0
2018-01-16 09:51:52.751000,5.21,5.21,5.22,2578600.0
2018-01-16 09:51:54.692000,5.21,5.21,5.22,2578600.0
2018-01-16 09:51:56.952000,5.21,5.21,5.22,2578600.0
2018-01-16 09:51:59.170000,5.21,5.21,5.22,2578600.0
2018-01-16 09:52:01.175000,5.21,5.21,5.22,2578600.0
2018-01-16 09:52:03.650000,5.21,5.21,5.22,2578600.0
2018-01-16 09:52:07.406000,5.21,5.21,5.22,2598600.0
2018-01-16 09:52:09.389000,5.21,5.21,5.22,2598600.0
2018-01-16 09:52:11.446000,5.21,5.21,5.22,2598600.0
2018-01-16 09:52:13.471000,5.21,5.21,5.22,2598600.0
2018-01-16 09:52:17.158000,5.21,5.21,5.22,2598600.0
2018-01-16 09:52:19.157000,5.21,5.21,5.22,2598600.0
2018-01-16 09:52:21.383000,5.21,5.21,5.22,2598600.0
2018-01-16 09:52:23.634000,5.21,5.21,5.22,2598600.0
2018-01-16 09:52:25.601000,5.21,5.21,5.22,2598600.0
2018-01-16 09:52:27.673000,5.21,5.2,5.22,2598600.0
2018-01-16 09:52:29.705000,5.21,5.2,5.22,2598600.0
2018-01-16 09:52:32.112000,5.21,5.2,5.22,2598600.0
2018-01-16 09:52:34.034000,5.21,5.2,5.22,2598600.0
2018-01-16 09:52:36.208000,5.21,5.2,5.22,2598600.0
2018-01-16 09:52:38.358000,5.21,5.2,5.22,2598600.0
2018-01-16 09:52:40.428000,5.21,5.2,5.22,2598600.0
2018-01-16 09:52:42.424000,5.21,5.2,5.22,2598600.0
2018-01-16 09:52:44.392000,5.21,5.21,5.22,2598600.0
2018-01-16 09:52:46.369000,5.21,5.21,5.22,2598600.0
2018-01-16 09:52:48.542000,5.21,5.21,5.22,2598600.0
2018-01-16 09:52:50.499000,5.21,5.21,5.22,2598600.0
2018-01-16 09:52:52.504000,5.21,5.21,5.22,2598600.0
2018-01-16 09:52:54.690000,5.21,5.21,5.22,2598600.0
2018-01-16 09:52:56.838000,5.21,5.21,5.22,2598600.0
2018-01-16 09:52:58.790000,5.21,5.21,5.22,2598600.0
2018-01-16 09:53:00.683000,5.21,5.21,5.22,2598600.0
2018-01-16 09:53:02.707000,5.21,5.21,5.22,2598600.0
2018-01-16 09:53:05.394000,5.21,5.21,5.22,2598600.0
2018-01-16 09:53:07.502000,5.21,5.21,5.22,2598600.0
2018-01-16 09:53:09.503000,5.21,5.21,5.22,2598600.0
2018-01-16 09:53:11.542000,5.21,5.21,5.22,2598600.0
2018-01-16 09:53:13.574000,5.21,5.21,5.22,2598600.0
2018-01-16 09:53:15.651000,5.21,5.21,5.22,2598600.0
2018-01-16 09:53:17.674000,5.21,5.21,5.22,2598600.0
2018-01-16 09:53:19.677000,5.21,5.21,5.22,2598600.0
2018-01-16 09:53:21.638000,5.21,5.21,5.22,2598600.0
2018-01-16 09:53:23.761000,5.21,5.21,5.22,2598600.0
2018-01-16 09:53:25.748000,5.21,5.21,5.22,2598600.0
2018-01-16 09:53:27.783000,5.21,5.21,5.22,2598600.0
2018-01-16 09:53:29.901000,5.21,5.21,5.22,2598600.0
2018-01-16 09:53:32.035000,5.21,5.21,5.22,2598600.0
2018-01-16 09:53:34.351000,5.21,5.21,5.22,2598600.0
2018-01-16 09:53:36.451000,5.21,5.21,5.22,2598600.0
2018-01-16 09:53:38.448000,5.21,5.21,5.22,2598600.0
2018-01-16 09:53:40.430000,5.21,5.21,5.22,2598600.0
2018-01-16 09:53:42.456000,5.21,5.21,5.22,2598600.0
2018-01-16 09:53:44.503000,5.21,5.21,5.22,2598600.0
2018-01-16 09:53:46.636000,5.21,5.21,5.22,2598600.0
2018-01-16 09:53:48.885000,5.21,5.21,5.22,2598600.0
2018-01-16 09:53:51.003000,5.21,5.21,5.22,2598600.0
2018-01-16 09:53:53.025000,5.21,5.21,5.22,2598600.0
2018-01-16 09:53:55.023000,5.21,5.21,5.22,2598600.0
2018-01-16 09:53:57.222000,5.21,5.21,5.22,2598600.0
2018-01-16 09:53:59.223000,5.21,5.21,5.22,2598600.0
2018-01-16 09:54:01.368000,5.21,5.21,5.22,2598600.0
2018-01-16 09:54:03.480000,5.21,5.21,5.22,2598600.0
2018-01-16 09:54:07.536000,5.21,5.21,5.22,2598600.0
2018-01-16 09:54:09.551000,5.21,5.21,5.22,2598600.0
2018-01-16 09:54:11.777000,5.21,5.21,5.22,2598600.0
2018-01-16 09:54:13.856000,5.21,5.21,5.22,2598600.0
2018-01-16 09:54:17.362000,5.21,5.21,5.22,2598600.0
2018-01-16 09:54:19.549000,5.21,5.21,5.22,2598600.0
2018-01-16 09:54:21.764000,5.21,5.21,5.22,2598600.0
2018-01-16 09:54:23.858000,5.21,5.21,5.22,2598600.0
2018-01-16 09:54:26.023000,5.21,5.21,5.22,2598600.0
2018-01-16 09:54:28.017000,5.21,5.21,5.22,2598600.0
2018-01-16 09:54:30.079000,5.21,5.21,5.22,2598600.0
2018-01-16 09:54:32.239000,5.21,5.21,5.22,2598600.0
2018-01-16 09:54:34.316000,5.21,5.21,5.22,2598600.0
2018-01-16 09:54:36.501000,5.21,5.21,5.22,2598600.0
2018-01-16 09:54:38.550000,5.21,5.21,5.22,2598600.0
2018-01-16 09:54:40.566000,5.21,5.21,5.22,2598600.0
2018-01-16 09:54:42.616000,5.21,5.21,5.22,2598600.0
2018-01-16 09:54:44.558000,5.21,5.21,5.22,2598600.0
2018-01-16 09:54:46.623000,5.21,5.2,5.21,2598600.0
2018-01-16 09:54:48.497000,5.21,5.2,5.21,2598600.0
2018-01-16 09:54:50.529000,5.21,5.2,5.21,2598600.0
2018-01-16 09:54:52.721000,5.21,5.2,5.21,2598600.0
2018-01-16 09:54:54.850000,5.21,5.2,5.21,2598600.0
2018-01-16 09:54:56.825000,5.21,5.2,5.21,2598600.0
2018-01-16 09:54:58.778000,5.21,5.2,5.21,2598600.0
2018-01-16 09:55:00.747000,5.21,5.2,5.21,2598600.0
2018-01-16 09:55:03.362000,5.21,5.2,5.21,2598600.0
2018-01-16 09:55:05.472000,5.21,5.2,5.21,2598600.0
2018-01-16 09:55:07.630000,5.21,5.2,5.21,2598600.0
2018-01-16 09:55:09.617000,5.21,5.2,5.21,2598600.0
2018-01-16 09:55:12.413000,5.21,5.2,5.21,2598600.0
2018-01-16 09:55:16.638000,5.21,5.2,5.21,2598600.0
2018-01-16 09:55:18.667000,5.21,5.2,5.21,2598600.0
2018-01-16 09:55:20.806000,5.21,5.2,5.21,2598600.0
2018-01-16 09:55:23.006000,5.21,5.2,5.21,2598600.0
2018-01-16 09:55:25.412000,5.21,5.2,5.21,2598600.0
2018-01-16 09:55:27.569000,5.21,5.2,5.21,2598600.0
2018-01-16 09:55:29.666000,5.21,5.2,5.21,2598600.0
2018-01-16 09:55:31.620000,5.21,5.2,5.21,2598600.0
2018-01-16 09:55:33.609000,5.21,5.2,5.21,2598600.0
2018-01-16 09:55:35.670000,5.21,5.2,5.21,2598600.0
2018-01-16 09:55:37.677000,5.21,5.2,5.21,2598600.0
2018-01-16 09:55:39.744000,5.21,5.2,5.21,2598600.0
2018-01-16 09:55:41.812000,5.21,5.2,5.21,2598600.0
2018-01-16 09:55:43.785000,5.21,5.2,5.21,2598600.0
2018-01-16 09:55:45.675000,5.21,5.2,5.21,2598600.0
2018-01-16 09:55:47.630000,5.21,5.2,5.21,2598600.0
2018-01-16 09:55:49.707000,5.21,5.2,5.21,2598600.0
2018-01-16 09:55:51.813000,5.21,5.2,5.21,2598600.0
2018-01-16 09:55:53.844000,5.21,5.2,5.21,2598600.0
2018-01-16 09:55:55.930000,5.21,5.2,5.21,2598600.0
2018-01-16 09:55:58.045000,5.21,5.2,5.21,2598600.0
2018-01-16 09:56:00.098000,5.21,5.2,5.21,2598600.0
2018-01-16 09:56:02.272000,5.21,5.2,5.21,2598600.0
2018-01-16 09:56:04.259000,5.21,5.2,5.21,2598600.0
2018-01-16 09:56:06.266000,5.21,5.2,5.21,2598600.0
2018-01-16 09:56:08.281000,5.21,5.2,5.21,2598600.0
2018-01-16 09:56:10.217000,5.21,5.2,5.21,2598600.0
2018-01-16 09:56:14.775000,5.21,5.2,5.21,2598600.0
2018-01-16 09:56:16.888000,5.21,5.2,5.21,2598600.0
2018-01-16 09:56:19.274000,5.21,5.2,5.21,2598600.0
2018-01-16 09:56:21.288000,5.21,5.2,5.21,2598600.0
2018-01-16 09:56:23.405000,5.21,5.2,5.21,2598600.0
2018-01-16 09:56:25.340000,5.21,5.2,5.21,2598600.0
2018-01-16 09:56:27.374000,5.21,5.2,5.21,2598600.0
2018-01-16 09:56:29.500000,5.21,5.2,5.21,2598600.0
2018-01-16 09:56:31.546000,5.21,5.2,5.21,2598600.0
2018-01-16 09:56:33.590000,5.21,5.2,5.21,2598600.0
2018-01-16 09:56:35.642000,5.21,5.2,5.21,2598600.0
2018-01-16 09:56:37.665000,5.21,5.2,5.21,2598600.0
2018-01-16 09:56:39.672000,5.21,5.2,5.21,2598600.0
2018-01-16 09:56:41.734000,5.21,5.2,5.21,2598600.0
2018-01-16 09:56:44.126000,5.21,5.2,5.21,2598600.0
2018-01-16 09:56:46.127000,5.21,5.2,5.21,2598600.0
2018-01-16 09:56:48.264000,5.21,5.2,5.21,2598600.0
2018-01-16 09:56:50.281000,5.21,5.2,5.21,2598600.0
2018-01-16 09:56:52.396000,5.21,5.2,5.21,2598600.0
2018-01-16 09:56:54.462000,5.21,5.2,5.21,2598600.0
2018-01-16 09:56:56.574000,5.21,5.2,5.21,2598600.0
2018-01-16 09:56:58.595000,5.21,5.2,5.21,2598600.0
2018-01-16 09:57:00.558000,5.21,5.2,5.21,2598600.0
2018-01-16 09:57:02.553000,5.21,5.2,5.21,2598600.0
2018-01-16 09:57:04.600000,5.21,5.2,5.21,2598600.0
2018-01-16 09:57:06.562000,5.21,5.2,5.21,2598600.0
2018-01-16 09:57:08.577000,5.21,5.2,5.21,2598600.0
2018-01-16 09:57:13.516000,5.21,5.2,5.21,2598600.0
2018-01-16 09:57:17.802000,5.21,5.2,5.21,2598600.0
2018-01-16 09:57:20.043000,5.21,5.2,5.21,2598600.0
2018-01-16 09:57:22.508000,5.2,5.2,5.21,2602600.0
2018-01-16 09:57:24.403000,5.2,5.2,5.21,2602600.0
2018-01-16 09:57:26.465000,5.2,5.2,5.21,2602600.0
2018-01-16 09:57:28.726000,5.2,5.2,5.21,2602600.0
2018-01-16 09:57:31.024000,5.2,5.2,5.21,2602600.0
2018-01-16 09:57:33.403000,5.2,5.2,5.21,2602600.0
2018-01-16 09:57:35.841000,5.2,5.2,5.21,2602600.0
2018-01-16 09:57:38.331000,5.2,5.2,5.21,2602600.0
2018-01-16 09:57:40.521000,5.2,5.2,5.21,2602600.0
2018-01-16 09:57:42.902000,5.2,5.2,5.21,2602600.0
2018-01-16 09:57:45.007000,5.2,5.2,5.21,2602600.0
2018-01-16 09:57:47.398000,5.2,5.2,5.21,2602600.0
2018-01-16 09:57:49.817000,5.2,5.2,5.21,2602600.0
2018-01-16 09:57:52.160000,5.2,5.2,5.21,2602600.0
2018-01-16 09:57:54.389000,5.2,5.2,5.21,2602600.0
2018-01-16 09:57:56.610000,5.2,5.2,5.21,2602600.0
2018-01-16 09:57:58.668000,5.2,5.2,5.21,2602600.0
2018-01-16 09:58:01.153000,5.2,5.2,5.21,2602600.0
2018-01-16 09:58:03.494000,5.2,5.2,5.21,2602600.0
2018-01-16 09:58:05.727000,5.2,5.2,5.21,2602600.0
2018-01-16 09:58:07.949000,5.2,5.2,5.21,2602600.0
2018-01-16 09:58:10.525000,5.2,5.2,5.21,2602600.0
2018-01-16 09:58:12.540000,5.2,5.2,5.21,2602600.0
2018-01-16 09:58:16.442000,5.2,5.2,5.21,2602600.0
2018-01-16 09:58:18.731000,5.2,5.2,5.21,2602600.0
2018-01-16 09:58:20.935000,5.2,5.2,5.21,2602600.0
2018-01-16 09:58:23.248000,5.2,5.2,5.21,2602600.0
2018-01-16 09:58:25.630000,5.2,5.2,5.21,2602600.0
2018-01-16 09:58:27.765000,5.2,5.2,5.21,2602600.0
2018-01-16 09:58:30.155000,5.2,5.2,5.21,2602600.0
2018-01-16 09:58:32.333000,5.2,5.2,5.21,2602600.0
2018-01-16 09:58:34.670000,5.2,5.2,5.21,2602600.0
2018-01-16 09:58:37.129000,5.2,5.2,5.21,2602600.0
2018-01-16 09:58:39.338000,5.2,5.2,5.21,2602600.0
2018-01-16 09:58:41.604000,5.2,5.2,5.21,2602600.0
2018-01-16 09:58:43.901000,5.2,5.2,5.21,2602600.0
2018-01-16 09:58:46.555000,5.2,5.2,5.21,2602600.0
2018-01-16 09:58:48.682000,5.2,5.2,5.21,2602600.0
2018-01-16 09:58:50.727000,5.2,5.2,5.21,2602600.0
2018-01-16 09:58:53.056000,5.2,5.2,5.21,2602600.0
2018-01-16 09:58:55.055000,5.2,5.2,5.21,2602600.0
2018-01-16 09:58:57.316000,5.2,5.2,5.21,2602600.0
2018-01-16 09:58:59.508000,5.2,5.2,5.21,2602600.0
2018-01-16 09:59:01.987000,5.2,5.2,5.21,2602600.0
2018-01-16 09:59:04.484000,5.2,5.2,5.21,2602600.0
2018-01-16 09:59:06.825000,5.2,5.2,5.21,2602600.0
2018-01-16 09:59:09.109000,5.2,5.2,5.21,2602600.0
2018-01-16 09:59:11.460000,5.2,5.2,5.21,2602600.0
2018-01-16 09:59:13.876000,5.2,5.2,5.21,2602600.0
2018-01-16 09:59:17.915000,5.2,5.2,5.21,2602600.0
2018-01-16 09:59:20.246000,5.2,5.2,5.21,2602600.0
2018-01-16 09:59:22.930000,5.2,5.2,5.21,2602600.0
2018-01-16 09:59:25.381000,5.2,5.2,5.21,2602600.0
2018-01-16 09:59:27.933000,5.2,5.2,5.21,2602600.0
2018-01-16 09:59:30.424000,5.2,5.2,5.21,2602600.0
2018-01-16 09:59:32.995000,5.2,5.2,5.21,2602600.0
2018-01-16 09:59:35.364000,5.2,5.2,5.21,2602600.0
2018-01-16 09:59:37.833000,5.2,5.2,5.21,2602600.0
2018-01-16 09:59:40.271000,5.2,5.2,5.21,2602600.0
2018-01-16 09:59:42.613000,5.2,5.2,5.21,2602600.0
2018-01-16 09:59:45.007000,5.2,5.2,5.21,2602600.0
2018-01-16 09:59:47.519000,5.2,5.2,5.21,2602600.0
2018-01-16 09:59:50.002000,5.2,5.2,5.21,2602600.0
2018-01-16 09:59:52.237000,5.2,5.2,5.21,2602600.0
2018-01-16 09:59:54.607000,5.2,5.2,5.21,2602600.0
2018-01-16 09:59:57.022000,5.2,5.2,5.21,2602600.0
2018-01-16 09:59:59.563000,5.2,5.2,5.21,2602600.0
2018-01-16 10:00:01.948000,5.2,5.2,5.21,2602600.0
2018-01-16 10:00:04.639000,5.2,5.2,5.21,2602600.0
2018-01-16 10:00:07.225000,5.2,5.2,5.21,2602600.0
2018-01-16 10:00:09.659000,5.2,5.2,5.21,2602600.0
2018-01-16 10:00:12.129000,5.2,5.2,5.21,2602600.0
2018-01-16 10:00:17.442000,5.2,5.2,5.21,2602600.0
2018-01-16 10:00:19.844000,5.2,5.2,5.21,2602600.0
2018-01-16 10:00:22.161000,5.2,5.2,5.21,2602600.0
2018-01-16 10:00:24.782000,5.2,5.2,5.21,2602600.0
2018-01-16 10:00:27.100000,5.2,5.2,5.21,2602600.0
2018-01-16 10:00:29.420000,5.2,5.2,5.21,2602600.0
2018-01-16 10:00:31.758000,5.2,5.2,5.21,2602600.0
2018-01-16 10:00:34.133000,5.2,5.2,5.21,2602600.0
2018-01-16 10:00:36.657000,5.2,5.2,5.21,2602600.0
2018-01-16 10:00:39.016000,5.2,5.2,5.21,2602600.0
2018-01-16 10:00:41.431000,5.2,5.2,5.21,2602600.0
2018-01-16 10:00:44.038000,5.2,5.2,5.21,2602600.0
2018-01-16 10:00:46.470000,5.2,5.2,5.21,2602600.0
2018-01-16 10:00:48.909000,5.2,5.2,5.21,2608600.0
2018-01-16 10:00:51.143000,5.2,5.2,5.21,2608600.0
2018-01-16 10:00:53.542000,5.2,5.2,5.21,2608600.0
2018-01-16 10:00:55.928000,5.2,5.2,5.21,2608600.0
2018-01-16 10:00:58.252000,5.2,5.2,5.21,2608600.0
2018-01-16 10:01:00.637000,5.2,5.2,5.21,2608600.0
2018-01-16 10:01:03.185000,5.2,5.2,5.21,2608600.0
2018-01-16 10:01:05.607000,5.2,5.2,5.21,2608600.0
2018-01-16 10:01:08.501000,5.2,5.2,5.21,2608600.0
2018-01-16 10:01:10.945000,5.2,5.2,5.21,2608600.0
2018-01-16 10:01:13.416000,5.2,5.2,5.21,2608600.0
2018-01-16 10:01:16.985000,5.2,5.2,5.21,2608600.0
2018-01-16 10:01:19.409000,5.2,5.2,5.21,2608600.0
2018-01-16 10:01:21.762000,5.2,5.2,5.21,2608600.0
2018-01-16 10:01:24.449000,5.2,5.2,5.21,2608600.0
2018-01-16 10:01:26.849000,5.2,5.2,5.21,2608600.0
2018-01-16 10:01:29.190000,5.2,5.2,5.21,2608600.0
2018-01-16 10:01:31.778000,5.2,5.2,5.21,2608600.0
2018-01-16 10:01:34.301000,5.2,5.2,5.21,2608600.0
2018-01-16 10:01:36.777000,5.2,5.2,5.21,2608600.0
2018-01-16 10:01:39.203000,5.2,5.2,5.21,2608600.0
2018-01-16 10:01:41.634000,5.2,5.2,5.21,2608600.0
2018-01-16 10:01:44.062000,5.2,5.2,5.21,2608600.0
2018-01-16 10:01:46.440000,5.2,5.2,5.21,2608600.0
2018-01-16 10:01:48.791000,5.2,5.2,5.21,2608600.0
2018-01-16 10:01:51.263000,5.2,5.2,5.21,2608600.0
2018-01-16 10:01:53.752000,5.2,5.2,5.21,2608600.0
2018-01-16 10:01:55.991000,5.2,5.2,5.21,2608600.0
2018-01-16 10:01:58.308000,5.2,5.2,5.21,2608600.0
2018-01-16 10:02:00.620000,5.2,5.2,5.21,2608600.0
2018-01-16 10:02:03.057000,5.2,5.2,5.21,2608600.0
2018-01-16 10:02:05.458000,5.2,5.2,5.21,2608600.0
2018-01-16 10:02:08.814000,5.2,5.2,5.21,2608600.0
2018-01-16 10:02:11.150000,5.2,5.2,5.21,2608600.0
2018-01-16 10:02:17.601000,5.2,5.2,5.21,2608600.0
2018-01-16 10:02:20.092000,5.2,5.2,5.21,2608600.0
2018-01-16 10:02:22.337000,5.2,5.2,5.21,2608600.0
2018-01-16 10:02:24.921000,5.2,5.2,5.21,2608600.0
2018-01-16 10:02:27.290000,5.2,5.2,5.21,2608600.0
2018-01-16 10:02:29.701000,5.2,5.2,5.21,2608600.0
2018-01-16 10:02:32.539000,5.2,5.2,5.21,2608600.0
2018-01-16 10:02:35.056000,5.2,5.2,5.21,2608600.0
2018-01-16 10:02:37.460000,5.2,5.2,5.21,2608600.0
2018-01-16 10:02:40.256000,5.2,5.2,5.21,2608600.0
2018-01-16 10:02:42.902000,5.2,5.2,5.21,2608600.0
2018-01-16 10:02:45.418000,5.2,5.2,5.21,2608600.0
2018-01-16 10:02:47.744000,5.2,5.2,5.21,2608600.0
2018-01-16 10:02:50.155000,5.2,5.2,5.21,2608600.0
2018-01-16 10:02:52.603000,5.2,5.2,5.21,2608600.0
2018-01-16 10:02:54.784000,5.2,5.2,5.21,2608600.0
2018-01-16 10:02:57.060000,5.2,5.2,5.21,2608600.0
2018-01-16 10:02:59.399000,5.2,5.2,5.21,2608600.0
2018-01-16 10:03:01.891000,5.2,5.2,5.21,2608600.0
2018-01-16 10:03:04.506000,5.2,5.2,5.21,2608600.0
2018-01-16 10:03:06.943000,5.2,5.2,5.21,2622600.0
2018-01-16 10:03:09.538000,5.2,5.2,5.21,2622600.0
2018-01-16 10:03:11.805000,5.2,5.2,5.21,2622600.0
2018-01-16 10:03:14.315000,5.2,5.2,5.21,2622600.0
2018-01-16 10:03:16.715000,5.2,5.2,5.21,2622600.0
2018-01-16 10:03:19.678000,5.2,5.2,5.21,2622600.0
2018-01-16 10:03:22.026000,5.2,5.2,5.21,2622600.0
2018-01-16 10:03:24.784000,5.2,5.2,5.21,2622600.0
2018-01-16 10:03:27.158000,5.2,5.2,5.21,2622600.0
2018-01-16 10:03:29.729000,5.2,5.2,5.21,2622600.0
2018-01-16 10:03:32.164000,5.2,5.2,5.21,2622600.0
2018-01-16 10:03:34.555000,5.2,5.2,5.21,2622600.0
2018-01-16 10:03:36.896000,5.2,5.2,5.21,2715100.0
2018-01-16 10:03:39.458000,5.2,5.2,5.21,2715100.0
2018-01-16 10:03:42.116000,5.2,5.2,5.21,2716100.0
2018-01-16 10:03:44.414000,5.2,5.2,5.21,2716100.0
2018-01-16 10:03:46.916000,5.2,5.2,5.21,2716100.0
2018-01-16 10:03:49.161000,5.2,5.2,5.21,2716100.0
2018-01-16 10:03:51.624000,5.2,5.2,5.21,2716100.0
2018-01-16 10:03:53.948000,5.2,5.2,5.21,2716100.0
2018-01-16 10:03:56.269000,5.2,5.2,5.21,2716100.0
2018-01-16 10:03:58.747000,5.2,5.2,5.21,2716100.0
2018-01-16 10:04:01.235000,5.2,5.2,5.21,2716100.0
2018-01-16 10:04:03.626000,5.2,5.2,5.21,2716100.0
2018-01-16 10:04:06.207000,5.2,5.2,5.21,2716100.0
2018-01-16 10:04:08.687000,5.2,5.2,5.21,2716100.0
2018-01-16 10:04:11.101000,5.2,5.2,5.21,2716100.0
2018-01-16 10:04:13.567000,5.2,5.2,5.21,2716100.0
2018-01-16 10:04:15.911000,5.2,5.2,5.21,2716100.0
2018-01-16 10:04:19.063000,5.2,5.2,5.21,2716100.0
2018-01-16 10:04:21.449000,5.2,5.19,5.2,2716100.0
2018-01-16 10:04:23.968000,5.2,5.19,5.2,2716100.0
2018-01-16 10:04:26.183000,5.2,5.19,5.2,2716100.0
2018-01-16 10:04:28.626000,5.2,5.19,5.2,2716100.0
2018-01-16 10:04:31.096000,5.2,5.19,5.2,2716100.0
2018-01-16 10:04:33.546000,5.2,5.19,5.21,2716100.0
2018-01-16 10:04:35.730000,5.2,5.19,5.21,2716100.0
2018-01-16 10:04:38.249000,5.2,5.19,5.21,2716100.0
2018-01-16 10:04:40.760000,5.2,5.19,5.21,2716100.0
2018-01-16 10:04:43.031000,5.2,5.19,5.21,2716100.0
2018-01-16 10:04:45.401000,5.2,5.19,5.21,2716100.0
2018-01-16 10:04:48.032000,5.2,5.19,5.21,2716100.0
2018-01-16 10:04:50.450000,5.2,5.19,5.21,2716100.0
2018-01-16 10:04:52.871000,5.2,5.19,5.21,2716100.0
2018-01-16 10:04:55.222000,5.2,5.19,5.21,2716100.0
2018-01-16 10:04:57.606000,5.2,5.19,5.21,2716100.0
2018-01-16 10:05:00.147000,5.2,5.19,5.21,2716100.0
2018-01-16 10:05:02.606000,5.2,5.19,5.21,2716100.0
2018-01-16 10:05:05.279000,5.2,5.19,5.21,2716100.0
2018-01-16 10:05:08.109000,5.2,5.19,5.21,2716100.0
2018-01-16 10:05:10.527000,5.2,5.19,5.21,2716100.0
2018-01-16 10:05:13.253000,5.2,5.19,5.21,2716100.0
2018-01-16 10:05:16.007000,5.2,5.19,5.21,2716100.0
2018-01-16 10:05:19.040000,5.2,5.19,5.21,2716100.0
2018-01-16 10:05:21.362000,5.2,5.19,5.21,2716100.0
2018-01-16 10:05:23.800000,5.2,5.19,5.21,2716100.0
2018-01-16 10:05:26.178000,5.2,5.19,5.21,2716100.0
2018-01-16 10:05:28.515000,5.2,5.19,5.21,2716100.0
2018-01-16 10:05:31.097000,5.2,5.19,5.21,2716100.0
2018-01-16 10:05:33.622000,5.2,5.19,5.21,2716100.0
2018-01-16 10:05:36.143000,5.2,5.19,5.21,2716100.0
2018-01-16 10:05:38.591000,5.19,5.19,5.2,2726100.0
2018-01-16 10:05:41.158000,5.19,5.19,5.2,2726100.0
2018-01-16 10:05:43.640000,5.19,5.19,5.2,2726100.0
2018-01-16 10:05:45.988000,5.19,5.19,5.2,2726100.0
2018-01-16 10:05:48.391000,5.19,5.19,5.2,2726100.0
2018-01-16 10:05:51.047000,5.19,5.19,5.2,2726100.0
2018-01-16 10:05:53.481000,5.19,5.19,5.2,2726100.0
2018-01-16 10:05:55.709000,5.19,5.19,5.2,2726100.0
2018-01-16 10:05:58.278000,5.19,5.19,5.2,2726100.0
2018-01-16 10:06:00.993000,5.19,5.19,5.2,2726100.0
2018-01-16 10:06:03.497000,5.19,5.19,5.2,2726100.0
2018-01-16 10:06:09.049000,5.19,5.19,5.2,2726100.0
2018-01-16 10:06:11.474000,5.19,5.19,5.2,2726100.0
2018-01-16 10:06:16.704000,5.19,5.19,5.2,2726100.0
2018-01-16 10:06:19.298000,5.19,5.19,5.2,2726100.0
2018-01-16 10:06:21.754000,5.19,5.19,5.2,2726100.0
2018-01-16 10:06:24.298000,5.19,5.19,5.2,2726100.0
2018-01-16 10:06:26.705000,5.19,5.19,5.2,2726100.0
2018-01-16 10:06:29.112000,5.19,5.19,5.2,2726100.0
2018-01-16 10:06:31.518000,5.19,5.19,5.2,2726100.0
2018-01-16 10:06:34.079000,5.19,5.19,5.2,2726100.0
2018-01-16 10:06:36.705000,5.19,5.19,5.2,2726100.0
2018-01-16 10:06:39.242000,5.19,5.19,5.2,2726100.0
2018-01-16 10:06:41.727000,5.19,5.19,5.2,2726100.0
2018-01-16 10:06:44.067000,5.19,5.19,5.21,2726100.0
2018-01-16 10:06:46.395000,5.19,5.19,5.21,2726100.0
2018-01-16 10:06:49.014000,5.19,5.19,5.21,2726100.0
2018-01-16 10:06:51.455000,5.19,5.19,5.21,2726100.0
2018-01-16 10:06:53.819000,5.19,5.19,5.21,2726100.0
2018-01-16 10:06:56.089000,5.19,5.19,5.21,2726100.0
2018-01-16 10:06:58.938000,5.19,5.19,5.21,2726100.0
2018-01-16 10:07:01.535000,5.19,5.19,5.21,2726100.0
2018-01-16 10:07:04.071000,5.19,5.19,5.21,2726100.0
2018-01-16 10:07:06.558000,5.19,5.19,5.21,2726100.0
2018-01-16 10:07:09.393000,5.19,5.19,5.21,2726100.0
2018-01-16 10:07:12.011000,5.19,5.19,5.21,2726100.0
2018-01-16 10:07:17.750000,5.19,5.19,5.21,2726100.0
2018-01-16 10:07:20.187000,5.2,5.19,5.21,2750400.0
2018-01-16 10:07:22.706000,5.2,5.19,5.21,2750400.0
2018-01-16 10:07:25.288000,5.2,5.19,5.21,2750400.0
2018-01-16 10:07:27.706000,5.2,5.19,5.21,2750400.0
2018-01-16 10:07:29.989000,5.2,5.19,5.21,2750400.0
2018-01-16 10:07:32.484000,5.2,5.19,5.21,2750400.0
2018-01-16 10:07:34.891000,5.2,5.19,5.21,2750400.0
2018-01-16 10:07:37.173000,5.2,5.19,5.21,2750400.0
2018-01-16 10:07:39.419000,5.2,5.19,5.21,2750400.0
2018-01-16 10:07:41.885000,5.2,5.19,5.21,2750400.0
2018-01-16 10:07:44.252000,5.2,5.19,5.21,2750400.0
2018-01-16 10:07:46.709000,5.2,5.19,5.21,2750400.0
2018-01-16 10:07:49.173000,5.2,5.19,5.21,2750400.0
2018-01-16 10:07:51.736000,5.2,5.19,5.21,2750400.0
2018-01-16 10:07:54.103000,5.2,5.19,5.21,2750400.0
2018-01-16 10:07:56.794000,5.2,5.19,5.21,2750400.0
2018-01-16 10:07:59.225000,5.2,5.19,5.21,2750400.0
2018-01-16 10:08:01.492000,5.2,5.19,5.21,2750400.0
2018-01-16 10:08:04.065000,5.2,5.19,5.21,2750400.0
2018-01-16 10:08:06.409000,5.2,5.19,5.21,2750400.0
2018-01-16 10:08:08.951000,5.2,5.19,5.21,2750400.0
2018-01-16 10:08:11.377000,5.2,5.19,5.21,2750400.0
2018-01-16 10:08:15.698000,5.2,5.19,5.21,2750400.0
2018-01-16 10:08:18.369000,5.2,5.19,5.21,2750400.0
2018-01-16 10:08:20.997000,5.2,5.19,5.21,2750400.0
2018-01-16 10:08:23.826000,5.2,5.19,5.21,2750400.0
2018-01-16 10:08:26.418000,5.2,5.19,5.21,2750400.0
2018-01-16 10:08:28.915000,5.2,5.19,5.21,2750400.0
2018-01-16 10:08:31.544000,5.2,5.19,5.21,2750400.0
2018-01-16 10:08:34.108000,5.2,5.19,5.21,2750400.0
2018-01-16 10:08:36.820000,5.2,5.19,5.21,2750400.0
2018-01-16 10:08:39.465000,5.2,5.19,5.21,2750400.0
2018-01-16 10:08:42.124000,5.2,5.19,5.21,2750400.0
2018-01-16 10:08:44.737000,5.2,5.19,5.21,2750400.0
2018-01-16 10:08:47.674000,5.2,5.19,5.21,2750400.0
2018-01-16 10:08:50.264000,5.2,5.19,5.21,2750400.0
2018-01-16 10:08:52.990000,5.2,5.19,5.21,2750400.0
2018-01-16 10:08:55.538000,5.2,5.19,5.21,2750400.0
2018-01-16 10:08:58.548000,5.2,5.19,5.21,2750400.0
2018-01-16 10:09:01.037000,5.2,5.19,5.2,2750400.0
2018-01-16 10:09:03.690000,5.2,5.19,5.2,2750400.0
2018-01-16 10:09:06.341000,5.2,5.19,5.2,2750400.0
2018-01-16 10:09:09.097000,5.2,5.19,5.2,2750400.0
2018-01-16 10:09:11.746000,5.2,5.19,5.2,2750400.0
2018-01-16 10:09:14.366000,5.2,5.19,5.2,2750400.0
2018-01-16 10:09:16.835000,5.2,5.19,5.2,2750400.0
2018-01-16 10:09:19.446000,5.2,5.19,5.2,2750400.0
2018-01-16 10:09:21.872000,5.2,5.19,5.2,2750400.0
2018-01-16 10:09:24.489000,5.2,5.19,5.2,2750400.0
2018-01-16 10:09:27.039000,5.2,5.19,5.2,2750400.0
2018-01-16 10:09:29.443000,5.2,5.19,5.2,2750400.0
2018-01-16 10:09:32.103000,5.2,5.19,5.2,2750400.0
2018-01-16 10:09:34.648000,5.2,5.19,5.2,2750400.0
2018-01-16 10:09:37.323000,5.2,5.19,5.2,2750400.0
2018-01-16 10:09:39.918000,5.2,5.19,5.2,2750400.0
2018-01-16 10:09:42.421000,5.2,5.19,5.2,2750400.0
2018-01-16 10:09:45.056000,5.2,5.19,5.2,2750400.0
2018-01-16 10:09:47.537000,5.2,5.19,5.2,2750400.0
2018-01-16 10:09:50.233000,5.2,5.19,5.2,2750400.0
2018-01-16 10:09:52.641000,5.2,5.19,5.2,2750400.0
2018-01-16 10:09:55.177000,5.2,5.19,5.2,2750400.0
2018-01-16 10:09:57.707000,5.2,5.19,5.2,2750400.0
2018-01-16 10:10:00.257000,5.2,5.19,5.2,2750400.0
2018-01-16 10:10:02.832000,5.2,5.19,5.2,2750400.0
2018-01-16 10:10:05.492000,5.2,5.19,5.2,2750400.0
2018-01-16 10:10:08.006000,5.2,5.19,5.2,2750400.0
2018-01-16 10:10:11.382000,5.2,5.19,5.2,2750400.0
2018-01-16 10:10:13.880000,5.2,5.19,5.2,2750400.0
2018-01-16 10:10:17.880000,5.2,5.19,5.2,2750400.0
2018-01-16 10:10:20.353000,5.2,5.19,5.2,2750400.0
2018-01-16 10:10:22.969000,5.2,5.19,5.2,2750400.0
2018-01-16 10:10:25.516000,5.2,5.19,5.2,2750400.0
2018-01-16 10:10:28.036000,5.2,5.19,5.2,2750400.0
2018-01-16 10:10:30.555000,5.2,5.19,5.2,2750400.0
2018-01-16 10:10:33.135000,5.2,5.19,5.2,2750400.0
2018-01-16 10:10:35.661000,5.2,5.19,5.2,2750400.0
2018-01-16 10:10:38.478000,5.2,5.19,5.2,2750400.0
2018-01-16 10:10:41.303000,5.2,5.19,5.2,2750400.0
2018-01-16 10:10:44.202000,5.2,5.19,5.2,2750400.0
2018-01-16 10:10:46.722000,5.2,5.19,5.2,2750400.0
2018-01-16 10:10:49.162000,5.2,5.19,5.2,2750400.0
2018-01-16 10:10:52.205000,5.2,5.19,5.2,2750400.0
2018-01-16 10:10:54.758000,5.2,5.19,5.2,2750400.0
2018-01-16 10:10:58.072000,5.2,5.19,5.2,2750400.0
2018-01-16 10:11:01.279000,5.2,5.19,5.2,2750400.0
2018-01-16 10:11:04.728000,5.2,5.19,5.2,2750400.0
2018-01-16 10:11:08.210000,5.2,5.19,5.2,2750400.0
2018-01-16 10:11:11.619000,5.2,5.19,5.2,2750400.0
2018-01-16 10:11:14.742000,5.2,5.2,5.21,2755400.0
2018-01-16 10:11:17.866000,5.2,5.2,5.21,2755400.0
2018-01-16 10:11:20.976000,5.2,5.2,5.21,2755400.0
2018-01-16 10:11:24.010000,5.2,5.2,5.21,2755400.0
2018-01-16 10:11:27.076000,5.2,5.2,5.21,2755400.0
2018-01-16 10:11:30.150000,5.2,5.2,5.21,2755400.0
2018-01-16 10:11:33.575000,5.2,5.2,5.21,2755400.0
2018-01-16 10:11:37.221000,5.2,5.2,5.21,2755400.0
2018-01-16 10:11:40.566000,5.2,5.2,5.21,2755400.0
2018-01-16 10:11:43.788000,5.2,5.2,5.21,2755400.0
2018-01-16 10:11:47.044000,5.2,5.2,5.21,2755400.0
2018-01-16 10:11:50.090000,5.2,5.2,5.21,2755400.0
2018-01-16 10:11:53.353000,5.2,5.2,5.21,2755400.0
2018-01-16 10:11:56.278000,5.2,5.2,5.21,2755400.0
2018-01-16 10:11:59.051000,5.2,5.2,5.21,2755400.0
2018-01-16 10:12:01.729000,5.2,5.2,5.21,2755400.0
2018-01-16 10:12:04.647000,5.2,5.2,5.21,2755400.0
2018-01-16 10:12:07.680000,5.2,5.2,5.21,2755400.0
2018-01-16 10:12:10.626000,5.2,5.2,5.21,2755400.0
2018-01-16 10:12:13.570000,5.2,5.2,5.21,2755400.0
2018-01-16 10:12:16.793000,5.2,5.2,5.21,2755400.0
2018-01-16 10:12:19.635000,5.2,5.2,5.21,2755400.0
2018-01-16 10:12:22.845000,5.2,5.2,5.21,2755400.0
2018-01-16 10:12:25.697000,5.2,5.2,5.21,2755400.0
2018-01-16 10:12:28.776000,5.2,5.2,5.21,2755400.0
2018-01-16 10:12:31.796000,5.2,5.2,5.21,2755400.0
2018-01-16 10:12:34.856000,5.2,5.2,5.21,2755400.0
2018-01-16 10:12:38.320000,5.2,5.2,5.21,2755400.0
2018-01-16 10:12:41.449000,5.2,5.2,5.21,2755400.0
2018-01-16 10:12:44.512000,5.2,5.2,5.21,2755400.0
2018-01-16 10:12:47.531000,5.2,5.2,5.21,2755400.0
2018-01-16 10:12:50.548000,5.21,5.2,5.21,2757400.0
2018-01-16 10:12:53.556000,5.21,5.2,5.21,2757400.0
2018-01-16 10:12:56.529000,5.21,5.2,5.21,2757400.0
2018-01-16 10:12:59.549000,5.21,5.2,5.21,2757400.0
2018-01-16 10:13:02.616000,5.21,5.2,5.21,2757400.0
2018-01-16 10:13:05.511000,5.21,5.2,5.21,2757400.0
2018-01-16 10:13:08.698000,5.21,5.2,5.21,2757400.0
2018-01-16 10:13:11.670000,5.21,5.2,5.21,2757400.0
2018-01-16 10:13:16.869000,5.21,5.2,5.21,2757400.0
2018-01-16 10:13:19.901000,5.21,5.2,5.21,2757400.0
2018-01-16 10:13:22.959000,5.21,5.2,5.21,2757400.0
2018-01-16 10:13:26.106000,5.21,5.2,5.21,2757400.0
2018-01-16 10:13:29.229000,5.21,5.2,5.21,2757400.0
2018-01-16 10:13:32.202000,5.21,5.2,5.21,2757400.0
2018-01-16 10:13:35.184000,5.21,5.2,5.21,2757400.0
2018-01-16 10:13:38.074000,5.21,5.2,5.21,2757400.0
2018-01-16 10:13:41.125000,5.21,5.2,5.21,2757400.0
2018-01-16 10:13:44.093000,5.21,5.2,5.21,2757400.0
2018-01-16 10:13:47.190000,5.21,5.2,5.21,2757400.0
2018-01-16 10:13:50.029000,5.21,5.2,5.21,2757400.0
2018-01-16 10:13:52.955000,5.21,5.2,5.21,2757400.0
2018-01-16 10:13:55.903000,5.21,5.2,5.21,2757400.0
2018-01-16 10:13:58.901000,5.21,5.2,5.21,2757400.0
2018-01-16 10:14:01.960000,5.21,5.2,5.21,2757400.0
2018-01-16 10:14:04.983000,5.21,5.2,5.21,2757400.0
2018-01-16 10:14:08.023000,5.21,5.2,5.21,2757400.0
2018-01-16 10:14:11.101000,5.21,5.2,5.21,2757400.0
2018-01-16 10:14:16.905000,5.21,5.2,5.21,2757400.0
2018-01-16 10:14:20.044000,5.21,5.2,5.21,2757400.0
2018-01-16 10:14:23.049000,5.21,5.2,5.21,2757400.0
2018-01-16 10:14:25.862000,5.21,5.2,5.21,2757400.0
2018-01-16 10:14:28.744000,5.21,5.2,5.21,2757400.0
2018-01-16 10:14:31.779000,5.21,5.2,5.21,2757400.0
2018-01-16 10:14:34.871000,5.21,5.2,5.21,2757400.0
2018-01-16 10:14:38.292000,5.21,5.2,5.21,2757400.0
2018-01-16 10:14:41.295000,5.21,5.2,5.21,2757400.0
2018-01-16 10:14:44.183000,5.21,5.2,5.21,2757400.0
2018-01-16 10:14:47.260000,5.21,5.2,5.21,2757400.0
2018-01-16 10:14:50.585000,5.21,5.2,5.21,2757400.0
2018-01-16 10:14:53.432000,5.21,5.2,5.21,2757400.0
2018-01-16 10:14:56.436000,5.21,5.2,5.21,2757400.0
2018-01-16 10:14:59.282000,5.21,5.2,5.21,2757400.0
2018-01-16 10:15:02.381000,5.21,5.2,5.21,2757400.0
2018-01-16 10:15:05.389000,5.21,5.2,5.21,2757400.0
2018-01-16 10:15:09.045000,5.2,5.2,5.21,2765400.0
2018-01-16 10:15:15.123000,5.2,5.2,5.21,2765400.0
2018-01-16 10:15:18.090000,5.2,5.2,5.21,2765400.0
2018-01-16 10:15:20.954000,5.2,5.2,5.21,2765400.0
2018-01-16 10:15:24.029000,5.2,5.2,5.21,2765400.0
2018-01-16 10:15:27.027000,5.2,5.2,5.21,2765400.0
2018-01-16 10:15:29.888000,5.2,5.2,5.21,2765400.0
2018-01-16 10:15:33.031000,5.2,5.2,5.21,2765400.0
2018-01-16 10:15:36.077000,5.2,5.2,5.21,2765400.0
2018-01-16 10:15:39.158000,5.2,5.2,5.21,2765400.0
2018-01-16 10:15:42.198000,5.2,5.2,5.21,2765400.0
2018-01-16 10:15:45.302000,5.2,5.2,5.21,2765400.0
2018-01-16 10:15:49.782000,5.2,5.19,5.21,2767400.0
2018-01-16 10:15:52.629000,5.2,5.19,5.2,2767400.0
2018-01-16 10:15:55.501000,5.2,5.19,5.2,2767400.0
2018-01-16 10:15:58.655000,5.2,5.19,5.2,2767400.0
2018-01-16 10:16:01.658000,5.2,5.19,5.2,2767400.0
2018-01-16 10:16:04.595000,5.2,5.19,5.2,2767400.0
2018-01-16 10:16:07.785000,5.2,5.19,5.21,2767400.0
2018-01-16 10:16:10.596000,5.2,5.19,5.21,2767400.0
2018-01-16 10:16:16.781000,5.2,5.19,5.21,2767400.0
2018-01-16 10:16:20.224000,5.2,5.19,5.21,2767400.0
2018-01-16 10:16:23.149000,5.2,5.19,5.21,2767400.0
2018-01-16 10:16:26.111000,5.2,5.19,5.21,2767400.0
2018-01-16 10:16:29.435000,5.2,5.19,5.21,2767400.0
2018-01-16 10:16:32.330000,5.2,5.19,5.21,2767400.0
2018-01-16 10:16:35.407000,5.2,5.19,5.21,2767400.0
2018-01-16 10:16:38.422000,5.2,5.19,5.21,2767400.0
2018-01-16 10:16:41.386000,5.2,5.19,5.21,2767400.0
2018-01-16 10:16:44.516000,5.2,5.19,5.21,2767400.0
2018-01-16 10:16:47.459000,5.2,5.19,5.21,2767400.0
2018-01-16 10:16:50.628000,5.2,5.19,5.21,2767400.0
2018-01-16 10:16:53.545000,5.2,5.19,5.21,2767400.0
2018-01-16 10:16:56.674000,5.2,5.19,5.21,2767400.0
2018-01-16 10:16:59.701000,5.2,5.19,5.21,2767400.0
2018-01-16 10:17:02.674000,5.2,5.19,5.21,2767400.0
2018-01-16 10:17:05.642000,5.2,5.19,5.21,2767400.0
2018-01-16 10:17:08.818000,5.2,5.19,5.21,2767400.0
2018-01-16 10:17:11.722000,5.2,5.19,5.21,2767400.0
2018-01-16 10:17:18.392000,5.2,5.19,5.21,2767400.0
2018-01-16 10:17:21.291000,5.2,5.19,5.21,2767400.0
2018-01-16 10:17:24.360000,5.2,5.19,5.21,2767400.0
2018-01-16 10:17:27.385000,5.2,5.19,5.21,2767400.0
2018-01-16 10:17:30.313000,5.2,5.19,5.21,2767400.0
2018-01-16 10:17:33.330000,5.2,5.19,5.21,2767400.0
2018-01-16 10:17:36.148000,5.2,5.19,5.21,2767400.0
2018-01-16 10:17:38.971000,5.2,5.19,5.21,2767400.0
2018-01-16 10:17:42.415000,5.2,5.19,5.21,2767400.0
2018-01-16 10:17:45.328000,5.2,5.19,5.21,2767400.0
2018-01-16 10:17:48.141000,5.2,5.19,5.21,2767400.0
2018-01-16 10:17:50.957000,5.2,5.19,5.21,2767400.0
2018-01-16 10:17:54.063000,5.2,5.19,5.21,2767400.0
2018-01-16 10:17:57.138000,5.2,5.19,5.21,2767400.0
2018-01-16 10:18:00.175000,5.2,5.19,5.21,2767400.0
2018-01-16 10:18:03.084000,5.2,5.19,5.21,2767400.0
2018-01-16 10:18:06.114000,5.2,5.19,5.21,2767400.0
2018-01-16 10:18:09.350000,5.2,5.19,5.21,2767400.0
2018-01-16 10:18:12.324000,5.2,5.19,5.21,2767400.0
2018-01-16 10:18:17.223000,5.2,5.19,5.21,2767400.0
2018-01-16 10:18:20.162000,5.2,5.19,5.21,2767400.0
2018-01-16 10:18:23.331000,5.2,5.19,5.21,2767400.0
2018-01-16 10:18:26.238000,5.2,5.19,5.21,2767400.0
2018-01-16 10:18:29.517000,5.2,5.19,5.21,2767400.0
2018-01-16 10:18:32.537000,5.2,5.19,5.21,2767400.0
2018-01-16 10:18:35.598000,5.2,5.19,5.21,2767400.0
2018-01-16 10:18:38.519000,5.2,5.19,5.21,2767400.0
2018-01-16 10:18:41.507000,5.2,5.19,5.21,2767400.0
2018-01-16 10:18:44.408000,5.2,5.19,5.21,2767400.0
2018-01-16 10:18:47.299000,5.2,5.19,5.21,2767400.0
2018-01-16 10:18:50.441000,5.2,5.19,5.21,2767400.0
2018-01-16 10:18:53.449000,5.2,5.19,5.21,2767400.0
2018-01-16 10:18:56.382000,5.2,5.19,5.21,2767400.0
2018-01-16 10:18:59.179000,5.2,5.19,5.21,2767400.0
2018-01-16 10:19:01.932000,5.2,5.19,5.21,2767400.0
2018-01-16 10:19:04.939000,5.2,5.19,5.21,2767400.0
2018-01-16 10:19:07.864000,5.2,5.19,5.21,2767400.0
2018-01-16 10:19:10.933000,5.2,5.19,5.21,2767400.0
2018-01-16 10:19:13.879000,5.2,5.19,5.21,2767400.0
2018-01-16 10:19:16.772000,5.2,5.19,5.21,2767400.0
2018-01-16 10:19:19.645000,5.2,5.19,5.21,2767400.0
2018-01-16 10:19:22.899000,5.2,5.19,5.21,2767400.0
2018-01-16 10:19:26.577000,5.2,5.19,5.21,2767400.0
2018-01-16 10:19:29.488000,5.2,5.19,5.21,2767400.0
2018-01-16 10:19:32.476000,5.2,5.19,5.21,2767400.0
2018-01-16 10:19:35.354000,5.2,5.19,5.21,2767400.0
2018-01-16 10:19:38.259000,5.2,5.19,5.21,2767400.0
2018-01-16 10:19:41.343000,5.2,5.19,5.21,2767400.0
2018-01-16 10:19:44.284000,5.2,5.19,5.21,2767400.0
2018-01-16 10:19:47.507000,5.2,5.19,5.21,2767400.0
2018-01-16 10:19:50.505000,5.2,5.19,5.21,2767400.0
2018-01-16 10:19:53.442000,5.2,5.19,5.21,2767400.0
2018-01-16 10:19:56.327000,5.2,5.19,5.21,2767400.0
2018-01-16 10:19:59.349000,5.2,5.19,5.21,2767400.0
2018-01-16 10:20:02.415000,5.2,5.19,5.21,2767400.0
2018-01-16 10:20:07.603000,5.2,5.19,5.21,2767400.0
2018-01-16 10:20:10.597000,5.2,5.19,5.21,2767400.0
2018-01-16 10:20:14.964000,5.2,5.19,5.21,2767400.0
2018-01-16 10:20:18.267000,5.2,5.19,5.21,2767400.0
2018-01-16 10:20:21.179000,5.2,5.19,5.21,2767400.0
2018-01-16 10:20:24.102000,5.2,5.19,5.21,2767400.0
2018-01-16 10:20:27.137000,5.2,5.19,5.21,2767400.0
2018-01-16 10:20:30.320000,5.2,5.19,5.21,2767400.0
2018-01-16 10:20:33.487000,5.2,5.19,5.21,2767400.0
2018-01-16 10:20:36.494000,5.2,5.19,5.21,2767400.0
2018-01-16 10:20:39.429000,5.2,5.19,5.21,2767400.0
2018-01-16 10:20:42.495000,5.2,5.19,5.21,2767400.0
2018-01-16 10:20:45.375000,5.2,5.19,5.21,2767400.0
2018-01-16 10:20:48.436000,5.2,5.19,5.21,2767400.0
2018-01-16 10:20:51.306000,5.2,5.19,5.21,2767400.0
2018-01-16 10:20:54.334000,5.2,5.19,5.21,2767400.0
2018-01-16 10:20:57.246000,5.2,5.19,5.21,2767400.0
2018-01-16 10:21:00.157000,5.19,5.19,5.21,2777400.0
2018-01-16 10:21:02.952000,5.19,5.19,5.21,2777400.0
2018-01-16 10:21:08.866000,5.2,5.2,5.21,2777400.0
2018-01-16 10:21:11.776000,5.2,5.2,5.21,2777400.0
2018-01-16 10:21:15.380000,5.19,5.19,5.21,2777400.0
2018-01-16 10:21:18.289000,5.19,5.19,5.21,2777400.0
2018-01-16 10:21:21.314000,5.19,5.19,5.21,2777400.0
2018-01-16 10:21:24.318000,5.19,5.19,5.21,2777400.0
2018-01-16 10:21:27.228000,5.19,5.19,5.21,2777400.0
2018-01-16 10:21:30.493000,5.19,5.19,5.21,2777400.0
2018-01-16 10:21:33.403000,5.19,5.19,5.21,2777400.0
2018-01-16 10:21:36.324000,5.19,5.19,5.21,2777400.0
2018-01-16 10:21:39.460000,5.19,5.19,5.21,2777400.0
2018-01-16 10:21:42.471000,5.19,5.19,5.21,2777400.0
2018-01-16 10:21:45.494000,5.19,5.19,5.21,2777400.0
2018-01-16 10:21:48.498000,5.19,5.19,5.21,2777400.0
2018-01-16 10:21:51.322000,5.19,5.19,5.21,2777400.0
2018-01-16 10:21:54.194000,5.19,5.19,5.21,2777400.0
2018-01-16 10:21:57.025000,5.19,5.19,5.21,2777400.0
2018-01-16 10:22:00.057000,5.19,5.19,5.21,2777400.0
2018-01-16 10:22:02.813000,5.19,5.19,5.21,2777400.0
2018-01-16 10:22:05.851000,5.19,5.19,5.21,2777400.0
2018-01-16 10:22:08.819000,5.19,5.19,5.21,2777400.0
2018-01-16 10:22:11.775000,5.19,5.19,5.21,2777400.0
2018-01-16 10:22:14.695000,5.19,5.19,5.21,2777400.0
2018-01-16 10:22:17.694000,5.19,5.19,5.21,2777400.0
2018-01-16 10:22:20.714000,5.19,5.19,5.21,2777400.0
2018-01-16 10:22:23.698000,5.19,5.19,5.21,2777400.0
2018-01-16 10:22:26.603000,5.19,5.19,5.21,2777400.0
2018-01-16 10:22:29.508000,5.19,5.19,5.21,2777400.0
2018-01-16 10:22:32.387000,5.19,5.19,5.21,2777400.0
2018-01-16 10:22:35.467000,5.19,5.19,5.21,2777400.0
2018-01-16 10:22:38.517000,5.19,5.19,5.21,2777400.0
2018-01-16 10:22:41.572000,5.19,5.19,5.21,2777400.0
2018-01-16 10:22:44.540000,5.19,5.19,5.21,2777400.0
2018-01-16 10:22:47.481000,5.19,5.19,5.21,2777400.0
2018-01-16 10:22:50.481000,5.19,5.19,5.21,2777400.0
2018-01-16 10:22:53.730000,5.19,5.19,5.21,2777400.0
2018-01-16 10:22:56.787000,5.19,5.19,5.21,2777400.0
2018-01-16 10:22:59.767000,5.19,5.19,5.21,2777400.0
2018-01-16 10:23:02.756000,5.19,5.19,5.21,2777400.0
2018-01-16 10:23:05.876000,5.19,5.19,5.21,2777400.0
2018-01-16 10:23:08.850000,5.19,5.19,5.21,2777400.0
2018-01-16 10:23:11.559000,5.19,5.19,5.21,2777400.0
2018-01-16 10:23:17.219000,5.19,5.19,5.21,2777400.0
2018-01-16 10:23:20.058000,5.19,5.19,5.21,2777400.0
2018-01-16 10:23:23.187000,5.19,5.19,5.21,2777400.0
2018-01-16 10:23:26.127000,5.19,5.19,5.21,2777400.0
2018-01-16 10:23:29.086000,5.19,5.19,5.21,2777400.0
2018-01-16 10:23:32.230000,5.19,5.19,5.21,2777400.0
2018-01-16 10:23:35.186000,5.19,5.19,5.21,2777400.0
2018-01-16 10:23:38.300000,5.19,5.19,5.21,2777400.0
2018-01-16 10:23:41.278000,5.2,5.19,5.2,2779400.0
2018-01-16 10:23:44.137000,5.2,5.19,5.2,2779400.0
2018-01-16 10:23:47.206000,5.2,5.19,5.2,2779400.0
2018-01-16 10:23:50.516000,5.2,5.19,5.2,2779400.0
2018-01-16 10:23:53.582000,5.2,5.19,5.2,2779400.0
2018-01-16 10:23:56.483000,5.2,5.19,5.2,2779400.0
2018-01-16 10:23:59.421000,5.2,5.19,5.2,2779400.0
2018-01-16 10:24:02.268000,5.2,5.19,5.2,2779400.0
2018-01-16 10:24:05.260000,5.2,5.19,5.2,2779400.0
2018-01-16 10:24:08.124000,5.2,5.19,5.2,2779400.0
2018-01-16 10:24:13.005000,5.2,5.19,5.2,2779400.0
2018-01-16 10:24:19.009000,5.2,5.19,5.2,2779400.0
2018-01-16 10:24:21.951000,5.2,5.19,5.21,2779400.0
2018-01-16 10:24:24.964000,5.2,5.19,5.21,2779400.0
2018-01-16 10:24:28.046000,5.2,5.19,5.21,2779400.0
2018-01-16 10:24:31.046000,5.2,5.19,5.21,2779400.0
2018-01-16 10:24:34.088000,5.2,5.19,5.21,2779400.0
2018-01-16 10:24:37.247000,5.2,5.19,5.21,2779400.0
2018-01-16 10:24:40.120000,5.2,5.19,5.21,2779400.0
2018-01-16 10:24:43.076000,5.2,5.19,5.21,2779400.0
2018-01-16 10:24:46.030000,5.2,5.19,5.21,2779400.0
2018-01-16 10:24:49.059000,5.2,5.19,5.21,2779400.0
2018-01-16 10:24:52.034000,5.2,5.19,5.21,2779400.0
2018-01-16 10:24:54.997000,5.2,5.19,5.21,2779400.0
2018-01-16 10:24:58.032000,5.2,5.19,5.21,2779400.0
2018-01-16 10:25:01.006000,5.2,5.19,5.21,2779400.0
2018-01-16 10:25:04.003000,5.2,5.19,5.21,2779400.0
2018-01-16 10:25:08.531000,5.2,5.19,5.21,2779400.0
2018-01-16 10:25:13.468000,5.2,5.19,5.21,2779400.0
2018-01-16 10:25:16.488000,5.2,5.19,5.21,2779400.0
2018-01-16 10:25:19.371000,5.2,5.19,5.21,2779400.0
2018-01-16 10:25:22.475000,5.2,5.19,5.21,2779400.0
2018-01-16 10:25:25.372000,5.2,5.19,5.21,2779400.0
2018-01-16 10:25:28.344000,5.2,5.19,5.21,2779400.0
2018-01-16 10:25:31.379000,5.2,5.19,5.21,2779400.0
2018-01-16 10:25:34.374000,5.2,5.19,5.21,2779400.0
2018-01-16 10:25:37.426000,5.2,5.19,5.21,2779400.0
2018-01-16 10:25:40.281000,5.2,5.19,5.21,2779400.0
2018-01-16 10:25:43.113000,5.2,5.19,5.21,2779400.0
2018-01-16 10:25:45.964000,5.2,5.19,5.21,2779400.0
2018-01-16 10:25:48.828000,5.2,5.19,5.21,2779400.0
2018-01-16 10:25:51.713000,5.2,5.19,5.21,2779400.0
2018-01-16 10:25:54.623000,5.2,5.19,5.21,2779400.0
2018-01-16 10:25:57.564000,5.2,5.19,5.21,2779400.0
2018-01-16 10:26:00.719000,5.2,5.19,5.21,2779400.0
2018-01-16 10:26:03.453000,5.2,5.19,5.21,2779400.0
2018-01-16 10:26:06.485000,5.2,5.19,5.21,2779400.0
2018-01-16 10:26:09.449000,5.2,5.19,5.2,2779600.0
2018-01-16 10:26:13.235000,5.2,5.19,5.2,2779600.0
2018-01-16 10:26:16.357000,5.2,5.19,5.2,2779600.0
2018-01-16 10:26:19.310000,5.2,5.19,5.2,2779600.0
2018-01-16 10:26:22.207000,5.2,5.19,5.2,2779600.0
2018-01-16 10:26:25.186000,5.2,5.19,5.2,2779600.0
2018-01-16 10:26:27.977000,5.2,5.19,5.2,2779600.0
2018-01-16 10:26:30.941000,5.2,5.19,5.2,2779600.0
2018-01-16 10:26:33.822000,5.2,5.19,5.2,2779600.0
2018-01-16 10:26:36.709000,5.2,5.19,5.2,2779600.0
2018-01-16 10:26:39.578000,5.2,5.19,5.2,2779600.0
2018-01-16 10:26:42.495000,5.2,5.19,5.2,2779600.0
2018-01-16 10:26:45.493000,5.2,5.19,5.2,2779600.0
2018-01-16 10:26:48.373000,5.2,5.19,5.2,2779600.0
2018-01-16 10:26:51.846000,5.2,5.19,5.2,2779600.0
2018-01-16 10:26:54.922000,5.2,5.19,5.2,2779600.0
2018-01-16 10:26:57.995000,5.2,5.19,5.2,2779600.0
2018-01-16 10:27:00.891000,5.2,5.19,5.2,2779600.0
2018-01-16 10:27:03.850000,5.2,5.19,5.2,2779600.0
2018-01-16 10:27:06.850000,5.2,5.19,5.2,2779600.0
2018-01-16 10:27:09.938000,5.2,5.19,5.2,2779600.0
2018-01-16 10:27:16.958000,5.2,5.19,5.2,2779600.0
2018-01-16 10:27:19.686000,5.2,5.19,5.2,2779600.0
2018-01-16 10:27:22.550000,5.2,5.19,5.2,2779600.0
2018-01-16 10:27:25.597000,5.2,5.19,5.2,2779600.0
2018-01-16 10:27:28.647000,5.2,5.19,5.2,2779600.0
2018-01-16 10:27:31.705000,5.2,5.19,5.2,2779600.0
2018-01-16 10:27:34.799000,5.2,5.19,5.2,2779600.0
2018-01-16 10:27:37.683000,5.2,5.19,5.2,2779600.0
2018-01-16 10:27:40.595000,5.2,5.19,5.2,2779600.0
2018-01-16 10:27:43.551000,5.2,5.19,5.2,2779600.0
2018-01-16 10:27:46.524000,5.2,5.19,5.2,2779600.0
2018-01-16 10:27:49.719000,5.2,5.19,5.2,2779600.0
2018-01-16 10:27:52.552000,5.2,5.19,5.2,2779600.0
2018-01-16 10:27:55.407000,5.2,5.19,5.2,2779600.0
2018-01-16 10:27:58.365000,5.2,5.19,5.2,2779600.0
2018-01-16 10:28:01.145000,5.2,5.19,5.2,2779600.0
2018-01-16 10:28:04.183000,5.2,5.19,5.2,2779600.0
2018-01-16 10:28:07.932000,5.2,5.19,5.2,2779600.0
2018-01-16 10:28:10.609000,5.2,5.19,5.2,2779600.0
2018-01-16 10:28:13.409000,5.2,5.19,5.2,2779600.0
2018-01-16 10:28:16.373000,5.2,5.19,5.2,2779600.0
2018-01-16 10:28:19.330000,5.2,5.19,5.2,2779600.0
2018-01-16 10:28:22.147000,5.2,5.19,5.2,2779600.0
2018-01-16 10:28:24.893000,5.2,5.19,5.2,2779600.0
2018-01-16 10:28:27.805000,5.2,5.19,5.2,2779600.0
2018-01-16 10:28:30.708000,5.2,5.19,5.2,2779600.0
2018-01-16 10:28:33.541000,5.2,5.19,5.2,2779600.0
2018-01-16 10:28:36.439000,5.2,5.19,5.2,2779600.0
2018-01-16 10:28:39.626000,5.2,5.19,5.2,2779600.0
2018-01-16 10:28:42.697000,5.2,5.19,5.2,2779600.0
2018-01-16 10:28:45.486000,5.2,5.19,5.2,2779600.0
2018-01-16 10:28:48.490000,5.2,5.19,5.2,2779600.0
2018-01-16 10:28:51.577000,5.2,5.19,5.2,2779600.0
2018-01-16 10:28:54.423000,5.2,5.19,5.2,2779600.0
2018-01-16 10:28:57.488000,5.2,5.19,5.2,2779600.0
2018-01-16 10:29:00.459000,5.2,5.19,5.2,2779600.0
2018-01-16 10:29:03.484000,5.2,5.19,5.2,2779600.0
2018-01-16 10:29:06.462000,5.2,5.19,5.2,2779600.0
2018-01-16 10:29:09.330000,5.2,5.19,5.2,2779600.0
2018-01-16 10:29:14.941000,5.2,5.19,5.2,2779600.0
2018-01-16 10:29:18.101000,5.2,5.19,5.2,2779600.0
2018-01-16 10:29:21.130000,5.2,5.19,5.2,2779600.0
2018-01-16 10:29:24.178000,5.2,5.19,5.2,2779600.0
2018-01-16 10:29:27.162000,5.2,5.19,5.2,2779600.0
2018-01-16 10:29:30.003000,5.2,5.19,5.2,2779600.0
2018-01-16 10:29:33.340000,5.2,5.19,5.2,2779600.0
2018-01-16 10:29:36.239000,5.2,5.19,5.2,2779600.0
2018-01-16 10:29:39.282000,5.2,5.19,5.2,2779600.0
2018-01-16 10:29:42.056000,5.2,5.19,5.2,2779600.0
2018-01-16 10:29:45.003000,5.2,5.19,5.2,2779600.0
2018-01-16 10:29:47.835000,5.2,5.19,5.2,2779600.0
2018-01-16 10:29:50.959000,5.2,5.19,5.2,2779600.0
2018-01-16 10:29:53.869000,5.2,5.19,5.2,2779600.0
2018-01-16 10:29:56.861000,5.2,5.19,5.2,2779600.0
2018-01-16 10:29:59.736000,5.2,5.19,5.2,2779600.0
2018-01-16 10:30:02.885000,5.2,5.19,5.2,2779600.0
2018-01-16 10:30:05.779000,5.2,5.19,5.2,2779600.0
2018-01-16 10:30:08.853000,5.2,5.19,5.2,2779600.0
2018-01-16 10:30:12.149000,5.2,5.19,5.2,2779600.0
2018-01-16 10:30:17.803000,5.2,5.19,5.2,2779600.0
2018-01-16 10:30:20.897000,5.2,5.19,5.2,2779600.0
2018-01-16 10:30:23.697000,5.2,5.19,5.2,2779600.0
2018-01-16 10:30:26.847000,5.2,5.19,5.2,2779600.0
2018-01-16 10:30:29.755000,5.2,5.19,5.2,2779600.0
2018-01-16 10:30:32.930000,5.2,5.19,5.2,2779600.0
2018-01-16 10:30:36.131000,5.2,5.19,5.2,2779600.0
2018-01-16 10:30:39.060000,5.2,5.19,5.2,2781600.0
2018-01-16 10:30:42.117000,5.2,5.19,5.2,2781600.0
2018-01-16 10:30:45.101000,5.2,5.19,5.2,2781600.0
2018-01-16 10:30:48.073000,5.2,5.19,5.2,2781600.0
2018-01-16 10:30:50.982000,5.2,5.19,5.2,2781600.0
2018-01-16 10:30:54.001000,5.2,5.19,5.2,2781600.0
2018-01-16 10:30:57.149000,5.2,5.19,5.2,2781600.0
2018-01-16 10:30:59.949000,5.2,5.19,5.2,2781600.0
2018-01-16 10:31:03.056000,5.2,5.19,5.2,2781600.0
2018-01-16 10:31:05.954000,5.2,5.19,5.2,2781600.0
2018-01-16 10:31:09.091000,5.2,5.19,5.2,2781600.0
2018-01-16 10:31:11.833000,5.2,5.19,5.2,2781600.0
2018-01-16 10:31:14.788000,5.2,5.19,5.2,2781600.0
2018-01-16 10:31:18.854000,5.2,5.19,5.2,2781600.0
2018-01-16 10:31:21.750000,5.2,5.19,5.2,2781600.0
2018-01-16 10:31:24.739000,5.2,5.19,5.2,2781600.0
2018-01-16 10:31:27.696000,5.2,5.19,5.2,2781600.0
2018-01-16 10:31:30.599000,5.2,5.19,5.2,2781600.0
2018-01-16 10:31:33.494000,5.2,5.19,5.2,2781600.0
2018-01-16 10:31:36.320000,5.2,5.19,5.2,2781600.0
2018-01-16 10:31:39.422000,5.2,5.19,5.2,2781600.0
2018-01-16 10:31:42.480000,5.2,5.19,5.2,2781600.0
2018-01-16 10:31:45.417000,5.2,5.19,5.2,2781600.0
2018-01-16 10:31:48.299000,5.2,5.19,5.2,2781600.0
2018-01-16 10:31:51.261000,5.2,5.19,5.2,2781600.0
2018-01-16 10:31:54.270000,5.2,5.19,5.2,2781600.0
2018-01-16 10:31:57.119000,5.2,5.19,5.2,2781600.0
2018-01-16 10:32:00.077000,5.2,5.19,5.2,2781600.0
2018-01-16 10:32:02.754000,5.2,5.19,5.2,2781600.0
2018-01-16 10:32:05.694000,5.2,5.19,5.2,2781600.0
2018-01-16 10:32:08.667000,5.2,5.19,5.2,2781600.0
2018-01-16 10:32:11.578000,5.2,5.19,5.2,2781600.0
2018-01-16 10:32:18.142000,5.2,5.19,5.2,2781600.0
2018-01-16 10:32:20.944000,5.2,5.19,5.2,2781600.0
2018-01-16 10:32:23.791000,5.2,5.19,5.2,2781600.0
2018-01-16 10:32:27.119000,5.2,5.19,5.2,2781600.0
2018-01-16 10:32:30.136000,5.2,5.19,5.2,2781600.0
2018-01-16 10:32:33.061000,5.2,5.19,5.2,2781600.0
2018-01-16 10:32:36.030000,5.2,5.19,5.2,2781600.0
2018-01-16 10:32:38.846000,5.2,5.19,5.2,2781600.0
2018-01-16 10:32:41.715000,5.2,5.19,5.2,2781600.0
2018-01-16 10:32:45.115000,5.2,5.19,5.2,2781600.0
2018-01-16 10:32:48.087000,5.2,5.19,5.2,2781600.0
2018-01-16 10:32:51.040000,5.2,5.19,5.2,2781600.0
2018-01-16 10:32:54.181000,5.2,5.19,5.2,2781600.0
2018-01-16 10:32:57.406000,5.2,5.19,5.2,2781600.0
2018-01-16 10:33:00.272000,5.2,5.19,5.2,2781600.0
2018-01-16 10:33:03.515000,5.2,5.19,5.2,2781600.0
2018-01-16 10:33:06.417000,5.2,5.19,5.2,2781600.0
2018-01-16 10:33:09.351000,5.2,5.19,5.2,2781600.0
2018-01-16 10:33:15.690000,5.2,5.19,5.2,2781600.0
2018-01-16 10:33:18.942000,5.2,5.19,5.2,2781600.0
2018-01-16 10:33:21.929000,5.2,5.19,5.2,2781600.0
2018-01-16 10:33:24.804000,5.2,5.19,5.2,2781600.0
2018-01-16 10:33:27.744000,5.2,5.19,5.2,2781600.0
2018-01-16 10:33:30.655000,5.2,5.19,5.2,2781600.0
2018-01-16 10:33:33.686000,5.2,5.19,5.2,2781600.0
2018-01-16 10:33:40.570000,,,,
2018-01-16 10:33:43.527000,5.2,5.19,5.2,2781600.0
2018-01-16 10:33:46.232000,5.2,5.19,5.2,2781600.0
2018-01-16 10:33:49.189000,5.2,5.19,5.2,2781600.0
2018-01-16 10:33:52.213000,5.2,5.19,5.2,2781600.0
2018-01-16 10:33:55.023000,5.2,5.19,5.2,2781600.0
2018-01-16 10:33:58.114000,5.2,5.19,5.2,2781600.0
2018-01-16 10:34:01.028000,5.2,5.19,5.2,2781600.0
2018-01-16 10:34:04.038000,5.2,5.19,5.2,2781600.0
2018-01-16 10:34:07.115000,5.2,5.19,5.2,2781600.0
2018-01-16 10:34:10.402000,,,,
2018-01-16 10:34:13.694000,5.2,5.19,5.2,2781600.0
2018-01-16 10:34:16.776000,5.2,5.19,5.2,2781600.0
2018-01-16 10:34:19.612000,5.2,5.19,5.2,2781600.0
2018-01-16 10:34:22.575000,5.2,5.19,5.2,2781600.0
2018-01-16 10:34:25.592000,5.2,5.19,5.2,2781600.0
2018-01-16 10:34:28.515000,5.2,5.19,5.2,2781600.0
2018-01-16 10:34:31.338000,5.2,5.19,5.2,2781600.0
2018-01-16 10:34:34.661000,5.2,5.19,5.2,2781600.0
2018-01-16 10:34:37.551000,5.2,5.19,5.2,2781600.0
2018-01-16 10:34:40.461000,5.2,5.19,5.2,2781600.0
2018-01-16 10:34:43.370000,5.2,5.19,5.2,2781600.0
2018-01-16 10:34:46.496000,5.2,5.19,5.2,2781600.0
2018-01-16 10:34:49.327000,5.2,5.19,5.2,2781600.0
2018-01-16 10:34:52.199000,5.2,5.19,5.2,2781600.0
2018-01-16 10:34:55.073000,5.2,5.19,5.2,2781600.0
2018-01-16 10:34:58.076000,5.2,5.19,5.2,2781600.0
2018-01-16 10:35:00.858000,5.2,5.19,5.2,2781600.0
2018-01-16 10:35:03.752000,5.2,5.19,5.2,2781600.0
2018-01-16 10:35:06.933000,5.2,5.19,5.2,2781600.0
2018-01-16 10:35:10.074000,5.2,5.19,5.2,2781600.0
2018-01-16 10:35:13.157000,5.2,5.19,5.2,2781600.0
2018-01-16 10:35:16.113000,5.2,5.19,5.2,2781600.0
2018-01-16 10:35:19.022000,5.2,5.19,5.2,2781600.0
2018-01-16 10:35:21.854000,5.2,5.19,5.2,2781600.0
2018-01-16 10:35:25.056000,5.2,5.19,5.2,2781600.0
2018-01-16 10:35:28.028000,5.2,5.19,5.2,2781600.0
2018-01-16 10:35:31.237000,5.2,5.19,5.2,2781600.0
2018-01-16 10:35:34.211000,5.2,5.19,5.2,2781600.0
2018-01-16 10:35:37.562000,5.2,5.19,5.2,2781600.0
2018-01-16 10:35:40.655000,5.2,5.19,5.2,2781600.0
2018-01-16 10:35:43.799000,5.2,5.19,5.2,2781600.0
2018-01-16 10:35:46.905000,5.2,5.19,5.2,2781600.0
2018-01-16 10:35:49.884000,5.2,5.19,5.2,2781600.0
2018-01-16 10:35:52.888000,5.2,5.19,5.2,2781600.0
2018-01-16 10:35:55.952000,5.2,5.19,5.2,2781600.0
2018-01-16 10:35:58.932000,5.2,5.19,5.2,2781600.0
2018-01-16 10:36:02.031000,5.2,5.19,5.2,2781600.0
2018-01-16 10:36:04.948000,5.2,5.19,5.2,2781600.0
2018-01-16 10:36:07.978000,5.2,5.19,5.2,2781600.0
2018-01-16 10:36:11.446000,5.2,5.19,5.2,2781600.0
2018-01-16 10:36:14.268000,5.2,5.19,5.2,2781600.0
2018-01-16 10:36:18.807000,5.2,5.19,5.2,2781600.0
2018-01-16 10:36:21.857000,5.2,5.19,5.2,2781600.0
2018-01-16 10:36:24.851000,5.2,5.19,5.2,2781600.0
2018-01-16 10:36:27.631000,5.2,5.19,5.2,2781600.0
2018-01-16 10:36:30.448000,5.19,5.19,5.2,2782100.0
2018-01-16 10:36:33.358000,5.19,5.19,5.2,2782100.0
2018-01-16 10:36:36.161000,5.19,5.19,5.2,2782100.0
2018-01-16 10:36:39.180000,5.19,5.19,5.2,2782100.0
2018-01-16 10:36:42.068000,5.19,5.19,5.2,2782100.0
2018-01-16 10:36:44.972000,5.19,5.19,5.2,2782100.0
2018-01-16 10:36:47.911000,5.19,5.19,5.2,2782100.0
2018-01-16 10:36:50.762000,5.19,5.19,5.2,2782100.0
2018-01-16 10:36:53.845000,5.19,5.19,5.2,2782100.0
2018-01-16 10:36:56.964000,5.19,5.19,5.2,2782100.0
2018-01-16 10:36:59.914000,5.19,5.19,5.2,2782100.0
2018-01-16 10:37:02.919000,5.19,5.19,5.2,2782100.0
2018-01-16 10:37:05.714000,5.19,5.19,5.2,2782100.0
2018-01-16 10:37:09.039000,5.19,5.19,5.2,2782100.0
2018-01-16 10:37:11.832000,5.19,5.19,5.2,2782100.0
2018-01-16 10:37:18.086000,5.19,5.19,5.2,2782100.0
2018-01-16 10:37:20.715000,5.19,5.19,5.2,2782100.0
2018-01-16 10:37:23.675000,5.19,5.19,5.2,2782100.0
2018-01-16 10:37:26.532000,5.19,5.19,5.2,2782100.0
2018-01-16 10:37:29.811000,5.19,5.19,5.2,2782100.0
2018-01-16 10:37:32.694000,5.19,5.19,5.2,2782100.0
2018-01-16 10:37:35.936000,5.19,5.19,5.2,2782100.0
2018-01-16 10:37:38.977000,5.19,5.19,5.2,2782100.0
2018-01-16 10:37:41.951000,5.19,5.19,5.2,2782100.0
2018-01-16 10:37:45.265000,5.19,5.19,5.2,2782100.0
2018-01-16 10:37:48.315000,5.19,5.19,5.2,2782100.0
2018-01-16 10:37:51.408000,5.19,5.19,5.2,2797100.0
2018-01-16 10:37:54.489000,5.19,5.19,5.2,2797100.0
2018-01-16 10:37:57.260000,5.19,5.19,5.2,2797100.0
2018-01-16 10:38:00.296000,5.19,5.19,5.2,2797100.0
2018-01-16 10:38:03.502000,5.19,5.19,5.2,2797100.0
2018-01-16 10:38:06.476000,5.19,5.19,5.2,2797100.0
2018-01-16 10:38:09.358000,5.19,5.19,5.2,2797100.0
2018-01-16 10:38:13.394000,5.19,5.19,5.2,2797100.0
2018-01-16 10:38:16.391000,5.19,5.19,5.2,2797100.0
2018-01-16 10:38:19.379000,5.19,5.19,5.2,2797100.0
2018-01-16 10:38:22.453000,5.19,5.19,5.2,2797100.0
2018-01-16 10:38:25.517000,5.19,5.19,5.2,2797100.0
2018-01-16 10:38:28.676000,5.19,5.19,5.2,2797100.0
2018-01-16 10:38:31.608000,5.19,5.19,5.2,2797100.0
2018-01-16 10:38:34.587000,5.19,5.19,5.2,2797100.0
2018-01-16 10:38:37.468000,5.19,5.19,5.2,2797100.0
2018-01-16 10:38:40.279000,5.19,5.19,5.2,2797100.0
2018-01-16 10:38:43.285000,5.19,5.19,5.2,2797100.0
2018-01-16 10:38:46.385000,5.19,5.19,5.2,2797100.0
2018-01-16 10:38:49.227000,5.19,5.19,5.2,2797100.0
2018-01-16 10:38:52.369000,5.19,5.19,5.2,2797100.0
2018-01-16 10:38:55.735000,5.19,5.19,5.2,2797100.0
2018-01-16 10:38:58.650000,5.19,5.19,5.2,2797100.0
2018-01-16 10:39:01.468000,5.19,5.19,5.2,2797100.0
2018-01-16 10:39:04.815000,5.19,5.19,5.2,2797100.0
2018-01-16 10:39:07.770000,5.19,5.19,5.2,2797100.0
2018-01-16 10:39:10.452000,5.19,5.19,5.2,2797100.0
2018-01-16 10:39:13.377000,5.19,5.19,5.2,2797100.0
2018-01-16 10:39:16.323000,5.19,5.19,5.2,2797100.0
2018-01-16 10:39:19.615000,5.19,5.19,5.2,2797100.0
2018-01-16 10:39:22.348000,5.19,5.19,5.2,2797100.0
2018-01-16 10:39:25.516000,5.19,5.19,5.2,2797100.0
2018-01-16 10:39:28.644000,5.19,5.19,5.2,2797100.0
2018-01-16 10:39:31.440000,5.19,5.19,5.2,2797100.0
2018-01-16 10:39:34.297000,5.19,5.19,5.2,2797100.0
2018-01-16 10:39:37.144000,5.19,5.19,5.2,2797100.0
2018-01-16 10:39:40.160000,5.19,5.19,5.2,2797100.0
2018-01-16 10:39:42.959000,5.19,5.19,5.2,2797100.0
2018-01-16 10:39:45.720000,5.19,5.19,5.2,2797100.0
2018-01-16 10:39:48.781000,5.19,5.19,5.2,2797100.0
2018-01-16 10:39:51.719000,5.19,5.19,5.2,2797100.0
2018-01-16 10:39:54.801000,5.19,5.19,5.2,2797100.0
2018-01-16 10:39:57.721000,5.19,5.19,5.2,2797100.0
2018-01-16 10:40:00.548000,5.19,5.19,5.2,2797100.0
2018-01-16 10:40:03.289000,5.19,5.19,5.2,2797100.0
2018-01-16 10:40:06.209000,5.19,5.19,5.2,2797100.0
2018-01-16 10:40:09.259000,5.19,5.19,5.2,2797100.0
2018-01-16 10:40:12.194000,5.19,5.19,5.2,2797100.0
2018-01-16 10:40:15.229000,5.19,5.19,5.2,2797100.0
2018-01-16 10:40:18.334000,5.19,5.19,5.2,2797100.0
2018-01-16 10:40:21.270000,5.19,5.19,5.2,2797100.0
2018-01-16 10:40:24.415000,5.19,5.19,5.2,2797100.0
2018-01-16 10:40:27.378000,5.19,5.19,5.2,2797100.0
2018-01-16 10:40:30.212000,5.19,5.19,5.2,2797100.0
2018-01-16 10:40:33.089000,5.19,5.19,5.2,2797100.0
2018-01-16 10:40:36.013000,5.19,5.19,5.2,2797100.0
2018-01-16 10:40:38.845000,5.19,5.19,5.2,2797100.0
2018-01-16 10:40:41.940000,5.19,5.19,5.2,2797100.0
2018-01-16 10:40:45.053000,5.19,5.19,5.2,2797100.0
2018-01-16 10:40:48.069000,5.19,5.19,5.2,2797100.0
2018-01-16 10:40:50.939000,5.19,5.19,5.2,2797100.0
2018-01-16 10:40:53.965000,5.19,5.19,5.2,2797100.0
2018-01-16 10:40:57.131000,5.19,5.19,5.2,2797100.0
2018-01-16 10:41:00.147000,5.19,5.19,5.2,2797100.0
2018-01-16 10:41:03.120000,5.19,5.19,5.2,2797100.0
2018-01-16 10:41:06.208000,5.19,5.19,5.2,2817700.0
2018-01-16 10:41:09.212000,5.19,5.19,5.2,2817700.0
2018-01-16 10:41:12.131000,5.19,5.19,5.2,2817700.0
2018-01-16 10:41:15.103000,5.19,5.19,5.2,2817700.0
2018-01-16 10:41:18.528000,5.19,5.19,5.2,2817700.0
2018-01-16 10:41:21.357000,5.19,5.19,5.2,2817700.0
2018-01-16 10:41:24.445000,5.19,5.19,5.2,2817700.0
2018-01-16 10:41:27.633000,5.19,5.19,5.2,2817700.0
2018-01-16 10:41:30.847000,5.19,5.19,5.2,2817700.0
2018-01-16 10:41:33.836000,5.19,5.19,5.2,2817700.0
2018-01-16 10:41:36.675000,5.19,5.19,5.2,2817700.0
2018-01-16 10:41:39.834000,5.19,5.19,5.2,2817700.0
2018-01-16 10:41:42.635000,5.19,5.19,5.2,2817700.0
2018-01-16 10:41:45.581000,5.19,5.19,5.2,2817700.0
2018-01-16 10:41:48.585000,5.19,5.19,5.2,2817700.0
2018-01-16 10:41:51.537000,5.19,5.19,5.2,2817700.0
2018-01-16 10:41:54.527000,5.19,5.19,5.2,2817700.0
2018-01-16 10:41:57.304000,5.19,5.19,5.2,2817700.0
2018-01-16 10:42:00.213000,5.19,5.19,5.2,2817700.0
2018-01-16 10:42:03.109000,5.19,5.19,5.2,2817700.0
2018-01-16 10:42:05.959000,5.19,5.19,5.2,2817700.0
2018-01-16 10:42:08.884000,5.19,5.19,5.2,2817700.0
2018-01-16 10:42:11.820000,5.19,5.19,5.2,2817700.0
2018-01-16 10:42:15.165000,5.19,5.19,5.2,2817700.0
2018-01-16 10:42:17.896000,5.19,5.19,5.2,2817700.0
2018-01-16 10:42:20.754000,5.19,5.19,5.2,2817700.0
2018-01-16 10:42:23.586000,5.19,5.19,5.2,2817700.0
2018-01-16 10:42:26.695000,5.19,5.19,5.2,2817700.0
2018-01-16 10:42:29.792000,5.19,5.19,5.2,2817700.0
2018-01-16 10:42:32.812000,5.19,5.19,5.2,2817700.0
2018-01-16 10:42:36.177000,5.19,5.19,5.2,2817700.0
2018-01-16 10:42:39.056000,5.19,5.19,5.2,2817700.0
2018-01-16 10:42:41.964000,5.2,5.19,5.2,2821500.0
2018-01-16 10:42:44.826000,5.2,5.19,5.2,2821500.0
2018-01-16 10:42:47.915000,5.2,5.19,5.2,2821500.0
2018-01-16 10:42:50.977000,5.2,5.19,5.2,2821500.0
2018-01-16 10:42:53.874000,5.2,5.19,5.2,2821500.0
2018-01-16 10:42:56.850000,5.2,5.19,5.2,2821500.0
2018-01-16 10:42:59.884000,5.2,5.19,5.2,2821500.0
2018-01-16 10:43:02.822000,5.2,5.19,5.2,2821500.0
2018-01-16 10:43:05.726000,5.2,5.19,5.2,2821500.0
2018-01-16 10:43:08.557000,5.2,5.19,5.2,2821500.0
2018-01-16 10:43:11.620000,5.2,5.19,5.2,2821500.0
2018-01-16 10:43:16.899000,5.2,5.19,5.2,2821500.0
2018-01-16 10:43:19.879000,5.2,5.19,5.2,2821500.0
2018-01-16 10:43:22.859000,5.2,5.19,5.2,2821500.0
2018-01-16 10:43:25.804000,5.2,5.19,5.2,2821500.0
2018-01-16 10:43:28.917000,5.2,5.19,5.2,3160700.0
2018-01-16 10:43:32.074000,5.2,5.19,5.2,3160700.0
2018-01-16 10:43:35.121000,5.2,5.19,5.2,3160700.0
2018-01-16 10:43:37.981000,5.2,5.19,5.2,3160700.0
2018-01-16 10:43:40.757000,5.2,5.19,5.2,3160700.0
2018-01-16 10:43:43.788000,5.2,5.19,5.2,3160700.0
2018-01-16 10:43:46.698000,5.2,5.19,5.2,3160700.0
2018-01-16 10:43:49.630000,5.2,5.19,5.2,3160700.0
2018-01-16 10:43:52.666000,5.2,5.19,5.2,3160700.0
2018-01-16 10:43:55.610000,5.2,5.19,5.2,3160700.0
2018-01-16 10:43:58.549000,5.2,5.19,5.2,3160700.0
2018-01-16 10:44:01.575000,5.2,5.19,5.2,3160700.0
2018-01-16 10:44:05.357000,5.2,5.19,5.2,3160700.0
2018-01-16 10:44:08.340000,5.2,5.19,5.2,3160700.0
2018-01-16 10:44:11.212000,5.2,5.19,5.2,3160700.0
2018-01-16 10:44:14.419000,5.2,5.19,5.2,3160700.0
2018-01-16 10:44:17.353000,5.2,5.19,5.2,3160700.0
2018-01-16 10:44:20.309000,5.2,5.19,5.2,3166500.0
2018-01-16 10:44:23.372000,5.2,5.19,5.2,3166500.0
2018-01-16 10:44:26.195000,5.2,5.19,5.2,3166500.0
2018-01-16 10:44:29.011000,5.2,5.19,5.2,3166500.0
2018-01-16 10:44:32.101000,5.2,5.19,5.2,3166500.0
2018-01-16 10:44:35.058000,5.2,5.19,5.2,3166500.0
2018-01-16 10:44:38.047000,5.2,5.19,5.2,3166500.0
2018-01-16 10:44:41.010000,5.2,5.19,5.2,3166500.0
2018-01-16 10:44:43.894000,5.2,5.19,5.2,3166500.0
2018-01-16 10:44:46.660000,5.2,5.19,5.2,3180700.0
2018-01-16 10:44:49.612000,5.2,5.19,5.2,3180700.0
2018-01-16 10:44:52.330000,5.2,5.19,5.2,3180700.0
2018-01-16 10:44:55.225000,5.2,5.19,5.2,3180700.0
2018-01-16 10:44:58.050000,5.2,5.19,5.2,3180700.0
2018-01-16 10:45:01.119000,5.2,5.19,5.2,3180700.0
2018-01-16 10:45:04.107000,5.2,5.19,5.2,3180700.0
2018-01-16 10:45:10.742000,5.2,5.19,5.2,3180700.0
2018-01-16 10:45:16.201000,5.2,5.19,5.2,3180700.0
2018-01-16 10:45:19.042000,5.2,5.19,5.2,3180700.0
2018-01-16 10:45:21.760000,5.2,5.19,5.2,3180700.0
2018-01-16 10:45:24.595000,5.2,5.19,5.2,3180700.0
2018-01-16 10:45:27.546000,5.2,5.19,5.2,3180700.0
2018-01-16 10:45:30.252000,5.2,5.19,5.2,3180700.0
2018-01-16 10:45:33.085000,5.2,5.19,5.2,3180700.0
2018-01-16 10:45:35.677000,5.2,5.19,5.2,3180700.0
2018-01-16 10:45:38.583000,5.2,5.19,5.2,3180700.0
2018-01-16 10:45:41.248000,5.2,5.19,5.2,3180700.0
2018-01-16 10:45:44.407000,5.2,5.19,5.2,3180700.0
2018-01-16 10:45:47.952000,5.2,5.19,5.2,3180700.0
2018-01-16 10:45:50.705000,5.2,5.19,5.2,3180700.0
2018-01-16 10:45:53.331000,5.2,5.19,5.2,3180700.0
2018-01-16 10:45:56.261000,5.2,5.19,5.2,3180700.0
2018-01-16 10:45:59.172000,5.2,5.19,5.2,3180700.0
2018-01-16 10:46:03.239000,5.2,5.19,5.2,3180700.0
2018-01-16 10:46:07.903000,5.2,5.19,5.2,3180700.0
2018-01-16 10:46:10.696000,5.2,5.19,5.2,3180700.0
2018-01-16 10:46:13.857000,5.2,5.19,5.2,3180700.0
2018-01-16 10:46:16.952000,5.2,5.19,5.2,3180700.0
2018-01-16 10:46:19.627000,5.2,5.19,5.2,3180700.0
2018-01-16 10:46:22.315000,5.2,5.19,5.2,3180700.0
2018-01-16 10:46:25.241000,5.2,5.19,5.2,3180700.0
2018-01-16 10:46:28.270000,5.2,5.19,5.2,3180700.0
2018-01-16 10:46:31.121000,5.2,5.19,5.2,3180700.0
2018-01-16 10:46:33.975000,5.2,5.19,5.2,3180700.0
2018-01-16 10:46:36.921000,5.2,5.19,5.2,3180700.0
2018-01-16 10:46:39.940000,5.2,5.19,5.2,3180700.0
2018-01-16 10:46:42.811000,5.2,5.19,5.2,3180700.0
2018-01-16 10:46:45.856000,5.2,5.19,5.2,3180700.0
2018-01-16 10:46:48.741000,5.2,5.19,5.2,3180700.0
2018-01-16 10:46:51.576000,5.2,5.19,5.2,3180700.0
2018-01-16 10:46:54.392000,5.2,5.19,5.2,3180700.0
2018-01-16 10:46:57.271000,5.2,5.19,5.2,3180700.0
2018-01-16 10:47:00.230000,5.2,5.19,5.2,3180700.0
2018-01-16 10:47:03.010000,5.2,5.19,5.2,3180700.0
2018-01-16 10:47:05.980000,5.2,5.19,5.2,3180700.0
2018-01-16 10:47:08.745000,5.2,5.19,5.2,3180700.0
2018-01-16 10:47:12.940000,5.2,5.19,5.2,3180700.0
2018-01-16 10:47:15.753000,5.2,5.19,5.2,3180700.0
2018-01-16 10:47:18.609000,5.2,5.19,5.2,3180700.0
2018-01-16 10:47:21.577000,5.2,5.19,5.2,3180700.0
2018-01-16 10:47:24.496000,5.2,5.19,5.2,3180700.0
2018-01-16 10:47:27.196000,5.2,5.19,5.2,3180700.0
2018-01-16 10:47:30.190000,5.2,5.19,5.2,3180700.0
2018-01-16 10:47:33.672000,5.2,5.19,5.2,3180700.0
2018-01-16 10:47:36.797000,5.2,5.19,5.2,3180700.0
2018-01-16 10:47:40.007000,5.2,5.19,5.2,3180700.0
2018-01-16 10:47:43.268000,5.2,5.19,5.2,3180700.0
2018-01-16 10:47:46.294000,5.2,5.19,5.2,3180700.0
2018-01-16 10:47:49.488000,5.2,5.19,5.2,3180700.0
2018-01-16 10:47:52.690000,5.2,5.19,5.2,3180700.0
2018-01-16 10:47:55.914000,5.2,5.19,5.2,3180700.0
2018-01-16 10:47:58.930000,5.2,5.19,5.2,3180700.0
2018-01-16 10:48:01.938000,5.2,5.19,5.2,3180700.0
2018-01-16 10:48:04.894000,5.2,5.19,5.2,3180700.0
2018-01-16 10:48:07.911000,5.2,5.19,5.2,3180700.0
2018-01-16 10:48:11.030000,5.2,5.19,5.2,3180700.0
2018-01-16 10:48:14.056000,5.2,5.19,5.2,3180700.0
2018-01-16 10:48:17.327000,5.2,5.19,5.2,3180700.0
2018-01-16 10:48:20.301000,5.2,5.19,5.2,3180700.0
2018-01-16 10:48:23.738000,5.2,5.19,5.2,3180700.0
2018-01-16 10:48:26.673000,5.2,5.19,5.2,3180700.0
2018-01-16 10:48:29.824000,5.2,5.19,5.2,3180700.0
2018-01-16 10:48:32.847000,5.2,5.19,5.2,3180700.0
2018-01-16 10:48:36.083000,5.2,5.19,5.2,3180700.0
2018-01-16 10:48:39.089000,5.2,5.19,5.2,3180700.0
2018-01-16 10:48:42.360000,5.2,5.19,5.2,3180700.0
2018-01-16 10:48:45.261000,5.2,5.19,5.2,3180700.0
2018-01-16 10:48:48.301000,5.2,5.19,5.2,3180700.0
2018-01-16 10:48:51.142000,5.2,5.19,5.2,3180700.0
2018-01-16 10:48:54.111000,5.2,5.19,5.2,3180700.0
2018-01-16 10:48:57.248000,5.2,5.19,5.2,3180700.0
2018-01-16 10:49:00.256000,5.2,5.19,5.2,3180700.0
2018-01-16 10:49:03.572000,5.2,5.19,5.2,3180700.0
2018-01-16 10:49:08.672000,5.2,5.19,5.2,3180700.0
2018-01-16 10:49:11.673000,5.2,5.19,5.2,3180700.0
2018-01-16 10:49:15.004000,5.2,5.19,5.2,3180700.0
2018-01-16 10:49:18.864000,5.2,5.19,5.2,3180700.0
2018-01-16 10:49:22.111000,5.2,5.19,5.2,3180700.0
2018-01-16 10:49:25.164000,5.2,5.19,5.2,3180700.0
2018-01-16 10:49:28.438000,5.2,5.19,5.2,3180700.0
2018-01-16 10:49:31.375000,5.2,5.19,5.2,3180700.0
2018-01-16 10:49:34.675000,5.2,5.19,5.2,3180700.0
2018-01-16 10:49:37.946000,5.2,5.19,5.2,3180700.0
2018-01-16 10:49:41.203000,5.2,5.19,5.2,3180700.0
2018-01-16 10:49:44.253000,5.2,5.19,5.2,3180700.0
2018-01-16 10:49:47.365000,5.2,5.19,5.2,3180700.0
2018-01-16 10:49:50.667000,5.2,5.19,5.2,3180700.0
2018-01-16 10:49:54.028000,5.2,5.19,5.2,3180700.0
2018-01-16 10:49:57.300000,5.2,5.19,5.2,3180700.0
2018-01-16 10:50:00.553000,5.2,5.19,5.2,3180700.0
2018-01-16 10:50:03.816000,5.2,5.19,5.2,3180700.0
2018-01-16 10:50:06.814000,5.2,5.19,5.2,3180700.0
2018-01-16 10:50:10.206000,5.2,5.19,5.2,3180700.0
2018-01-16 10:50:14.032000,5.2,5.19,5.2,3180700.0
2018-01-16 10:50:17.664000,5.2,5.19,5.2,3180700.0
2018-01-16 10:50:20.886000,5.2,5.19,5.2,3180700.0
2018-01-16 10:50:23.881000,5.2,5.19,5.2,3180700.0
2018-01-16 10:50:27.004000,5.2,5.19,5.2,3180700.0
2018-01-16 10:50:30.695000,5.2,5.19,5.2,3180700.0
2018-01-16 10:50:34.225000,5.2,5.19,5.2,3180700.0
2018-01-16 10:50:37.193000,5.2,5.19,5.2,3180700.0
2018-01-16 10:50:40.134000,5.2,5.19,5.2,3180700.0
2018-01-16 10:50:43.146000,5.2,5.19,5.2,3180700.0
2018-01-16 10:50:46.061000,5.2,5.19,5.2,3180700.0
2018-01-16 10:50:48.927000,5.2,5.19,5.2,3180700.0
2018-01-16 10:50:52.285000,5.2,5.19,5.2,3180700.0
2018-01-16 10:50:55.382000,5.19,5.18,5.2,3303200.0
2018-01-16 10:50:58.591000,5.19,5.18,5.2,3303200.0
2018-01-16 10:51:01.565000,5.19,5.18,5.19,3303200.0
2018-01-16 10:51:04.631000,5.19,5.18,5.19,3303200.0
2018-01-16 10:51:07.740000,5.19,5.18,5.19,3303200.0
2018-01-16 10:51:11.068000,5.19,5.18,5.19,3303200.0
2018-01-16 10:51:14.241000,5.19,5.18,5.19,3303200.0
2018-01-16 10:51:17.258000,5.19,5.18,5.19,3303200.0
2018-01-16 10:51:20.433000,5.19,5.18,5.19,3303200.0
2018-01-16 10:51:23.398000,5.19,5.18,5.19,3303200.0
2018-01-16 10:51:26.580000,5.19,5.18,5.19,3303200.0
2018-01-16 10:51:29.809000,5.19,5.18,5.19,3303200.0
2018-01-16 10:51:32.785000,5.19,5.18,5.19,3303200.0
2018-01-16 10:51:35.629000,5.19,5.18,5.19,3303200.0
2018-01-16 10:51:38.665000,5.19,5.18,5.19,3303200.0
2018-01-16 10:51:41.768000,5.19,5.18,5.19,3303200.0
2018-01-16 10:51:44.662000,5.19,5.18,5.19,3303200.0
2018-01-16 10:51:47.523000,5.19,5.18,5.19,3303200.0
2018-01-16 10:51:50.589000,5.19,5.18,5.19,3303200.0
2018-01-16 10:51:53.615000,5.19,5.18,5.19,3303200.0
2018-01-16 10:51:56.582000,5.19,5.18,5.19,3303200.0
2018-01-16 10:51:59.570000,5.19,5.18,5.19,3303200.0
2018-01-16 10:52:02.551000,5.19,5.18,5.19,3303200.0
2018-01-16 10:52:05.538000,5.19,5.18,5.19,3303200.0
2018-01-16 10:52:08.355000,5.19,5.18,5.19,3303200.0
2018-01-16 10:52:11.306000,5.19,5.18,5.19,3303200.0
2018-01-16 10:52:14.049000,5.19,5.18,5.19,3303200.0
2018-01-16 10:52:17.389000,5.19,5.18,5.19,3303200.0
2018-01-16 10:52:20.407000,5.19,5.18,5.19,3303200.0
2018-01-16 10:52:23.314000,5.19,5.18,5.19,3303200.0
2018-01-16 10:52:26.293000,5.19,5.18,5.19,3303200.0
2018-01-16 10:52:29.041000,5.19,5.18,5.19,3303200.0
2018-01-16 10:52:32.087000,5.19,5.18,5.19,3303200.0
2018-01-16 10:52:35.263000,5.19,5.18,5.19,3303200.0
2018-01-16 10:52:38.227000,5.19,5.18,5.19,3303200.0
2018-01-16 10:52:41.121000,5.19,5.18,5.19,3303200.0
2018-01-16 10:52:44.214000,5.19,5.18,5.19,3303200.0
2018-01-16 10:52:47.363000,5.19,5.18,5.19,3303200.0
2018-01-16 10:52:50.164000,5.19,5.18,5.19,3303200.0
2018-01-16 10:52:53.072000,5.19,5.18,5.19,3303200.0
2018-01-16 10:52:56.076000,5.19,5.18,5.19,3303200.0
2018-01-16 10:52:59.014000,5.19,5.18,5.19,3303200.0
2018-01-16 10:53:02.117000,5.19,5.18,5.19,3303200.0
2018-01-16 10:53:04.969000,5.19,5.18,5.19,3303200.0
2018-01-16 10:53:08.583000,5.19,5.18,5.19,3303200.0
2018-01-16 10:53:11.599000,5.19,5.18,5.19,3303200.0
2018-01-16 10:53:14.789000,5.19,5.18,5.19,3303200.0
2018-01-16 10:53:17.821000,5.19,5.18,5.19,3303200.0
2018-01-16 10:53:20.856000,5.19,5.18,5.2,3303200.0
2018-01-16 10:53:24.058000,5.19,5.18,5.2,3303200.0
2018-01-16 10:53:26.961000,5.19,5.18,5.2,3303200.0
2018-01-16 10:53:30.094000,5.19,5.18,5.2,3303200.0
2018-01-16 10:53:33.089000,5.19,5.18,5.2,3303200.0
2018-01-16 10:53:36.300000,5.19,5.18,5.2,3303200.0
2018-01-16 10:53:39.279000,5.19,5.18,5.2,3303200.0
2018-01-16 10:53:42.366000,5.19,5.18,5.2,3303200.0
2018-01-16 10:53:45.416000,5.19,5.18,5.2,3303200.0
2018-01-16 10:53:48.390000,5.19,5.18,5.2,3303200.0
2018-01-16 10:53:51.242000,5.19,5.18,5.2,3303200.0
2018-01-16 10:53:54.192000,5.19,5.18,5.2,3303200.0
2018-01-16 10:53:57.135000,5.19,5.18,5.2,3303200.0
2018-01-16 10:54:00.138000,5.19,5.18,5.2,3303200.0
2018-01-16 10:54:03.152000,5.19,5.18,5.2,3303200.0
2018-01-16 10:54:06.202000,5.19,5.18,5.2,3303200.0
2018-01-16 10:54:09.126000,5.19,5.18,5.2,3303200.0
2018-01-16 10:54:12.337000,5.19,5.18,5.2,3303200.0
2018-01-16 10:54:15.199000,5.19,5.18,5.2,3303200.0
2018-01-16 10:54:18.695000,5.19,5.18,5.2,3303200.0
2018-01-16 10:54:21.743000,5.19,5.18,5.2,3303200.0
2018-01-16 10:54:24.613000,5.19,5.18,5.2,3303200.0
2018-01-16 10:54:27.513000,5.19,5.18,5.2,3303200.0
2018-01-16 10:54:30.736000,5.19,5.18,5.2,3303200.0
2018-01-16 10:54:33.871000,5.19,5.18,5.2,3303200.0
2018-01-16 10:54:36.647000,5.19,5.18,5.2,3303200.0
2018-01-16 10:54:39.791000,5.19,5.18,5.2,3303200.0
2018-01-16 10:54:43.241000,5.19,5.18,5.2,3303200.0
2018-01-16 10:54:46.322000,5.19,5.18,5.2,3303200.0
2018-01-16 10:54:49.090000,5.19,5.18,5.2,3303200.0
2018-01-16 10:54:52.072000,5.19,5.18,5.2,3303200.0
2018-01-16 10:54:55.175000,5.19,5.18,5.2,3303200.0
2018-01-16 10:54:58.040000,5.19,5.18,5.2,3303200.0
2018-01-16 10:55:01.049000,5.19,5.18,5.2,3303200.0
2018-01-16 10:55:07.105000,5.19,5.18,5.2,3303200.0
2018-01-16 10:55:10.299000,5.19,5.18,5.2,3303200.0
2018-01-16 10:55:13.310000,5.19,5.18,5.2,3303200.0
2018-01-16 10:55:16.531000,5.19,5.18,5.2,3303200.0
2018-01-16 10:55:19.902000,5.19,5.18,5.2,3303200.0
2018-01-16 10:55:22.902000,5.19,5.18,5.2,3303200.0
2018-01-16 10:55:25.780000,5.19,5.18,5.2,3303200.0
2018-01-16 10:55:28.685000,5.19,5.18,5.2,3303200.0
2018-01-16 10:55:31.637000,5.19,5.18,5.2,3303200.0
2018-01-16 10:55:34.601000,5.19,5.18,5.2,3303200.0
2018-01-16 10:55:37.558000,5.19,5.18,5.2,3303200.0
2018-01-16 10:55:40.530000,5.19,5.18,5.2,3303200.0
2018-01-16 10:55:43.747000,5.19,5.18,5.2,3303200.0
2018-01-16 10:55:46.839000,5.19,5.18,5.2,3303200.0
2018-01-16 10:55:49.769000,5.19,5.18,5.2,3303200.0
2018-01-16 10:55:52.935000,5.19,5.18,5.2,3303200.0
2018-01-16 10:55:55.991000,5.19,5.18,5.2,3303200.0
2018-01-16 10:55:59.032000,5.19,5.18,5.2,3303200.0
2018-01-16 10:56:02.093000,5.19,5.18,5.2,3303200.0
2018-01-16 10:56:07.839000,5.19,5.18,5.2,3303200.0
2018-01-16 10:56:10.954000,5.19,5.18,5.2,3303200.0
2018-01-16 10:56:14.171000,5.19,5.18,5.2,3303200.0
2018-01-16 10:56:19.250000,5.19,5.18,5.2,3303200.0
2018-01-16 10:56:22.355000,5.19,5.18,5.2,3303200.0
2018-01-16 10:56:25.197000,5.19,5.18,5.2,3303200.0
2018-01-16 10:56:28.108000,5.19,5.18,5.2,3303200.0
2018-01-16 10:56:31.189000,5.19,5.18,5.2,3303200.0
2018-01-16 10:56:34.231000,5.19,5.18,5.2,3303200.0
2018-01-16 10:56:37.279000,5.19,5.18,5.2,3303200.0
2018-01-16 10:56:40.293000,5.19,5.18,5.2,3303200.0
2018-01-16 10:56:43.185000,5.19,5.18,5.2,3303200.0
2018-01-16 10:56:46.410000,5.19,5.18,5.2,3303200.0
2018-01-16 10:56:49.460000,5.19,5.18,5.2,3303200.0
2018-01-16 10:56:52.432000,5.19,5.18,5.2,3303200.0
2018-01-16 10:56:55.467000,5.19,5.18,5.2,3303200.0
2018-01-16 10:56:58.579000,5.19,5.18,5.2,3303200.0
2018-01-16 10:57:01.624000,5.19,5.18,5.2,3303200.0
2018-01-16 10:57:04.517000,5.19,5.18,5.2,3303200.0
2018-01-16 10:57:07.343000,5.19,5.18,5.2,3303200.0
2018-01-16 10:57:10.208000,5.19,5.18,5.2,3303200.0
2018-01-16 10:57:13.171000,5.19,5.18,5.2,3303200.0
2018-01-16 10:57:17.904000,5.19,5.18,5.2,3303200.0
2018-01-16 10:57:20.942000,5.19,5.18,5.2,3303200.0
2018-01-16 10:57:23.984000,5.19,5.18,5.2,3303200.0
2018-01-16 10:57:26.751000,5.19,5.18,5.2,3303200.0
2018-01-16 10:57:29.999000,5.19,5.18,5.2,3303200.0
2018-01-16 10:57:33.179000,5.19,5.18,5.2,3303200.0
2018-01-16 10:57:36.027000,5.19,5.18,5.2,3303200.0
2018-01-16 10:57:39.031000,5.19,5.18,5.2,3303200.0
2018-01-16 10:57:41.951000,5.19,5.18,5.2,3303200.0
2018-01-16 10:57:44.815000,5.19,5.18,5.2,3303200.0
2018-01-16 10:57:47.687000,5.19,5.18,5.2,3303200.0
2018-01-16 10:57:50.785000,5.19,5.18,5.2,3303200.0
2018-01-16 10:57:53.971000,5.19,5.18,5.2,3303200.0
2018-01-16 10:57:57.030000,5.19,5.18,5.2,3303200.0
2018-01-16 10:57:59.917000,5.19,5.18,5.2,3303200.0
2018-01-16 10:58:02.609000,5.19,5.18,5.2,3303200.0
2018-01-16 10:58:05.753000,5.19,5.18,5.2,3303200.0
2018-01-16 10:58:09.273000,5.19,5.18,5.2,3303200.0
2018-01-16 10:58:15.347000,5.19,5.18,5.2,3303200.0
2018-01-16 10:58:18.265000,5.19,5.18,5.2,3303200.0
2018-01-16 10:58:21.185000,5.19,5.18,5.2,3303200.0
2018-01-16 10:58:23.940000,5.19,5.18,5.2,3303200.0
2018-01-16 10:58:26.842000,5.19,5.18,5.2,3303200.0
2018-01-16 10:58:29.682000,5.19,5.18,5.2,3303200.0
2018-01-16 10:58:32.670000,5.19,5.18,5.2,3303200.0
2018-01-16 10:58:35.564000,5.19,5.18,5.2,3303200.0
2018-01-16 10:58:38.438000,5.19,5.18,5.2,3303200.0
2018-01-16 10:58:41.363000,5.19,5.18,5.2,3303200.0
2018-01-16 10:58:44.408000,5.19,5.18,5.2,3303200.0
2018-01-16 10:58:47.327000,5.19,5.18,5.2,3303200.0
2018-01-16 10:58:50.206000,5.19,5.18,5.2,3303200.0
2018-01-16 10:58:53.113000,5.19,5.18,5.2,3303200.0
2018-01-16 10:58:56.128000,5.19,5.18,5.2,3303200.0
2018-01-16 10:58:59.065000,5.19,5.18,5.19,3303200.0
2018-01-16 10:59:01.953000,5.19,5.18,5.19,3303200.0
2018-01-16 10:59:04.915000,5.19,5.18,5.19,3303200.0
2018-01-16 10:59:07.892000,5.19,5.18,5.19,3303200.0
2018-01-16 10:59:10.802000,5.19,5.18,5.19,3303200.0
2018-01-16 10:59:13.925000,5.19,5.18,5.19,3303200.0
2018-01-16 10:59:18.113000,5.19,5.18,5.19,3303200.0
2018-01-16 10:59:20.833000,5.19,5.18,5.19,3303200.0
2018-01-16 10:59:23.772000,5.19,5.18,5.19,3303200.0
2018-01-16 10:59:26.984000,5.19,5.18,5.19,3303200.0
2018-01-16 10:59:30.068000,5.19,5.18,5.19,3303200.0
2018-01-16 10:59:33.142000,5.19,5.18,5.19,3303200.0
2018-01-16 10:59:36.143000,5.19,5.18,5.19,3303200.0
2018-01-16 10:59:39.409000,5.19,5.18,5.19,3303200.0
2018-01-16 10:59:42.329000,5.19,5.18,5.19,3303200.0
2018-01-16 10:59:45.536000,5.19,5.18,5.19,3303200.0
2018-01-16 10:59:48.958000,5.19,5.18,5.19,3303200.0
2018-01-16 10:59:51.959000,5.19,5.18,5.19,3303200.0
2018-01-16 10:59:54.878000,5.19,5.18,5.19,3303200.0
2018-01-16 10:59:57.876000,5.19,5.18,5.19,3303200.0
2018-01-16 11:00:00.787000,5.19,5.18,5.19,3303200.0
2018-01-16 11:00:03.707000,5.19,5.18,5.19,3303200.0
2018-01-16 11:00:06.667000,5.19,5.18,5.19,3303200.0
2018-01-16 11:00:09.600000,5.19,5.18,5.19,3303200.0
2018-01-16 11:00:14.596000,5.19,5.18,5.19,3303200.0
2018-01-16 11:00:17.438000,5.19,5.18,5.19,3303200.0
2018-01-16 11:00:20.582000,5.19,5.18,5.19,3303200.0
2018-01-16 11:00:23.458000,5.19,5.18,5.19,3303200.0
2018-01-16 11:00:26.280000,5.19,5.18,5.19,3303200.0
2018-01-16 11:00:29.254000,5.19,5.18,5.19,3303200.0
2018-01-16 11:00:32.268000,5.19,5.18,5.19,3343200.0
2018-01-16 11:00:35.309000,5.19,5.18,5.19,3343200.0
2018-01-16 11:00:38.369000,5.19,5.18,5.19,3343200.0
2018-01-16 11:00:41.368000,5.19,5.18,5.19,3343200.0
2018-01-16 11:00:44.294000,5.19,5.18,5.19,3343200.0
2018-01-16 11:00:47.158000,5.19,5.18,5.19,3343200.0
2018-01-16 11:00:50.130000,5.19,5.18,5.19,3343200.0
2018-01-16 11:00:53.559000,5.19,5.18,5.19,3343200.0
2018-01-16 11:00:56.419000,5.19,5.18,5.19,3343200.0
2018-01-16 11:00:59.305000,5.19,5.18,5.19,3343200.0
2018-01-16 11:01:02.409000,5.19,5.18,5.19,3343200.0
2018-01-16 11:01:05.539000,5.19,5.18,5.19,3343200.0
2018-01-16 11:01:08.565000,5.19,5.18,5.19,3343200.0
2018-01-16 11:01:11.931000,5.19,5.18,5.19,3343200.0
2018-01-16 11:01:19.035000,5.19,5.18,5.19,3343200.0
2018-01-16 11:01:22.138000,5.19,5.18,5.19,3343200.0
2018-01-16 11:01:26.037000,5.19,5.18,5.19,3343200.0
2018-01-16 11:01:29.116000,5.19,5.18,5.19,3343200.0
2018-01-16 11:01:32.059000,5.19,5.18,5.19,3343200.0
2018-01-16 11:01:35.059000,5.19,5.18,5.19,3343200.0
2018-01-16 11:01:38.152000,5.19,5.18,5.19,3343200.0
2018-01-16 11:01:41.113000,5.19,5.18,5.19,3343200.0
2018-01-16 11:01:44.241000,5.19,5.18,5.19,3343200.0
2018-01-16 11:01:47.271000,5.19,5.18,5.19,3343200.0
2018-01-16 11:01:50.384000,5.19,5.18,5.19,3343200.0
2018-01-16 11:01:53.334000,5.19,5.18,5.19,3343200.0
2018-01-16 11:01:56.329000,5.19,5.18,5.19,3343200.0
2018-01-16 11:01:59.288000,5.19,5.18,5.19,3343200.0
2018-01-16 11:02:02.205000,5.19,5.18,5.19,3343200.0
2018-01-16 11:02:06.692000,5.19,5.18,5.19,3343200.0
2018-01-16 11:02:09.617000,5.19,5.18,5.19,3343200.0
2018-01-16 11:02:13.881000,5.19,5.18,5.19,3343200.0
2018-01-16 11:02:18.472000,5.19,5.18,5.19,3343200.0
2018-01-16 11:02:21.560000,5.19,5.18,5.19,3343200.0
2018-01-16 11:02:24.289000,5.19,5.18,5.19,3343200.0
2018-01-16 11:02:27.138000,5.19,5.18,5.19,3343200.0
2018-01-16 11:02:30.165000,5.19,5.18,5.19,3343200.0
2018-01-16 11:02:33.117000,5.19,5.18,5.19,3343200.0
2018-01-16 11:02:35.986000,5.19,5.18,5.19,3343200.0
2018-01-16 11:02:39.134000,5.19,5.18,5.19,3343200.0
2018-01-16 11:02:42.264000,5.19,5.18,5.19,3343200.0
2018-01-16 11:02:45.383000,5.19,5.18,5.19,3343200.0
2018-01-16 11:02:48.293000,5.19,5.18,5.19,3343200.0
2018-01-16 11:02:51.172000,5.19,5.18,5.19,3343200.0
2018-01-16 11:02:54.186000,5.19,5.18,5.19,3343200.0
2018-01-16 11:02:57.113000,5.19,5.18,5.19,3343200.0
2018-01-16 11:03:00.119000,5.19,5.18,5.19,3343200.0
2018-01-16 11:03:03.193000,5.19,5.18,5.19,3343200.0
2018-01-16 11:03:07.614000,5.19,5.18,5.19,3343200.0
2018-01-16 11:03:13.382000,5.19,5.18,5.19,3343200.0
2018-01-16 11:03:17.206000,5.19,5.18,5.19,3343200.0
2018-01-16 11:03:20.213000,5.19,5.18,5.19,3343200.0
2018-01-16 11:03:23.277000,5.19,5.18,5.19,3343200.0
2018-01-16 11:03:26.421000,5.19,5.18,5.19,3343200.0
2018-01-16 11:03:29.601000,5.19,5.18,5.19,3343200.0
2018-01-16 11:03:32.725000,5.19,5.18,5.19,3343200.0
2018-01-16 11:03:35.984000,5.19,5.18,5.19,3343200.0
2018-01-16 11:03:39.055000,5.19,5.18,5.19,3343200.0
2018-01-16 11:03:42.180000,5.19,5.18,5.19,3343200.0
2018-01-16 11:03:45.382000,5.19,5.18,5.19,3343200.0
2018-01-16 11:03:48.505000,5.19,5.18,5.19,3343200.0
2018-01-16 11:03:51.696000,5.19,5.18,5.19,3343200.0
2018-01-16 11:03:54.834000,5.19,5.18,5.19,3343200.0
2018-01-16 11:03:57.724000,5.19,5.18,5.19,3343200.0
2018-01-16 11:04:00.603000,5.19,5.18,5.19,3343200.0
2018-01-16 11:04:03.758000,5.19,5.18,5.19,3343200.0
2018-01-16 11:04:07.540000,5.19,5.18,5.19,3343200.0
2018-01-16 11:04:13.115000,5.19,5.18,5.19,3343200.0
2018-01-16 11:04:16.363000,5.19,5.18,5.19,3343200.0
2018-01-16 11:04:19.595000,5.19,5.18,5.19,3343200.0
2018-01-16 11:04:22.508000,5.19,5.18,5.19,3343200.0
2018-01-16 11:04:25.768000,5.19,5.18,5.19,3343200.0
2018-01-16 11:04:28.720000,5.19,5.18,5.19,3343200.0
2018-01-16 11:04:31.842000,5.19,5.18,5.19,3343200.0
2018-01-16 11:04:34.805000,5.19,5.18,5.19,3343200.0
2018-01-16 11:04:37.976000,5.19,5.18,5.19,3343200.0
2018-01-16 11:04:40.995000,5.19,5.18,5.19,3343200.0
2018-01-16 11:04:44.017000,5.19,5.18,5.19,3343200.0
2018-01-16 11:04:47.014000,5.19,5.18,5.19,3343200.0
2018-01-16 11:04:49.973000,5.19,5.18,5.19,3343200.0
2018-01-16 11:04:53.103000,5.19,5.18,5.19,3346200.0
2018-01-16 11:04:56.012000,5.19,5.18,5.19,3346200.0
2018-01-16 11:04:58.981000,5.19,5.18,5.19,3346200.0
2018-01-16 11:05:02.124000,5.19,5.18,5.19,3346200.0
2018-01-16 11:05:07.189000,5.19,5.18,5.19,3346200.0
2018-01-16 11:05:11.516000,5.19,5.18,5.19,3346200.0
2018-01-16 11:05:18.197000,5.19,5.18,5.19,3346200.0
2018-01-16 11:05:21.331000,5.19,5.18,5.19,3346200.0
2018-01-16 11:05:24.508000,5.19,5.18,5.19,3346200.0
2018-01-16 11:05:27.649000,5.19,5.18,5.19,3346200.0
2018-01-16 11:05:30.874000,5.19,5.18,5.19,3346200.0
2018-01-16 11:05:33.934000,5.19,5.18,5.19,3346200.0
2018-01-16 11:05:36.872000,5.19,5.18,5.19,3346200.0
2018-01-16 11:05:40.100000,5.19,5.18,5.19,3346200.0
2018-01-16 11:05:43.044000,5.19,5.18,5.19,3346200.0
2018-01-16 11:05:46.001000,5.19,5.18,5.19,3346200.0
2018-01-16 11:05:49.074000,5.19,5.18,5.19,3346200.0
2018-01-16 11:05:52.355000,5.19,5.18,5.19,3346200.0
2018-01-16 11:05:55.433000,5.19,5.18,5.19,3346200.0
2018-01-16 11:05:58.508000,5.19,5.18,5.19,3346200.0
2018-01-16 11:06:01.590000,5.19,5.18,5.19,3346200.0
2018-01-16 11:06:04.744000,5.19,5.18,5.19,3346200.0
2018-01-16 11:06:07.884000,5.19,5.18,5.19,3346200.0
2018-01-16 11:06:18.059000,5.19,5.18,5.19,3346200.0
2018-01-16 11:06:21.116000,5.19,5.18,5.19,3346200.0
2018-01-16 11:06:24.433000,5.19,5.18,5.19,3346200.0
2018-01-16 11:06:27.367000,5.19,5.18,5.19,3346200.0
2018-01-16 11:06:30.185000,5.19,5.18,5.19,3346200.0
2018-01-16 11:06:33.312000,5.19,5.18,5.19,3346200.0
2018-01-16 11:06:36.198000,5.19,5.18,5.19,3346200.0
2018-01-16 11:06:39.600000,5.19,5.18,5.19,3346200.0
2018-01-16 11:06:43.658000,5.19,5.18,5.19,3346200.0
2018-01-16 11:06:46.567000,5.19,5.18,5.19,3346200.0
2018-01-16 11:06:49.506000,5.19,5.18,5.19,3346200.0
2018-01-16 11:06:52.551000,5.19,5.18,5.19,3346200.0
2018-01-16 11:06:55.459000,5.19,5.18,5.19,3346200.0
2018-01-16 11:06:58.407000,5.19,5.18,5.19,3346200.0
2018-01-16 11:07:01.303000,5.19,5.18,5.19,3346200.0
2018-01-16 11:07:04.372000,5.19,5.18,5.19,3346200.0
2018-01-16 11:07:08.076000,5.19,5.18,5.19,3346200.0
2018-01-16 11:07:15.081000,5.19,5.18,5.19,3346200.0
2018-01-16 11:07:17.916000,5.19,5.18,5.19,3346200.0
2018-01-16 11:07:21.627000,5.19,5.18,5.19,3346200.0
2018-01-16 11:07:25.078000,5.19,5.18,5.19,3346200.0
2018-01-16 11:07:28.078000,5.19,5.18,5.19,3346200.0
2018-01-16 11:07:31.206000,5.19,5.18,5.19,3346200.0
2018-01-16 11:07:34.499000,5.19,5.18,5.19,3346200.0
2018-01-16 11:07:37.825000,5.19,5.18,5.19,3346200.0
2018-01-16 11:07:40.891000,5.19,5.18,5.19,3346200.0
2018-01-16 11:07:44.041000,5.19,5.18,5.19,3346200.0
2018-01-16 11:07:47.262000,5.19,5.18,5.19,3346200.0
2018-01-16 11:07:50.375000,5.19,5.18,5.19,3346200.0
2018-01-16 11:07:53.246000,5.19,5.18,5.19,3346200.0
2018-01-16 11:07:56.156000,5.19,5.18,5.19,3346200.0
2018-01-16 11:07:59.092000,5.19,5.18,5.19,3351200.0
2018-01-16 11:08:02.071000,5.19,5.18,5.19,3351200.0
2018-01-16 11:08:05.279000,5.19,5.18,5.19,3351200.0
2018-01-16 11:08:08.403000,5.19,5.18,5.19,3351200.0
2018-01-16 11:08:11.219000,5.19,5.18,5.19,3351200.0
2018-01-16 11:08:15.407000,5.19,5.18,5.19,3351200.0
2018-01-16 11:08:18.273000,5.19,5.18,5.19,3351200.0
2018-01-16 11:08:21.386000,5.19,5.18,5.19,3351200.0
2018-01-16 11:08:24.331000,5.19,5.18,5.19,3351200.0
2018-01-16 11:08:27.686000,5.19,5.18,5.19,3351200.0
2018-01-16 11:08:30.688000,5.19,5.18,5.19,3351200.0
2018-01-16 11:08:33.716000,5.19,5.18,5.19,3351200.0
2018-01-16 11:08:36.680000,5.19,5.18,5.19,3351200.0
2018-01-16 11:08:39.672000,5.19,5.18,5.19,3351200.0
2018-01-16 11:08:42.866000,5.19,5.18,5.19,3351200.0
2018-01-16 11:08:45.883000,5.19,5.18,5.19,3351200.0
2018-01-16 11:08:48.929000,5.19,5.18,5.19,3351200.0
2018-01-16 11:08:52.029000,5.19,5.18,5.19,3351200.0
2018-01-16 11:08:54.969000,5.19,5.18,5.19,3351200.0
2018-01-16 11:08:57.949000,5.19,5.18,5.19,3351200.0
2018-01-16 11:09:01.063000,5.19,5.18,5.19,3351200.0
2018-01-16 11:09:04.357000,5.19,5.18,5.19,3351200.0
2018-01-16 11:09:07.314000,5.19,5.18,5.19,3351200.0
2018-01-16 11:09:10.194000,5.19,5.18,5.19,3351200.0
2018-01-16 11:09:13.670000,5.19,5.18,5.19,3351200.0
2018-01-16 11:09:18.872000,5.19,5.18,5.19,3351200.0
2018-01-16 11:09:21.932000,5.19,5.18,5.19,3351200.0
2018-01-16 11:09:25.099000,5.19,5.18,5.19,3351200.0
2018-01-16 11:09:28.012000,5.19,5.18,5.19,3351200.0
2018-01-16 11:09:31.250000,5.19,5.18,5.19,3351200.0
2018-01-16 11:09:34.318000,5.19,5.18,5.19,3351200.0
2018-01-16 11:09:37.432000,5.19,5.18,5.19,3351200.0
2018-01-16 11:09:40.673000,5.19,5.18,5.19,3351200.0
2018-01-16 11:09:43.908000,5.19,5.18,5.19,3351200.0
2018-01-16 11:09:46.815000,5.19,5.18,5.19,3351200.0
2018-01-16 11:09:49.847000,5.19,5.18,5.19,3351200.0
2018-01-16 11:09:52.738000,5.19,5.18,5.19,3351200.0
2018-01-16 11:09:55.643000,5.19,5.18,5.19,3351200.0
2018-01-16 11:09:58.640000,5.19,5.18,5.19,3351200.0
2018-01-16 11:10:01.643000,5.19,5.18,5.19,3351200.0
2018-01-16 11:10:04.544000,5.19,5.18,5.19,3351200.0
2018-01-16 11:10:07.820000,5.19,5.18,5.19,3351200.0
2018-01-16 11:10:10.839000,5.19,5.18,5.19,3351200.0
2018-01-16 11:10:15.020000,5.19,5.18,5.19,3351200.0
2018-01-16 11:10:18.107000,5.19,5.18,5.19,3351200.0
2018-01-16 11:10:20.986000,5.19,5.18,5.19,3351200.0
2018-01-16 11:10:23.798000,5.19,5.18,5.19,3351200.0
2018-01-16 11:10:27.145000,5.19,5.18,5.19,3351200.0
2018-01-16 11:10:30.043000,5.19,5.18,5.19,3351200.0
2018-01-16 11:10:33.018000,5.19,5.18,5.19,3351200.0
2018-01-16 11:10:35.950000,5.19,5.18,5.19,3351200.0
2018-01-16 11:10:38.973000,5.19,5.18,5.19,3351200.0
2018-01-16 11:10:41.789000,5.19,5.18,5.19,3351200.0
2018-01-16 11:10:44.686000,5.19,5.18,5.19,3351200.0
2018-01-16 11:10:47.643000,5.19,5.18,5.19,3351200.0
2018-01-16 11:10:52.963000,5.19,5.18,5.19,3351200.0
2018-01-16 11:10:55.883000,5.19,5.18,5.19,3351200.0
2018-01-16 11:10:58.769000,5.19,5.18,5.19,3351200.0
2018-01-16 11:11:01.686000,5.19,5.18,5.19,3351200.0
2018-01-16 11:11:04.582000,5.19,5.18,5.19,3351200.0
2018-01-16 11:11:07.554000,5.19,5.18,5.19,3351200.0
2018-01-16 11:11:10.488000,5.19,5.18,5.19,3351200.0
2018-01-16 11:11:13.470000,5.19,5.18,5.19,3351200.0
2018-01-16 11:11:17.679000,5.19,5.18,5.19,3351200.0
2018-01-16 11:11:20.505000,5.19,5.18,5.19,3351200.0
2018-01-16 11:11:23.533000,5.19,5.18,5.19,3351200.0
2018-01-16 11:11:26.532000,5.19,5.18,5.19,3351200.0
2018-01-16 11:11:29.407000,5.19,5.18,5.19,3351200.0
2018-01-16 11:11:32.448000,5.19,5.18,5.19,3351200.0
2018-01-16 11:11:35.394000,5.19,5.18,5.19,3351200.0
2018-01-16 11:11:38.538000,5.19,5.18,5.19,3351200.0
2018-01-16 11:11:41.416000,5.19,5.18,5.19,3351200.0
2018-01-16 11:11:44.382000,5.19,5.18,5.19,3351200.0
2018-01-16 11:11:47.253000,5.19,5.18,5.19,3351200.0
2018-01-16 11:11:50.228000,5.19,5.18,5.19,3351200.0
2018-01-16 11:11:53.204000,5.19,5.18,5.19,3351200.0
2018-01-16 11:11:56.041000,5.19,5.18,5.19,3351200.0
2018-01-16 11:11:59.019000,5.19,5.18,5.19,3351200.0
2018-01-16 11:12:01.897000,5.19,5.18,5.19,3351200.0
2018-01-16 11:12:04.849000,5.19,5.18,5.19,3351200.0
2018-01-16 11:12:07.625000,5.19,5.18,5.19,3351200.0
2018-01-16 11:12:11.380000,5.19,5.18,5.19,3351200.0
2018-01-16 11:12:14.306000,5.19,5.18,5.19,3351200.0
2018-01-16 11:12:17.372000,5.19,5.18,5.19,3351200.0
2018-01-16 11:12:20.192000,5.19,5.18,5.19,3351200.0
2018-01-16 11:12:23.043000,5.19,5.18,5.19,3351200.0
2018-01-16 11:12:25.986000,5.19,5.18,5.19,3351200.0
2018-01-16 11:12:28.893000,5.19,5.18,5.19,3351200.0
2018-01-16 11:12:31.623000,5.19,5.18,5.19,3351200.0
2018-01-16 11:12:34.786000,5.19,5.18,5.19,3351200.0
2018-01-16 11:12:37.623000,5.19,5.18,5.19,3351200.0
2018-01-16 11:12:40.563000,5.19,5.18,5.19,3351200.0
2018-01-16 11:12:43.567000,5.19,5.18,5.19,3351200.0
2018-01-16 11:12:46.504000,5.19,5.18,5.19,3351200.0
2018-01-16 11:12:49.257000,5.19,5.18,5.19,3351200.0
2018-01-16 11:12:52.136000,5.19,5.18,5.19,3351200.0
2018-01-16 11:12:55.034000,5.19,5.18,5.19,3351200.0
2018-01-16 11:12:58.238000,5.19,5.18,5.19,3351200.0
2018-01-16 11:13:01.148000,5.19,5.18,5.19,3351200.0
2018-01-16 11:13:04.146000,5.19,5.18,5.19,3351200.0
2018-01-16 11:13:07.306000,5.19,5.18,5.19,3351200.0
2018-01-16 11:13:13.535000,5.19,5.18,5.19,3351200.0
2018-01-16 11:13:16.444000,5.19,5.18,5.19,3351200.0
2018-01-16 11:13:19.240000,5.19,5.18,5.19,3351200.0
2018-01-16 11:13:22.321000,5.19,5.18,5.19,3351200.0
2018-01-16 11:13:25.400000,5.19,5.18,5.19,3351200.0
2018-01-16 11:13:28.285000,5.19,5.18,5.19,3351200.0
2018-01-16 11:13:31.195000,5.19,5.18,5.19,3351200.0
2018-01-16 11:13:34.239000,5.19,5.18,5.19,3351200.0
2018-01-16 11:13:37.293000,5.19,5.18,5.19,3351200.0
2018-01-16 11:13:40.493000,5.19,5.18,5.19,3351200.0
2018-01-16 11:13:43.253000,5.19,5.18,5.19,3351200.0
2018-01-16 11:13:46.130000,5.19,5.18,5.19,3351200.0
2018-01-16 11:13:49.104000,5.19,5.18,5.19,3351200.0
2018-01-16 11:13:51.980000,5.19,5.18,5.19,3351200.0
2018-01-16 11:13:55.077000,5.19,5.18,5.19,3351200.0
2018-01-16 11:13:57.989000,5.19,5.18,5.19,3351200.0
2018-01-16 11:14:00.964000,5.19,5.18,5.19,3351200.0
2018-01-16 11:14:04.085000,5.19,5.18,5.19,3351200.0
2018-01-16 11:14:06.932000,5.19,5.18,5.19,3351500.0
2018-01-16 11:14:09.696000,5.19,5.18,5.19,3351500.0
2018-01-16 11:14:12.502000,5.19,5.18,5.19,3351500.0
2018-01-16 11:14:16.637000,5.19,5.18,5.19,3351500.0
2018-01-16 11:14:19.554000,5.19,5.18,5.19,3351500.0
2018-01-16 11:14:22.527000,5.19,5.18,5.19,3351500.0
2018-01-16 11:14:25.465000,5.19,5.18,5.19,3351500.0
2018-01-16 11:14:28.445000,5.19,5.18,5.19,3351500.0
2018-01-16 11:14:31.308000,5.19,5.18,5.19,3351500.0
2018-01-16 11:14:34.290000,5.19,5.18,5.19,3351500.0
2018-01-16 11:14:37.341000,5.19,5.18,5.19,3351500.0
2018-01-16 11:14:40.261000,5.19,5.18,5.19,3351500.0
2018-01-16 11:14:43.168000,5.19,5.18,5.19,3351500.0
2018-01-16 11:14:46.201000,5.19,5.18,5.19,3351500.0
2018-01-16 11:14:49.084000,5.19,5.18,5.19,3351500.0
2018-01-16 11:14:52.056000,5.19,5.18,5.19,3351500.0
2018-01-16 11:14:54.963000,5.19,5.18,5.19,3351500.0
2018-01-16 11:14:57.726000,5.19,5.18,5.19,3351500.0
2018-01-16 11:15:00.749000,5.19,5.18,5.19,3351500.0
2018-01-16 11:15:03.990000,5.19,5.18,5.19,3351500.0
2018-01-16 11:15:06.962000,5.19,5.18,5.19,3351500.0
2018-01-16 11:15:10.041000,5.19,5.18,5.19,3351500.0
2018-01-16 11:15:13.137000,5.19,5.18,5.19,3351500.0
2018-01-16 11:15:16.083000,5.19,5.18,5.19,3351500.0
2018-01-16 11:15:20.496000,5.19,5.18,5.19,3351500.0
2018-01-16 11:15:23.412000,5.19,5.18,5.19,3351500.0
2018-01-16 11:15:26.587000,5.19,5.18,5.19,3351500.0
2018-01-16 11:15:29.339000,5.19,5.18,5.19,3351500.0
2018-01-16 11:15:32.350000,5.19,5.18,5.19,3351500.0
2018-01-16 11:15:35.245000,5.19,5.18,5.19,3351500.0
2018-01-16 11:15:38.158000,5.19,5.18,5.19,3351500.0
2018-01-16 11:15:41.167000,5.19,5.18,5.19,3351500.0
2018-01-16 11:15:44.058000,5.19,5.18,5.19,3351500.0
2018-01-16 11:15:47.093000,5.19,5.18,5.19,3351500.0
2018-01-16 11:15:49.945000,5.19,5.18,5.19,3351500.0
2018-01-16 11:15:52.685000,5.19,5.18,5.19,3351500.0
2018-01-16 11:15:55.528000,5.19,5.18,5.19,3351500.0
2018-01-16 11:15:58.399000,5.19,5.18,5.19,3351500.0
2018-01-16 11:16:01.200000,5.19,5.18,5.19,3351500.0
2018-01-16 11:16:04.371000,5.19,5.18,5.19,3351500.0
2018-01-16 11:16:07.317000,5.19,5.18,5.19,3351500.0
2018-01-16 11:16:10.560000,5.19,5.18,5.19,3351500.0
2018-01-16 11:16:16.401000,5.19,5.18,5.19,3351500.0
