time,price,bid,ask,volume
2018-01-15 09:47:35.472000,31.85,31.8,31.85,2547588.0
2018-01-15 09:47:37.966000,31.85,31.8,31.85,2547588.0
2018-01-15 09:47:40.475000,31.85,31.8,31.85,2547588.0
2018-01-15 09:47:43.096000,31.85,31.8,31.85,2547588.0
2018-01-15 09:47:45.581000,31.85,31.8,31.85,2549227.0
2018-01-15 09:47:48.216000,31.85,31.8,31.85,2549227.0
2018-01-15 09:47:50.863000,31.85,31.8,31.85,2549227.0
2018-01-15 09:47:53.281000,31.85,31.8,31.85,2549227.0
2018-01-15 09:47:55.819000,31.85,31.8,31.85,2549227.0
2018-01-15 09:47:58.517000,31.85,31.8,31.85,2549227.0
2018-01-15 09:48:01.208000,31.85,31.8,31.85,2549227.0
2018-01-15 09:48:03.809000,31.85,31.8,31.85,2549227.0
2018-01-15 09:48:08.594000,31.85,31.8,31.85,2549227.0
2018-01-15 09:48:11.073000,31.85,31.8,31.85,2549227.0
2018-01-15 09:48:16.877000,31.85,31.8,31.85,2549227.0
2018-01-15 09:48:19.393000,31.85,31.8,31.85,2549227.0
2018-01-15 09:48:22.204000,31.85,31.8,31.85,2549227.0
2018-01-15 09:48:24.988000,31.85,31.8,31.85,2549227.0
2018-01-15 09:48:27.470000,31.85,31.8,31.85,2549227.0
2018-01-15 09:48:29.974000,31.85,31.8,31.85,2549227.0
2018-01-15 09:48:32.532000,31.8,31.8,31.85,2558227.0
2018-01-15 09:48:35.152000,31.8,31.8,31.85,2558227.0
2018-01-15 09:48:37.658000,31.8,31.8,31.85,2558227.0
2018-01-15 09:48:40.304000,31.8,31.8,31.85,2558227.0
2018-01-15 09:48:42.794000,31.8,31.8,31.85,2558227.0
2018-01-15 09:48:45.367000,31.8,31.8,31.85,2558227.0
2018-01-15 09:48:47.705000,31.8,31.8,31.85,2558227.0
2018-01-15 09:48:50.463000,31.8,31.8,31.85,2558227.0
2018-01-15 09:48:53.052000,31.8,31.8,31.85,2558227.0
2018-01-15 09:48:55.602000,31.8,31.8,31.85,2558227.0
2018-01-15 09:48:58.097000,31.8,31.8,31.85,2558227.0
2018-01-15 09:49:00.637000,31.8,31.8,31.85,2558227.0
2018-01-15 09:49:03.213000,31.8,31.8,31.85,2558227.0
2018-01-15 09:49:05.857000,31.8,31.8,31.85,2558227.0
2018-01-15 09:49:08.535000,31.8,31.8,31.85,2558227.0
2018-01-15 09:49:11.182000,31.8,31.8,31.85,2558227.0
2018-01-15 09:49:13.784000,31.8,31.8,31.85,2558227.0
2018-01-15 09:49:16.724000,31.8,31.8,31.85,2558227.0
2018-01-15 09:49:21.025000,31.8,31.8,31.85,2558227.0
2018-01-15 09:49:23.594000,31.8,31.8,31.85,2558227.0
2018-01-15 09:49:26.525000,31.8,31.8,31.85,2558227.0
2018-01-15 09:49:29.198000,31.8,31.8,31.85,2558227.0
2018-01-15 09:49:31.746000,31.8,31.8,31.85,2558227.0
2018-01-15 09:49:34.349000,31.8,31.8,31.85,2558227.0
2018-01-15 09:49:36.968000,31.8,31.8,31.85,2558227.0
2018-01-15 09:49:39.430000,31.8,31.8,31.85,2558227.0
2018-01-15 09:49:41.788000,31.8,31.8,31.85,2558227.0
2018-01-15 09:49:44.252000,31.8,31.8,31.85,2561227.0
2018-01-15 09:49:46.787000,31.8,31.8,31.85,2561227.0
2018-01-15 09:49:49.324000,31.8,31.8,31.85,2561227.0
2018-01-15 09:49:51.878000,31.8,31.8,31.85,2561227.0
2018-01-15 09:49:54.516000,31.8,31.8,31.85,2561227.0
2018-01-15 09:49:57.125000,31.8,31.8,31.85,2561227.0
2018-01-15 09:49:59.619000,31.8,31.8,31.85,2561227.0
2018-01-15 09:50:02.235000,31.8,31.8,31.85,2561227.0
2018-01-15 09:50:04.819000,31.8,31.8,31.85,2561227.0
2018-01-15 09:50:09.674000,31.8,31.8,31.85,2561227.0
2018-01-15 09:50:12.234000,31.8,31.8,31.85,2561227.0
2018-01-15 09:50:14.784000,31.8,31.8,31.85,2561227.0
2018-01-15 09:50:17.469000,31.8,31.8,31.85,2561227.0
2018-01-15 09:50:21.248000,31.8,31.8,31.85,2561227.0
2018-01-15 09:50:23.804000,31.8,31.8,31.85,2561227.0
2018-01-15 09:50:26.354000,31.8,31.8,31.85,2561227.0
2018-01-15 09:50:28.882000,31.8,31.8,31.85,2561227.0
2018-01-15 09:50:31.385000,31.8,31.8,31.85,2561227.0
2018-01-15 09:50:35.473000,31.8,31.8,31.85,2561227.0
2018-01-15 09:50:38.814000,31.8,31.8,31.85,2561227.0
2018-01-15 09:50:42.175000,31.8,31.8,31.85,2561227.0
2018-01-15 09:50:45.497000,31.8,31.8,31.85,2561227.0
2018-01-15 09:50:48.767000,31.8,31.8,31.85,2634227.0
2018-01-15 09:50:52.113000,31.8,31.8,31.85,2634227.0
2018-01-15 09:50:56.804000,31.8,31.8,31.85,2634227.0
2018-01-15 09:51:01.023000,31.8,31.8,31.85,2634227.0
2018-01-15 09:51:08.456000,31.8,31.8,31.85,2634227.0
2018-01-15 09:51:11.924000,31.8,31.8,31.85,2634227.0
2018-01-15 09:51:15.643000,31.8,31.8,31.85,2634227.0
2018-01-15 09:51:22.904000,31.8,31.8,31.85,2634227.0
2018-01-15 09:51:26.288000,31.8,31.8,31.85,2634227.0
2018-01-15 09:51:29.475000,31.8,31.8,31.85,2634227.0
2018-01-15 09:51:32.817000,31.8,31.8,31.85,2634227.0
2018-01-15 09:51:36.028000,31.8,31.8,31.85,2634227.0
2018-01-15 09:51:39.397000,31.8,31.8,31.85,2634227.0
2018-01-15 09:51:42.707000,31.8,31.8,31.85,2634227.0
2018-01-15 09:51:45.947000,31.8,31.8,31.85,2634227.0
2018-01-15 09:51:48.945000,31.8,31.8,31.85,2634227.0
2018-01-15 09:51:52.284000,31.8,31.8,31.85,2634227.0
2018-01-15 09:51:55.360000,31.8,31.8,31.85,2634227.0
2018-01-15 09:51:58.418000,31.8,31.8,31.85,2634227.0
2018-01-15 09:52:01.481000,31.8,31.8,31.85,2634227.0
2018-01-15 09:52:05.995000,31.8,31.8,31.85,2634227.0
2018-01-15 09:52:10.356000,31.85,31.8,31.85,2657547.0
2018-01-15 09:52:13.602000,31.85,31.8,31.85,2657547.0
2018-01-15 09:52:17.536000,31.85,31.8,31.85,2657547.0
2018-01-15 09:52:22.748000,31.85,31.8,31.85,2657547.0
2018-01-15 09:52:25.911000,31.85,31.8,31.85,2657547.0
2018-01-15 09:52:28.898000,31.85,31.8,31.85,2657547.0
2018-01-15 09:52:32.081000,31.85,31.8,31.85,2657547.0
2018-01-15 09:52:35.167000,31.85,31.8,31.85,2657547.0
2018-01-15 09:52:38.480000,31.85,31.8,31.85,2657547.0
2018-01-15 09:52:41.511000,31.85,31.8,31.85,2657547.0
2018-01-15 09:52:44.593000,31.85,31.8,31.85,2657547.0
2018-01-15 09:52:47.592000,31.85,31.8,31.85,2657547.0
2018-01-15 09:52:50.622000,31.85,31.8,31.85,2657547.0
2018-01-15 09:52:53.775000,31.85,31.8,31.85,2657547.0
2018-01-15 09:52:56.982000,31.85,31.8,31.85,2657547.0
2018-01-15 09:52:59.979000,31.85,31.8,31.85,2657547.0
2018-01-15 09:53:02.863000,31.85,31.8,31.85,2657547.0
2018-01-15 09:53:06.324000,31.85,31.8,31.85,2657547.0
2018-01-15 09:53:10.780000,31.85,31.8,31.85,2657547.0
2018-01-15 09:53:13.964000,31.85,31.8,31.85,2657547.0
2018-01-15 09:53:20.477000,31.85,31.8,31.85,2657547.0
2018-01-15 09:53:23.347000,31.85,31.8,31.85,2657547.0
2018-01-15 09:53:26.451000,31.8,31.8,31.85,2668547.0
2018-01-15 09:53:29.502000,31.8,31.8,31.85,2668547.0
2018-01-15 09:53:32.708000,31.8,31.8,31.85,2668547.0
2018-01-15 09:53:36.052000,31.8,31.8,31.85,2668547.0
2018-01-15 09:53:39.043000,31.8,31.8,31.85,2668547.0
2018-01-15 09:53:42.282000,31.8,31.8,31.85,2668547.0
2018-01-15 09:53:45.566000,31.8,31.8,31.85,2668547.0
2018-01-15 09:53:48.794000,31.8,31.8,31.85,2668547.0
2018-01-15 09:53:51.769000,31.8,31.8,31.85,2668547.0
2018-01-15 09:53:54.616000,31.8,31.8,31.85,2668547.0
2018-01-15 09:53:57.652000,31.8,31.8,31.85,2668547.0
2018-01-15 09:54:00.946000,31.8,31.8,31.85,2668547.0
2018-01-15 09:54:04.394000,31.8,31.8,31.85,2668547.0
2018-01-15 09:54:09.311000,31.8,31.8,31.85,2668547.0
2018-01-15 09:54:13.675000,31.8,31.8,31.85,2668547.0
2018-01-15 09:54:19.669000,31.8,31.8,31.85,2668547.0
2018-01-15 09:54:22.782000,31.8,31.8,31.85,2718047.0
2018-01-15 09:54:25.873000,31.8,31.8,31.85,2718047.0
2018-01-15 09:54:29.113000,31.8,31.8,31.85,2718047.0
2018-01-15 09:54:32.322000,31.8,31.8,31.85,2718047.0
2018-01-15 09:54:35.327000,31.8,31.8,31.85,2718047.0
2018-01-15 09:54:38.410000,31.8,31.8,31.85,2718047.0
2018-01-15 09:54:41.564000,31.8,31.8,31.85,2718047.0
2018-01-15 09:54:44.509000,31.8,31.8,31.85,2718047.0
2018-01-15 09:54:47.594000,31.8,31.8,31.85,2718047.0
2018-01-15 09:54:50.547000,31.8,31.8,31.85,2718047.0
2018-01-15 09:54:53.806000,31.8,31.8,31.85,2718047.0
2018-01-15 09:54:56.725000,31.8,31.8,31.85,2718047.0
2018-01-15 09:54:59.894000,31.8,31.8,31.85,2718047.0
2018-01-15 09:55:03.164000,31.8,31.8,31.85,2718047.0
2018-01-15 09:55:06.568000,31.8,31.8,31.85,2718047.0
2018-01-15 09:55:09.554000,31.8,31.8,31.85,2718047.0
2018-01-15 09:55:12.674000,31.8,31.8,31.85,2718047.0
2018-01-15 09:55:15.737000,31.8,31.8,31.85,2718047.0
2018-01-15 09:55:19.041000,31.8,31.8,31.85,2725547.0
2018-01-15 09:55:22.607000,31.8,31.8,31.85,2725547.0
2018-01-15 09:55:25.465000,31.8,31.8,31.85,2725547.0
2018-01-15 09:55:28.453000,31.8,31.8,31.85,2725547.0
2018-01-15 09:55:31.393000,31.8,31.8,31.85,2725547.0
2018-01-15 09:55:34.343000,31.8,31.8,31.85,2725547.0
2018-01-15 09:55:37.451000,31.8,31.8,31.85,2725547.0
2018-01-15 09:55:40.603000,31.8,31.8,31.85,2725547.0
2018-01-15 09:55:43.736000,31.8,31.8,31.85,2725547.0
2018-01-15 09:55:46.917000,31.8,31.8,31.85,2725547.0
2018-01-15 09:55:49.874000,31.8,31.8,31.85,2725547.0
2018-01-15 09:55:52.996000,31.8,31.8,31.85,2725547.0
2018-01-15 09:55:56.026000,31.8,31.8,31.85,2725547.0
2018-01-15 09:55:58.973000,31.8,31.8,31.85,2725547.0
2018-01-15 09:56:02.115000,31.8,31.8,31.85,2725547.0
2018-01-15 09:56:06.143000,31.8,31.8,31.85,2725547.0
2018-01-15 09:56:09.136000,31.8,31.8,31.85,2725547.0
2018-01-15 09:56:12.037000,31.8,31.8,31.85,2725547.0
2018-01-15 09:56:15.252000,31.8,31.8,31.85,2725547.0
2018-01-15 09:56:18.859000,31.8,31.8,31.85,2725547.0
2018-01-15 09:56:22.721000,31.8,31.8,31.85,2725547.0
2018-01-15 09:56:25.796000,31.8,31.8,31.85,2725547.0
2018-01-15 09:56:28.815000,31.8,31.8,31.85,2725547.0
2018-01-15 09:56:31.966000,31.8,31.8,31.85,2725547.0
2018-01-15 09:56:35.127000,31.85,31.8,31.85,2980047.0
2018-01-15 09:56:38.202000,31.85,31.8,31.85,2980047.0
2018-01-15 09:56:41.303000,31.85,31.8,31.85,2980047.0
2018-01-15 09:56:44.505000,31.85,31.8,31.85,2980047.0
2018-01-15 09:56:47.690000,31.85,31.8,31.85,2980047.0
2018-01-15 09:56:50.579000,31.85,31.8,31.85,2980047.0
2018-01-15 09:56:53.953000,31.85,31.8,31.85,2980047.0
2018-01-15 09:56:56.714000,31.85,31.8,31.85,2980047.0
2018-01-15 09:57:00.021000,31.85,31.8,31.85,2980047.0
2018-01-15 09:57:02.897000,31.85,31.8,31.85,2980047.0
2018-01-15 09:57:06.038000,31.85,31.8,31.85,2980047.0
2018-01-15 09:57:08.820000,31.85,31.8,31.85,2980047.0
2018-01-15 09:57:11.664000,31.85,31.8,31.85,2980047.0
2018-01-15 09:57:14.340000,31.85,31.8,31.85,2980047.0
2018-01-15 09:57:20.395000,31.85,31.8,31.85,2980047.0
2018-01-15 09:57:23.135000,31.85,31.8,31.85,2980047.0
2018-01-15 09:57:26.176000,31.85,31.8,31.85,2980047.0
2018-01-15 09:57:29.065000,31.85,31.8,31.85,2980047.0
2018-01-15 09:57:32.400000,31.85,31.8,31.85,2980047.0
2018-01-15 09:57:35.157000,31.85,31.8,31.85,2980047.0
2018-01-15 09:57:37.982000,31.85,31.8,31.85,2980047.0
2018-01-15 09:57:40.977000,31.85,31.8,31.85,2980047.0
2018-01-15 09:57:44.117000,31.85,31.8,31.85,2980047.0
2018-01-15 09:57:47.085000,31.85,31.8,31.85,2980047.0
2018-01-15 09:57:50.063000,31.85,31.8,31.85,2980047.0
2018-01-15 09:57:53.272000,31.85,31.8,31.85,2980047.0
2018-01-15 09:57:56.300000,31.85,31.8,31.85,2980047.0
2018-01-15 09:57:59.361000,31.85,31.8,31.85,2980047.0
2018-01-15 09:58:02.444000,31.85,31.8,31.85,2980047.0
2018-01-15 09:58:05.485000,31.8,31.8,31.85,2990396.0
2018-01-15 09:58:10.489000,31.8,31.8,31.85,2990396.0
2018-01-15 09:58:15.464000,31.8,31.8,31.85,2990396.0
2018-01-15 09:58:19.007000,31.8,31.8,31.85,2990396.0
2018-01-15 09:58:23.448000,31.8,31.8,31.85,2990396.0
2018-01-15 09:58:26.752000,31.8,31.8,31.85,2990396.0
2018-01-15 09:58:30.024000,31.8,31.8,31.85,2990396.0
2018-01-15 09:58:32.846000,31.8,31.8,31.85,2990396.0
2018-01-15 09:58:35.998000,31.8,31.8,31.85,2990396.0
2018-01-15 09:58:38.962000,31.8,31.8,31.85,2990396.0
2018-01-15 09:58:41.891000,31.8,31.8,31.85,2990396.0
2018-01-15 09:58:45.061000,31.8,31.8,31.85,2990396.0
2018-01-15 09:58:47.995000,31.8,31.8,31.85,2990396.0
2018-01-15 09:58:51.043000,31.8,31.8,31.85,2990396.0
2018-01-15 09:58:53.737000,31.8,31.8,31.85,2990396.0
2018-01-15 09:58:56.821000,31.8,31.8,31.85,2990396.0
2018-01-15 09:58:59.840000,31.8,31.8,31.85,2990396.0
2018-01-15 09:59:02.965000,31.8,31.8,31.85,2990396.0
2018-01-15 09:59:06.180000,31.8,31.8,31.85,2990396.0
2018-01-15 09:59:09.236000,31.8,31.8,31.85,2990396.0
2018-01-15 09:59:12.161000,31.8,31.8,31.85,2990396.0
2018-01-15 09:59:15.394000,31.8,31.8,31.85,2990396.0
2018-01-15 09:59:18.472000,31.8,31.8,31.85,2990396.0
2018-01-15 09:59:21.814000,31.8,31.8,31.85,2990396.0
2018-01-15 09:59:25.011000,31.8,31.8,31.85,2990396.0
2018-01-15 09:59:27.932000,31.8,31.8,31.85,2990396.0
2018-01-15 09:59:30.888000,31.8,31.8,31.85,2990396.0
2018-01-15 09:59:33.832000,31.8,31.8,31.85,2990396.0
2018-01-15 09:59:36.710000,31.8,31.8,31.85,2990396.0
2018-01-15 09:59:39.952000,31.85,31.8,31.85,2997396.0
2018-01-15 09:59:43.109000,31.85,31.8,31.85,2997396.0
2018-01-15 09:59:46.266000,31.85,31.8,31.85,2997396.0
2018-01-15 09:59:49.294000,31.85,31.8,31.85,2997396.0
2018-01-15 09:59:52.207000,31.85,31.8,31.85,2997396.0
2018-01-15 09:59:55.175000,31.85,31.8,31.85,2997396.0
2018-01-15 09:59:58.005000,31.85,31.8,31.85,2997396.0
2018-01-15 10:00:01.170000,31.85,31.8,31.85,2997396.0
2018-01-15 10:00:04.118000,31.85,31.8,31.85,2997396.0
2018-01-15 10:00:10.494000,31.85,31.8,31.85,2997396.0
2018-01-15 10:00:13.491000,31.85,31.8,31.85,2997396.0
2018-01-15 10:00:17.582000,31.85,31.8,31.85,2997396.0
2018-01-15 10:00:22.871000,31.85,31.8,31.85,2997396.0
2018-01-15 10:00:25.743000,31.8,31.75,31.8,3219396.0
2018-01-15 10:00:28.807000,31.8,31.75,31.8,3219396.0
2018-01-15 10:00:31.794000,31.8,31.75,31.8,3219396.0
2018-01-15 10:00:34.700000,31.8,31.75,31.8,3219396.0
2018-01-15 10:00:37.855000,31.8,31.75,31.8,3219396.0
2018-01-15 10:00:41.248000,31.8,31.75,31.8,3219396.0
2018-01-15 10:00:44.639000,31.8,31.75,31.8,3219396.0
2018-01-15 10:00:47.693000,31.8,31.75,31.8,3219396.0
2018-01-15 10:00:50.755000,31.8,31.75,31.8,3219396.0
2018-01-15 10:00:54.300000,31.8,31.75,31.8,3219396.0
2018-01-15 10:00:57.119000,31.8,31.75,31.8,3219396.0
2018-01-15 10:01:00.192000,31.8,31.75,31.8,3219396.0
2018-01-15 10:01:03.239000,31.8,31.75,31.8,3219396.0
2018-01-15 10:01:06.493000,31.8,31.75,31.8,3219396.0
2018-01-15 10:01:13.533000,31.8,31.75,31.8,3219396.0
2018-01-15 10:01:19.999000,31.8,31.75,31.8,3219396.0
2018-01-15 10:01:22.849000,31.8,31.75,31.8,3219396.0
2018-01-15 10:01:25.702000,31.8,31.75,31.8,3219396.0
2018-01-15 10:01:28.827000,31.8,31.75,31.8,3219396.0
2018-01-15 10:01:31.783000,31.8,31.75,31.8,3219396.0
2018-01-15 10:01:34.912000,31.8,31.75,31.8,3219396.0
2018-01-15 10:01:37.776000,31.8,31.75,31.8,3219396.0
2018-01-15 10:01:40.916000,31.8,31.75,31.8,3219396.0
2018-01-15 10:01:44.163000,31.8,31.75,31.8,3219396.0
2018-01-15 10:01:47.117000,31.8,31.75,31.8,3219396.0
2018-01-15 10:01:49.993000,31.8,31.75,31.8,3219396.0
2018-01-15 10:01:52.942000,31.8,31.75,31.8,3219396.0
2018-01-15 10:01:55.851000,31.8,31.75,31.8,3219396.0
2018-01-15 10:01:58.767000,31.8,31.75,31.8,3219396.0
2018-01-15 10:02:01.601000,31.8,31.75,31.8,3219396.0
2018-01-15 10:02:04.551000,31.8,31.75,31.8,3219396.0
2018-01-15 10:02:07.674000,31.8,31.8,31.85,3221998.0
2018-01-15 10:02:10.799000,31.8,31.8,31.85,3221998.0
2018-01-15 10:02:14.960000,31.8,31.8,31.85,3221998.0
2018-01-15 10:02:18.895000,31.8,31.8,31.85,3221998.0
2018-01-15 10:02:22.675000,31.8,31.8,31.85,3221998.0
2018-01-15 10:02:26.489000,31.8,31.8,31.85,3221998.0
2018-01-15 10:02:30.331000,31.8,31.8,31.85,3221998.0
2018-01-15 10:02:34.071000,31.8,31.8,31.85,3221998.0
2018-01-15 10:02:37.947000,31.8,31.8,31.85,3221998.0
2018-01-15 10:02:42.712000,31.8,31.8,31.85,3221998.0
2018-01-15 10:02:46.879000,31.8,31.8,31.85,3221998.0
2018-01-15 10:02:50.788000,31.8,31.8,31.85,3221998.0
2018-01-15 10:02:54.927000,31.8,31.8,31.85,3221998.0
2018-01-15 10:02:58.699000,31.8,31.8,31.85,3221998.0
2018-01-15 10:03:02.483000,31.8,31.8,31.85,3221998.0
2018-01-15 10:03:06.440000,31.8,31.8,31.85,3231998.0
2018-01-15 10:03:13.060000,31.8,31.8,31.85,3231998.0
2018-01-15 10:03:16.971000,31.8,31.8,31.85,3231998.0
2018-01-15 10:03:22.262000,31.8,31.8,31.85,3231998.0
2018-01-15 10:03:26.436000,31.8,31.8,31.85,3231998.0
2018-01-15 10:03:30.190000,31.8,31.8,31.85,3231998.0
2018-01-15 10:03:34.209000,31.8,31.8,31.85,3231998.0
2018-01-15 10:03:38.236000,31.8,31.8,31.85,3231998.0
2018-01-15 10:03:42.285000,31.8,31.8,31.85,3231998.0
2018-01-15 10:03:46.432000,31.8,31.8,31.85,3231998.0
2018-01-15 10:03:50.186000,31.8,31.8,31.85,3231998.0
2018-01-15 10:03:54.734000,31.8,31.8,31.85,3231998.0
2018-01-15 10:03:58.529000,31.85,31.8,31.85,3253998.0
2018-01-15 10:04:03.117000,31.85,31.8,31.85,3253998.0
2018-01-15 10:04:06.652000,31.85,31.8,31.85,3253998.0
2018-01-15 10:04:12.964000,31.85,31.8,31.85,3253998.0
2018-01-15 10:04:17.564000,31.85,31.8,31.85,3253998.0
2018-01-15 10:04:21.045000,31.85,31.8,31.85,3253998.0
2018-01-15 10:04:24.986000,31.85,31.8,31.85,3253998.0
2018-01-15 10:04:29.229000,31.85,31.8,31.85,3253998.0
2018-01-15 10:04:33.218000,31.85,31.8,31.85,3253998.0
2018-01-15 10:04:37.040000,31.8,31.75,31.8,3351998.0
2018-01-15 10:04:41.034000,31.8,31.75,31.8,3351998.0
2018-01-15 10:04:45.637000,31.8,31.75,31.8,3351998.0
2018-01-15 10:04:49.939000,31.8,31.75,31.8,3351998.0
2018-01-15 10:04:54.683000,31.8,31.75,31.8,3351998.0
2018-01-15 10:04:58.110000,31.8,31.75,31.8,3351998.0
2018-01-15 10:05:00.856000,31.8,31.75,31.8,3351998.0
2018-01-15 10:05:03.803000,31.8,31.75,31.8,3351998.0
2018-01-15 10:05:06.710000,31.8,31.75,31.8,3351998.0
2018-01-15 10:05:09.984000,31.8,31.75,31.8,3351998.0
2018-01-15 10:05:20.172000,31.8,31.75,31.8,3351998.0
2018-01-15 10:05:23.493000,31.8,31.75,31.8,3351998.0
2018-01-15 10:05:26.609000,31.8,31.75,31.8,3351998.0
2018-01-15 10:05:29.873000,31.8,31.8,31.85,3397998.0
2018-01-15 10:05:32.921000,31.8,31.8,31.85,3397998.0
2018-01-15 10:05:36.020000,31.8,31.8,31.85,3397998.0
2018-01-15 10:05:39.111000,31.8,31.8,31.85,3397998.0
2018-01-15 10:05:41.973000,31.8,31.8,31.85,3397998.0
2018-01-15 10:05:45.004000,31.8,31.8,31.85,3397998.0
2018-01-15 10:05:48.028000,31.8,31.8,31.85,3397998.0
2018-01-15 10:05:51.768000,31.8,31.8,31.85,3397998.0
2018-01-15 10:05:54.728000,31.8,31.8,31.85,3397998.0
2018-01-15 10:05:57.774000,31.8,31.8,31.85,3397998.0
2018-01-15 10:06:00.574000,31.8,31.8,31.85,3397998.0
2018-01-15 10:06:03.635000,31.8,31.8,31.85,3397998.0
2018-01-15 10:06:06.689000,31.8,31.8,31.85,3397998.0
2018-01-15 10:06:10.291000,31.8,31.8,31.85,3397998.0
2018-01-15 10:06:13.147000,31.8,31.8,31.85,3397998.0
2018-01-15 10:06:16.148000,31.8,31.8,31.85,3397998.0
2018-01-15 10:06:19.244000,31.8,31.8,31.85,3397998.0
2018-01-15 10:06:22.265000,31.8,31.8,31.85,3397998.0
2018-01-15 10:06:25.311000,31.8,31.8,31.85,3397998.0
2018-01-15 10:06:28.291000,31.8,31.8,31.85,3397998.0
2018-01-15 10:06:32.345000,31.8,31.8,31.85,3397998.0
2018-01-15 10:06:36.105000,31.8,31.8,31.85,3397998.0
2018-01-15 10:06:40.465000,31.8,31.8,31.85,3397998.0
2018-01-15 10:06:45.310000,31.8,31.8,31.85,3397998.0
2018-01-15 10:06:49.144000,31.8,31.8,31.85,3397998.0
2018-01-15 10:06:52.980000,31.8,31.8,31.85,3399998.0
2018-01-15 10:06:57.549000,31.8,31.8,31.85,3399998.0
2018-01-15 10:07:02.337000,31.8,31.8,31.85,3399998.0
2018-01-15 10:07:09.282000,31.8,31.8,31.85,3399998.0
2018-01-15 10:07:12.998000,31.8,31.8,31.85,3399998.0
2018-01-15 10:07:18.370000,31.8,31.8,31.85,3399998.0
2018-01-15 10:07:22.334000,31.8,31.8,31.85,3399998.0
2018-01-15 10:07:26.351000,31.8,31.8,31.85,5032998.0
2018-01-15 10:07:30.637000,31.8,31.8,31.85,5032998.0
2018-01-15 10:07:34.548000,31.8,31.8,31.85,5032998.0
2018-01-15 10:07:38.236000,31.8,31.8,31.85,5032998.0
2018-01-15 10:07:42.096000,31.8,31.8,31.85,5032998.0
2018-01-15 10:07:45.788000,31.8,31.8,31.85,5032998.0
2018-01-15 10:07:49.686000,31.8,31.8,31.85,5032998.0
2018-01-15 10:07:53.414000,31.8,31.75,31.8,5260998.0
2018-01-15 10:07:57.523000,31.8,31.75,31.8,5260998.0
2018-01-15 10:08:01.515000,31.8,31.75,31.8,5260998.0
2018-01-15 10:08:05.224000,31.8,31.75,31.8,5260998.0
2018-01-15 10:08:09.337000,31.8,31.75,31.8,5260998.0
2018-01-15 10:08:13.090000,31.8,31.75,31.8,5260998.0
2018-01-15 10:08:16.708000,31.8,31.75,31.8,5260998.0
2018-01-15 10:08:20.782000,31.8,31.75,31.8,5260998.0
2018-01-15 10:08:24.494000,31.8,31.75,31.8,5260998.0
2018-01-15 10:08:27.808000,31.8,31.75,31.8,5260998.0
2018-01-15 10:08:31.239000,31.8,31.75,31.8,5260998.0
2018-01-15 10:08:34.562000,31.8,31.75,31.8,5260998.0
2018-01-15 10:08:37.804000,31.8,31.75,31.8,5260998.0
2018-01-15 10:08:41.397000,31.8,31.75,31.8,5260998.0
2018-01-15 10:08:44.740000,31.8,31.75,31.8,5260998.0
2018-01-15 10:08:48.576000,31.8,31.75,31.8,5260998.0
2018-01-15 10:08:52.396000,31.8,31.75,31.8,5260998.0
2018-01-15 10:08:55.499000,31.8,31.75,31.8,5260998.0
2018-01-15 10:08:58.841000,31.8,31.75,31.8,5260998.0
2018-01-15 10:09:03.108000,31.8,31.75,31.8,5260998.0
2018-01-15 10:09:06.647000,31.8,31.75,31.8,5260998.0
2018-01-15 10:09:10.738000,31.8,31.75,31.8,5260998.0
2018-01-15 10:09:14.621000,31.8,31.75,31.8,5260998.0
2018-01-15 10:09:18.076000,31.8,31.75,31.8,5260998.0
2018-01-15 10:09:21.835000,31.8,31.75,31.8,5260998.0
2018-01-15 10:09:24.611000,31.8,31.75,31.8,5260998.0
2018-01-15 10:09:27.334000,31.8,31.75,31.8,5260998.0
2018-01-15 10:09:29.623000,31.8,31.75,31.8,5260998.0
2018-01-15 10:09:32.609000,31.8,31.75,31.8,5260998.0
2018-01-15 10:09:35.767000,31.8,31.75,31.8,5260998.0
2018-01-15 10:09:39.285000,31.8,31.75,31.8,5260998.0
2018-01-15 10:09:42.581000,31.8,31.75,31.8,5260998.0
2018-01-15 10:09:45.701000,31.8,31.8,31.85,5264998.0
2018-01-15 10:09:49.088000,31.8,31.8,31.85,5264998.0
2018-01-15 10:09:52.503000,31.8,31.8,31.85,5264998.0
2018-01-15 10:09:55.836000,31.8,31.8,31.85,5264998.0
2018-01-15 10:09:59.749000,31.8,31.8,31.85,5264998.0
2018-01-15 10:10:03.412000,31.8,31.8,31.85,5264998.0
2018-01-15 10:10:06.813000,31.8,31.8,31.85,5264998.0
2018-01-15 10:10:10.203000,31.8,31.8,31.85,5264998.0
2018-01-15 10:10:13.776000,31.8,31.8,31.85,5264998.0
2018-01-15 10:10:16.954000,31.8,31.8,31.85,5264998.0
2018-01-15 10:10:21.532000,31.8,31.8,31.85,5264998.0
2018-01-15 10:10:25.764000,31.8,31.8,31.85,5264998.0
2018-01-15 10:10:30.353000,31.8,31.8,31.85,5264998.0
2018-01-15 10:10:34.778000,31.8,31.8,31.85,5264998.0
2018-01-15 10:10:39.370000,31.8,31.8,31.85,5264998.0
2018-01-15 10:10:43.690000,31.8,31.8,31.85,5290358.0
2018-01-15 10:10:47.828000,31.8,31.8,31.85,5290358.0
2018-01-15 10:10:51.818000,31.8,31.8,31.85,5290358.0
2018-01-15 10:10:55.917000,31.8,31.8,31.85,5290358.0
2018-01-15 10:11:00.804000,31.8,31.8,31.85,5290358.0
2018-01-15 10:11:05.509000,31.8,31.8,31.85,5290358.0
2018-01-15 10:11:12.455000,31.8,31.8,31.85,5290358.0
2018-01-15 10:11:17.741000,31.8,31.8,31.85,5290358.0
2018-01-15 10:11:22.236000,31.8,31.8,31.85,5290358.0
2018-01-15 10:11:27.327000,31.8,31.8,31.85,5290358.0
2018-01-15 10:11:31.446000,31.8,31.8,31.85,5290358.0
2018-01-15 10:11:35.496000,31.8,31.8,31.85,5290358.0
2018-01-15 10:11:39.672000,31.8,31.8,31.85,5290358.0
2018-01-15 10:11:43.827000,31.8,31.8,31.85,5290358.0
2018-01-15 10:11:48.533000,31.8,31.8,31.85,5290358.0
2018-01-15 10:11:52.163000,31.8,31.8,31.85,5290358.0
2018-01-15 10:11:56.266000,31.8,31.8,31.85,5290358.0
2018-01-15 10:12:00.718000,31.8,31.8,31.85,5290358.0
2018-01-15 10:12:04.741000,31.8,31.8,31.85,5290358.0
2018-01-15 10:12:11.313000,31.8,31.8,31.85,5290358.0
2018-01-15 10:12:14.974000,31.8,31.8,31.85,5290358.0
2018-01-15 10:12:19.115000,31.8,31.8,31.85,5290358.0
2018-01-15 10:12:22.980000,31.8,31.8,31.85,5290358.0
2018-01-15 10:12:26.197000,31.8,31.8,31.85,5290358.0
2018-01-15 10:12:29.413000,31.8,31.8,31.85,5290358.0
2018-01-15 10:12:32.317000,31.8,31.8,31.85,5290358.0
2018-01-15 10:12:35.387000,31.8,31.8,31.85,5290358.0
2018-01-15 10:12:38.678000,31.8,31.8,31.85,5290358.0
2018-01-15 10:12:41.949000,31.8,31.8,31.85,5290358.0
2018-01-15 10:12:45.226000,31.8,31.8,31.85,5290358.0
2018-01-15 10:12:48.488000,31.8,31.8,31.85,5290358.0
2018-01-15 10:12:51.573000,31.8,31.8,31.85,5290358.0
2018-01-15 10:12:54.642000,31.8,31.8,31.85,5290358.0
2018-01-15 10:12:57.633000,31.8,31.8,31.85,5290358.0
2018-01-15 10:13:00.497000,31.8,31.8,31.85,5290358.0
2018-01-15 10:13:03.618000,31.8,31.8,31.85,5291358.0
2018-01-15 10:13:06.615000,31.8,31.8,31.85,5291358.0
2018-01-15 10:13:09.610000,31.8,31.8,31.85,5291358.0
2018-01-15 10:13:12.692000,31.8,31.8,31.85,5291358.0
2018-01-15 10:13:15.670000,31.8,31.8,31.85,5291358.0
2018-01-15 10:13:18.627000,31.8,31.8,31.85,5291358.0
2018-01-15 10:13:21.525000,31.8,31.8,31.85,5291358.0
2018-01-15 10:13:24.423000,31.8,31.8,31.85,5291358.0
2018-01-15 10:13:27.530000,31.8,31.8,31.85,5291358.0
2018-01-15 10:13:30.547000,31.8,31.8,31.85,5291358.0
2018-01-15 10:13:33.632000,31.8,31.8,31.85,5291358.0
2018-01-15 10:13:36.799000,31.8,31.8,31.85,5291358.0
2018-01-15 10:13:39.794000,31.8,31.8,31.85,5291358.0
2018-01-15 10:13:42.996000,31.8,31.8,31.85,5291358.0
2018-01-15 10:13:46.113000,31.8,31.8,31.85,5291358.0
2018-01-15 10:13:49.120000,31.8,31.8,31.85,5291358.0
2018-01-15 10:13:52.094000,31.8,31.8,31.85,5291358.0
2018-01-15 10:13:55.273000,31.8,31.8,31.85,5291358.0
2018-01-15 10:13:58.209000,31.8,31.8,31.85,5291358.0
2018-01-15 10:14:01.356000,31.85,31.8,31.85,5384038.0
2018-01-15 10:14:04.298000,31.85,31.8,31.85,5384038.0
2018-01-15 10:14:07.306000,31.85,31.8,31.85,5384038.0
2018-01-15 10:14:12.694000,31.85,31.8,31.85,5384038.0
2018-01-15 10:14:15.750000,31.85,31.85,31.9,5497538.0
2018-01-15 10:14:19.339000,31.85,31.85,31.9,5497538.0
2018-01-15 10:14:22.416000,31.85,31.85,31.9,5497538.0
2018-01-15 10:14:25.450000,31.85,31.85,31.9,5497538.0
2018-01-15 10:14:28.456000,31.85,31.85,31.9,5497538.0
2018-01-15 10:14:31.356000,31.85,31.8,31.85,5710038.0
2018-01-15 10:14:34.317000,31.85,31.8,31.85,5710038.0
2018-01-15 10:14:37.326000,31.85,31.8,31.85,5710038.0
2018-01-15 10:14:40.507000,31.85,31.8,31.85,5710038.0
2018-01-15 10:14:43.509000,31.85,31.8,31.85,5710038.0
2018-01-15 10:14:46.410000,31.85,31.8,31.85,5710038.0
2018-01-15 10:14:49.498000,31.85,31.85,31.9,5913538.0
2018-01-15 10:14:52.295000,31.85,31.85,31.9,5913538.0
2018-01-15 10:14:55.299000,31.85,31.85,31.9,5913538.0
2018-01-15 10:14:58.384000,31.85,31.85,31.9,5913538.0
2018-01-15 10:15:01.292000,31.85,31.85,31.9,5913538.0
2018-01-15 10:15:04.506000,31.85,31.85,31.9,5913538.0
2018-01-15 10:15:07.503000,31.85,31.85,31.9,5913538.0
2018-01-15 10:15:15.169000,31.85,31.85,31.9,5913538.0
2018-01-15 10:15:18.007000,31.85,31.85,31.9,5913538.0
2018-01-15 10:15:22.915000,31.85,31.85,31.9,5913538.0
2018-01-15 10:15:25.956000,31.85,31.85,31.9,5913538.0
2018-01-15 10:15:28.994000,31.85,31.85,31.9,5913538.0
2018-01-15 10:15:31.992000,31.85,31.85,31.9,5913538.0
2018-01-15 10:15:35.127000,31.85,31.85,31.9,5913538.0
2018-01-15 10:15:38.123000,31.85,31.85,31.9,5913538.0
2018-01-15 10:15:41.293000,31.85,31.85,31.9,5913538.0
2018-01-15 10:15:44.231000,31.85,31.8,31.85,5928038.0
2018-01-15 10:15:47.357000,31.85,31.8,31.85,5928038.0
2018-01-15 10:15:50.558000,31.85,31.8,31.85,5928038.0
2018-01-15 10:15:54.065000,31.85,31.8,31.85,5928038.0
2018-01-15 10:15:57.426000,31.85,31.8,31.85,5928038.0
2018-01-15 10:16:00.654000,31.85,31.8,31.85,5928038.0
2018-01-15 10:16:05.051000,31.85,31.8,31.85,5928038.0
2018-01-15 10:16:08.524000,31.85,31.8,31.85,5928038.0
2018-01-15 10:16:12.104000,31.85,31.8,31.85,5928038.0
2018-01-15 10:16:15.070000,31.85,31.8,31.85,5928038.0
2018-01-15 10:16:18.103000,31.85,31.8,31.85,5928038.0
2018-01-15 10:16:21.058000,31.85,31.8,31.85,5928038.0
2018-01-15 10:16:24.077000,31.85,31.8,31.85,5928038.0
2018-01-15 10:16:26.916000,31.85,31.85,31.9,5937900.0
2018-01-15 10:16:30.040000,31.85,31.85,31.9,5937900.0
2018-01-15 10:16:33.043000,31.85,31.85,31.9,5937900.0
2018-01-15 10:16:35.993000,31.85,31.85,31.9,5937900.0
2018-01-15 10:16:39.131000,31.85,31.85,31.9,5937900.0
2018-01-15 10:16:42.343000,31.85,31.85,31.9,5937900.0
2018-01-15 10:16:45.280000,31.85,31.85,31.9,5937900.0
2018-01-15 10:16:48.076000,31.85,31.85,31.9,5937900.0
2018-01-15 10:16:51.164000,31.85,31.85,31.9,5937900.0
2018-01-15 10:16:54.100000,31.85,31.85,31.9,5937900.0
2018-01-15 10:16:57.129000,31.85,31.85,31.9,5937900.0
2018-01-15 10:17:00.058000,31.85,31.85,31.9,5937900.0
2018-01-15 10:17:02.896000,31.85,31.85,31.9,5937900.0
2018-01-15 10:17:05.840000,31.85,31.85,31.9,5937900.0
2018-01-15 10:17:09.260000,31.85,31.85,31.9,5937900.0
2018-01-15 10:17:13.297000,31.85,31.85,31.9,5937900.0
2018-01-15 10:17:18.461000,31.85,31.85,31.9,5937900.0
2018-01-15 10:17:21.391000,31.85,31.85,31.9,5937900.0
2018-01-15 10:17:24.379000,31.85,31.85,31.9,5937900.0
2018-01-15 10:17:28.493000,31.85,31.85,31.9,5937900.0
2018-01-15 10:17:31.475000,31.85,31.85,31.9,5937900.0
2018-01-15 10:17:34.285000,31.85,31.85,31.9,5937900.0
2018-01-15 10:17:37.089000,31.85,31.85,31.9,5937900.0
2018-01-15 10:17:39.985000,31.85,31.85,31.9,5937900.0
2018-01-15 10:17:43.041000,31.85,31.8,31.85,5940493.0
2018-01-15 10:17:45.913000,31.85,31.8,31.85,5940493.0
2018-01-15 10:17:48.891000,31.85,31.8,31.85,5940493.0
2018-01-15 10:17:51.595000,31.85,31.8,31.85,5940493.0
2018-01-15 10:17:54.442000,31.85,31.8,31.85,5940493.0
2018-01-15 10:17:58.096000,31.85,31.8,31.85,5940493.0
2018-01-15 10:18:01.021000,31.85,31.8,31.85,5940493.0
2018-01-15 10:18:04.220000,31.85,31.8,31.85,5940493.0
2018-01-15 10:18:06.833000,31.85,31.8,31.85,5940493.0
2018-01-15 10:18:09.948000,31.85,31.8,31.85,5940493.0
2018-01-15 10:18:12.957000,31.85,31.8,31.85,5940493.0
2018-01-15 10:18:16.551000,31.85,31.8,31.85,5940493.0
2018-01-15 10:18:20.835000,31.85,31.8,31.85,5940493.0
2018-01-15 10:18:23.899000,31.85,31.8,31.85,5940493.0
2018-01-15 10:18:26.903000,31.85,31.8,31.85,5940493.0
2018-01-15 10:18:29.745000,31.85,31.8,31.85,5940493.0
2018-01-15 10:18:32.554000,31.85,31.8,31.85,5940493.0
2018-01-15 10:18:35.328000,31.85,31.8,31.85,5940493.0
2018-01-15 10:18:38.135000,31.85,31.8,31.85,5940493.0
2018-01-15 10:18:41.190000,31.85,31.8,31.85,5940493.0
2018-01-15 10:18:44.092000,31.85,31.8,31.85,5940493.0
2018-01-15 10:18:47.007000,31.85,31.8,31.85,5940493.0
2018-01-15 10:18:49.992000,31.85,31.8,31.85,5940773.0
2018-01-15 10:18:53.070000,31.85,31.8,31.85,5940773.0
2018-01-15 10:18:56.200000,31.85,31.8,31.85,5940773.0
2018-01-15 10:18:59.933000,31.85,31.8,31.85,5940773.0
2018-01-15 10:19:02.775000,31.85,31.8,31.85,5940773.0
2018-01-15 10:19:05.683000,31.85,31.8,31.85,5940773.0
2018-01-15 10:19:11.484000,31.85,31.8,31.85,5940773.0
2018-01-15 10:19:14.605000,31.85,31.8,31.85,5940773.0
2018-01-15 10:19:17.606000,31.85,31.8,31.85,5940773.0
2018-01-15 10:19:20.692000,31.85,31.8,31.85,5940773.0
2018-01-15 10:19:23.754000,31.85,31.8,31.85,5940773.0
2018-01-15 10:19:26.749000,31.85,31.8,31.85,5940773.0
2018-01-15 10:19:29.567000,31.85,31.8,31.85,5940773.0
2018-01-15 10:19:32.653000,31.85,31.8,31.85,5940773.0
2018-01-15 10:19:35.780000,31.85,31.8,31.85,5940773.0
2018-01-15 10:19:38.922000,31.85,31.8,31.85,5940773.0
2018-01-15 10:19:41.983000,31.85,31.8,31.85,5954773.0
2018-01-15 10:19:45.227000,31.85,31.8,31.85,5954773.0
2018-01-15 10:19:48.428000,31.85,31.8,31.85,5954773.0
2018-01-15 10:19:51.581000,31.85,31.8,31.85,5954773.0
2018-01-15 10:19:54.640000,31.85,31.8,31.85,5954773.0
2018-01-15 10:19:57.741000,31.85,31.8,31.85,5954773.0
2018-01-15 10:20:00.711000,31.85,31.8,31.85,5954773.0
2018-01-15 10:20:03.730000,31.85,31.8,31.85,5954773.0
2018-01-15 10:20:07.045000,31.85,31.8,31.85,5954773.0
2018-01-15 10:20:09.881000,31.85,31.8,31.85,5954773.0
2018-01-15 10:20:12.945000,31.85,31.8,31.85,5954773.0
2018-01-15 10:20:16.125000,31.85,31.8,31.85,5954773.0
2018-01-15 10:20:21.550000,31.85,31.8,31.85,5970773.0
2018-01-15 10:20:24.455000,31.85,31.8,31.85,5970773.0
2018-01-15 10:20:27.381000,31.85,31.8,31.85,5970773.0
2018-01-15 10:20:30.757000,31.85,31.8,31.85,5970773.0
2018-01-15 10:20:33.748000,31.85,31.8,31.85,5970773.0
2018-01-15 10:20:36.867000,31.85,31.8,31.85,5970773.0
2018-01-15 10:20:39.827000,31.85,31.8,31.85,5970773.0
2018-01-15 10:20:42.811000,31.85,31.8,31.85,5970773.0
2018-01-15 10:20:45.788000,31.85,31.8,31.85,5970773.0
2018-01-15 10:20:48.728000,31.85,31.8,31.85,5970773.0
2018-01-15 10:20:51.706000,31.85,31.8,31.85,5970773.0
2018-01-15 10:20:54.929000,31.85,31.8,31.85,5970773.0
2018-01-15 10:20:57.832000,31.85,31.8,31.85,5970773.0
2018-01-15 10:21:00.735000,31.85,31.8,31.85,5970773.0
2018-01-15 10:21:03.644000,31.85,31.8,31.85,5970773.0
2018-01-15 10:21:06.525000,31.85,31.8,31.85,5970773.0
2018-01-15 10:21:09.464000,31.85,31.8,31.85,5970773.0
2018-01-15 10:21:12.525000,31.85,31.8,31.85,5970773.0
2018-01-15 10:21:15.863000,31.85,31.8,31.85,5970773.0
2018-01-15 10:21:18.773000,31.85,31.8,31.85,5970773.0
2018-01-15 10:21:23.535000,31.85,31.8,31.85,5970773.0
2018-01-15 10:21:26.576000,31.85,31.8,31.85,5971273.0
2018-01-15 10:21:30.023000,31.85,31.8,31.85,5971273.0
2018-01-15 10:21:32.956000,31.85,31.8,31.85,5971273.0
2018-01-15 10:21:35.935000,31.85,31.8,31.85,5971273.0
2018-01-15 10:21:38.876000,31.85,31.8,31.85,5971273.0
2018-01-15 10:21:42.315000,31.85,31.8,31.85,5971273.0
2018-01-15 10:21:45.292000,31.85,31.8,31.85,5971273.0
2018-01-15 10:21:48.326000,31.85,31.8,31.85,5971273.0
2018-01-15 10:21:51.347000,31.85,31.8,31.85,5971273.0
2018-01-15 10:21:54.477000,31.85,31.8,31.85,5971273.0
2018-01-15 10:21:57.490000,31.85,31.8,31.85,5971273.0
2018-01-15 10:22:00.553000,31.85,31.8,31.85,5971273.0
2018-01-15 10:22:03.616000,31.85,31.8,31.85,5971273.0
2018-01-15 10:22:06.446000,31.85,31.8,31.85,5971273.0
2018-01-15 10:22:09.292000,31.85,31.8,31.85,5971273.0
2018-01-15 10:22:12.348000,31.85,31.8,31.85,5971273.0
2018-01-15 10:22:15.613000,31.85,31.8,31.85,5971273.0
2018-01-15 10:22:22.081000,31.85,31.8,31.85,5971273.0
2018-01-15 10:22:25.034000,31.85,31.8,31.85,5971273.0
2018-01-15 10:22:28.274000,31.8,31.8,31.85,5977273.0
2018-01-15 10:22:31.364000,31.8,31.8,31.85,5977273.0
2018-01-15 10:22:34.368000,31.8,31.8,31.85,5977273.0
2018-01-15 10:22:37.370000,31.8,31.8,31.85,5977273.0
2018-01-15 10:22:40.542000,31.8,31.8,31.85,5977273.0
2018-01-15 10:22:43.463000,31.8,31.8,31.85,5977273.0
2018-01-15 10:22:46.453000,31.8,31.8,31.85,5977273.0
2018-01-15 10:22:49.639000,31.8,31.8,31.85,5977273.0
2018-01-15 10:22:52.963000,31.8,31.8,31.85,5977273.0
2018-01-15 10:22:55.869000,31.8,31.8,31.85,5977273.0
2018-01-15 10:22:58.946000,31.8,31.8,31.85,5977273.0
2018-01-15 10:23:01.875000,31.8,31.8,31.85,5977273.0
2018-01-15 10:23:04.709000,31.8,31.8,31.85,5977273.0
2018-01-15 10:23:07.792000,31.8,31.8,31.85,5977273.0
2018-01-15 10:23:10.894000,31.8,31.8,31.85,5977273.0
2018-01-15 10:23:14.482000,31.8,31.8,31.85,5977273.0
2018-01-15 10:23:17.370000,31.8,31.8,31.85,5977273.0
2018-01-15 10:23:20.249000,31.8,31.8,31.85,5977273.0
2018-01-15 10:23:22.879000,31.8,31.8,31.85,5977273.0
2018-01-15 10:23:25.696000,31.8,31.8,31.85,5977273.0
2018-01-15 10:23:29.380000,31.8,31.8,31.85,5977273.0
2018-01-15 10:23:34.071000,31.8,31.8,31.85,5977273.0
2018-01-15 10:23:37.078000,31.8,31.8,31.85,5977273.0
2018-01-15 10:23:40.367000,31.8,31.8,31.85,5977273.0
2018-01-15 10:23:43.316000,31.8,31.8,31.85,5977273.0
2018-01-15 10:23:46.145000,31.8,31.8,31.85,5977273.0
2018-01-15 10:23:49.103000,31.8,31.8,31.85,5977273.0
2018-01-15 10:23:51.895000,31.8,31.8,31.85,5977273.0
2018-01-15 10:23:54.811000,31.8,31.8,31.85,5977273.0
2018-01-15 10:23:57.727000,31.8,31.8,31.85,5977273.0
2018-01-15 10:24:00.722000,31.8,31.8,31.85,5977273.0
2018-01-15 10:24:05.351000,31.85,31.8,31.85,5982273.0
2018-01-15 10:24:08.167000,31.85,31.8,31.85,5982273.0
2018-01-15 10:24:11.152000,31.85,31.8,31.85,5982273.0
2018-01-15 10:24:14.160000,31.85,31.8,31.85,5982273.0
2018-01-15 10:24:17.038000,31.85,31.8,31.85,5982273.0
2018-01-15 10:24:19.936000,31.85,31.8,31.85,5982273.0
2018-01-15 10:24:22.882000,31.85,31.8,31.85,5982273.0
2018-01-15 10:24:25.860000,31.85,31.8,31.85,5982273.0
2018-01-15 10:24:28.769000,31.85,31.8,31.85,5982273.0
2018-01-15 10:24:31.522000,31.85,31.8,31.85,5982273.0
2018-01-15 10:24:34.538000,31.85,31.8,31.85,5982273.0
2018-01-15 10:24:37.486000,31.85,31.8,31.85,5982273.0
2018-01-15 10:24:40.702000,31.85,31.8,31.85,5982273.0
2018-01-15 10:24:43.670000,31.85,31.8,31.85,5982273.0
2018-01-15 10:24:46.553000,31.85,31.8,31.85,5982273.0
2018-01-15 10:24:49.382000,31.85,31.8,31.85,5982273.0
2018-01-15 10:24:52.348000,31.85,31.8,31.85,5982273.0
2018-01-15 10:24:55.256000,31.85,31.8,31.85,5982273.0
2018-01-15 10:24:58.187000,31.85,31.8,31.85,5982273.0
2018-01-15 10:25:01.284000,31.85,31.8,31.85,5982273.0
2018-01-15 10:25:04.412000,31.85,31.8,31.85,5982273.0
2018-01-15 10:25:07.403000,31.85,31.8,31.85,5982273.0
2018-01-15 10:25:10.237000,31.85,31.8,31.85,5982273.0
2018-01-15 10:25:13.324000,31.85,31.8,31.85,5982273.0
2018-01-15 10:25:16.107000,31.85,31.8,31.85,5982273.0
2018-01-15 10:25:23.343000,31.85,31.8,31.85,5982273.0
2018-01-15 10:25:26.272000,31.85,31.8,31.85,5982273.0
2018-01-15 10:25:29.112000,31.85,31.8,31.85,5982273.0
2018-01-15 10:25:31.973000,31.85,31.8,31.85,5982273.0
2018-01-15 10:25:34.802000,31.85,31.8,31.85,5982273.0
2018-01-15 10:25:38.136000,31.85,31.8,31.85,5982273.0
2018-01-15 10:25:41.267000,31.85,31.8,31.85,5982273.0
2018-01-15 10:25:44.431000,31.85,31.8,31.85,5982513.0
2018-01-15 10:25:47.482000,31.85,31.8,31.85,5982513.0
2018-01-15 10:25:50.504000,31.85,31.8,31.85,5982513.0
2018-01-15 10:25:53.433000,31.85,31.8,31.85,5982513.0
2018-01-15 10:25:56.306000,31.85,31.8,31.85,5982513.0
2018-01-15 10:25:59.040000,31.85,31.8,31.85,5982513.0
2018-01-15 10:26:01.918000,31.85,31.8,31.85,5982513.0
2018-01-15 10:26:05.054000,31.85,31.8,31.85,5982513.0
2018-01-15 10:26:08.044000,31.85,31.8,31.85,5982513.0
2018-01-15 10:26:12.690000,31.85,31.8,31.85,5982513.0
2018-01-15 10:26:15.408000,31.85,31.8,31.85,5982513.0
2018-01-15 10:26:18.269000,31.85,31.8,31.85,5982513.0
2018-01-15 10:26:21.120000,31.85,31.8,31.85,5982513.0
2018-01-15 10:26:24.267000,31.85,31.8,31.85,5982513.0
2018-01-15 10:26:27.475000,31.85,31.8,31.85,5982513.0
2018-01-15 10:26:30.422000,31.85,31.8,31.85,5982513.0
2018-01-15 10:26:33.497000,31.85,31.8,31.85,5982513.0
2018-01-15 10:26:36.543000,31.85,31.8,31.85,5982513.0
2018-01-15 10:26:39.598000,31.85,31.8,31.85,5982513.0
2018-01-15 10:26:42.544000,31.8,31.8,31.85,6184513.0
2018-01-15 10:26:45.377000,31.8,31.8,31.85,6184513.0
2018-01-15 10:26:48.362000,31.8,31.8,31.85,6184513.0
2018-01-15 10:26:51.444000,31.8,31.8,31.85,6184513.0
2018-01-15 10:26:54.319000,31.8,31.8,31.85,6184513.0
2018-01-15 10:26:57.213000,31.8,31.8,31.85,6184513.0
2018-01-15 10:27:00.029000,31.8,31.8,31.85,6184513.0
2018-01-15 10:27:02.879000,31.8,31.8,31.85,6184513.0
2018-01-15 10:27:08.862000,31.8,31.8,31.85,6184513.0
2018-01-15 10:27:12.212000,31.8,31.8,31.85,6184513.0
2018-01-15 10:27:14.964000,31.8,31.8,31.85,6184513.0
2018-01-15 10:27:20.514000,31.8,31.8,31.85,6184513.0
2018-01-15 10:27:23.546000,31.8,31.8,31.85,6184513.0
2018-01-15 10:27:26.406000,31.8,31.8,31.85,6184513.0
2018-01-15 10:27:29.376000,31.8,31.8,31.85,6184513.0
2018-01-15 10:27:32.273000,31.8,31.8,31.85,6184513.0
2018-01-15 10:27:35.502000,31.8,31.8,31.85,6184513.0
2018-01-15 10:27:38.480000,31.8,31.8,31.85,6184513.0
2018-01-15 10:27:41.489000,31.8,31.8,31.85,6184513.0
2018-01-15 10:27:44.435000,31.8,31.8,31.85,6184513.0
2018-01-15 10:27:47.255000,31.8,31.8,31.85,6184513.0
2018-01-15 10:27:50.107000,31.8,31.8,31.85,6184513.0
2018-01-15 10:27:53.231000,31.8,31.8,31.85,6184513.0
2018-01-15 10:27:56.014000,31.8,31.8,31.85,6184513.0
2018-01-15 10:27:58.910000,31.8,31.8,31.85,6184513.0
2018-01-15 10:28:01.949000,31.8,31.8,31.85,6184513.0
2018-01-15 10:28:04.912000,31.8,31.8,31.85,6184513.0
2018-01-15 10:28:07.791000,31.8,31.8,31.85,6184513.0
2018-01-15 10:28:11.840000,31.8,31.8,31.85,6184513.0
2018-01-15 10:28:14.719000,31.8,31.8,31.85,6184513.0
2018-01-15 10:28:18.018000,31.85,31.8,31.85,6192013.0
2018-01-15 10:28:20.887000,31.85,31.8,31.85,6192013.0
2018-01-15 10:28:23.689000,31.85,31.8,31.85,6192013.0
2018-01-15 10:28:26.793000,31.85,31.8,31.85,6192013.0
2018-01-15 10:28:29.606000,31.85,31.8,31.85,6192013.0
2018-01-15 10:28:32.235000,31.85,31.8,31.85,6192013.0
2018-01-15 10:28:35.143000,31.85,31.8,31.85,6192013.0
2018-01-15 10:28:38.091000,31.85,31.8,31.85,6192013.0
2018-01-15 10:28:40.907000,31.85,31.8,31.85,6192013.0
2018-01-15 10:28:43.887000,31.85,31.8,31.85,6192013.0
2018-01-15 10:28:46.631000,31.85,31.8,31.85,6192013.0
2018-01-15 10:28:49.351000,31.85,31.8,31.85,6192013.0
2018-01-15 10:28:52.438000,31.85,31.8,31.85,6192013.0
2018-01-15 10:28:55.372000,31.85,31.8,31.85,6192013.0
2018-01-15 10:28:58.193000,31.85,31.8,31.85,6192013.0
2018-01-15 10:29:01.433000,31.85,31.8,31.85,6192013.0
2018-01-15 10:29:04.404000,31.85,31.8,31.85,6192013.0
2018-01-15 10:29:11.036000,31.85,31.8,31.85,6192013.0
2018-01-15 10:29:16.405000,31.85,31.8,31.85,6192013.0
2018-01-15 10:29:21.474000,31.85,31.8,31.85,6192013.0
2018-01-15 10:29:24.445000,31.85,31.8,31.85,6192013.0
2018-01-15 10:29:27.360000,31.85,31.8,31.85,6192013.0
2018-01-15 10:29:30.113000,31.8,31.8,31.85,6208513.0
2018-01-15 10:29:33.323000,31.8,31.8,31.85,6208513.0
2018-01-15 10:29:36.352000,31.8,31.8,31.85,6208513.0
2018-01-15 10:29:39.835000,31.8,31.8,31.85,6208513.0
2018-01-15 10:29:42.746000,31.8,31.8,31.85,6208513.0
2018-01-15 10:29:45.878000,31.8,31.8,31.85,6208513.0
2018-01-15 10:29:48.921000,31.8,31.8,31.85,6208513.0
2018-01-15 10:29:51.846000,31.8,31.8,31.85,6208513.0
2018-01-15 10:29:54.709000,31.8,31.8,31.85,6208513.0
2018-01-15 10:29:57.715000,31.8,31.8,31.85,6208513.0
2018-01-15 10:30:00.956000,31.8,31.8,31.85,6208513.0
2018-01-15 10:30:03.905000,31.8,31.8,31.85,6208513.0
2018-01-15 10:30:06.703000,31.8,31.8,31.85,6208513.0
2018-01-15 10:30:09.471000,31.8,31.8,31.85,6208513.0
2018-01-15 10:30:12.775000,31.8,31.8,31.85,6208513.0
2018-01-15 10:30:17.368000,31.8,31.8,31.85,6208513.0
2018-01-15 10:30:20.961000,31.8,31.8,31.85,6208513.0
2018-01-15 10:30:23.875000,31.8,31.8,31.85,6208513.0
2018-01-15 10:30:26.798000,31.8,31.8,31.85,6208513.0
2018-01-15 10:30:29.798000,31.8,31.8,31.85,7019513.0
2018-01-15 10:30:32.814000,31.8,31.8,31.85,7019513.0
2018-01-15 10:30:36.085000,31.8,31.8,31.85,7019513.0
2018-01-15 10:30:39.125000,31.8,31.8,31.85,7019513.0
2018-01-15 10:30:44.979000,31.8,31.8,31.85,7019513.0
2018-01-15 10:30:48.353000,31.8,31.8,31.85,7019513.0
2018-01-15 10:30:51.302000,31.8,31.8,31.85,7019513.0
2018-01-15 10:30:54.389000,31.8,31.8,31.85,7019513.0
2018-01-15 10:30:57.483000,31.8,31.8,31.85,7019513.0
2018-01-15 10:31:00.472000,31.8,31.8,31.85,7019513.0
2018-01-15 10:31:03.712000,31.8,31.8,31.85,7019513.0
2018-01-15 10:31:07.107000,31.8,31.8,31.85,7019513.0
2018-01-15 10:31:10.434000,31.8,31.8,31.85,7019513.0
2018-01-15 10:31:13.297000,31.8,31.8,31.85,7019513.0
2018-01-15 10:31:17.819000,31.8,31.8,31.85,7019513.0
2018-01-15 10:31:23.260000,31.8,31.8,31.85,7019513.0
2018-01-15 10:31:26.214000,31.8,31.8,31.85,7019513.0
2018-01-15 10:31:29.339000,31.8,31.8,31.85,7019513.0
2018-01-15 10:31:32.340000,31.8,31.8,31.85,7019513.0
2018-01-15 10:31:35.336000,31.8,31.8,31.85,7019513.0
2018-01-15 10:31:38.468000,31.8,31.8,31.85,7019513.0
2018-01-15 10:31:41.305000,31.8,31.8,31.85,7019513.0
2018-01-15 10:31:44.310000,31.8,31.8,31.85,7019513.0
2018-01-15 10:31:47.069000,31.8,31.8,31.85,7019513.0
2018-01-15 10:31:50.167000,31.8,31.8,31.85,7019513.0
2018-01-15 10:31:53.017000,31.8,31.8,31.85,7019513.0
2018-01-15 10:31:56.077000,31.85,31.8,31.85,7043513.0
2018-01-15 10:31:59.006000,31.85,31.8,31.85,7043513.0
2018-01-15 10:32:02.032000,31.85,31.8,31.85,7043513.0
2018-01-15 10:32:05.982000,31.85,31.8,31.85,7043513.0
2018-01-15 10:32:12.627000,31.85,31.8,31.85,7043513.0
2018-01-15 10:32:15.355000,31.85,31.8,31.85,7043513.0
2018-01-15 10:32:18.149000,31.85,31.8,31.85,7043513.0
2018-01-15 10:32:20.998000,31.85,31.8,31.85,7043513.0
2018-01-15 10:32:23.936000,31.85,31.8,31.85,7043513.0
2018-01-15 10:32:26.901000,31.85,31.8,31.85,7043513.0
2018-01-15 10:32:29.769000,31.85,31.8,31.85,7043513.0
2018-01-15 10:32:32.714000,31.85,31.8,31.85,7043513.0
2018-01-15 10:32:35.608000,31.85,31.8,31.85,7043513.0
2018-01-15 10:32:38.575000,31.85,31.8,31.85,7043513.0
2018-01-15 10:32:41.847000,31.85,31.8,31.85,7043513.0
2018-01-15 10:32:44.821000,31.85,31.8,31.85,7043513.0
2018-01-15 10:32:47.784000,31.85,31.8,31.85,7043513.0
2018-01-15 10:32:50.845000,31.85,31.8,31.85,7043513.0
2018-01-15 10:32:53.667000,31.85,31.8,31.85,7043513.0
2018-01-15 10:32:56.674000,31.85,31.8,31.85,7043513.0
2018-01-15 10:32:59.469000,31.85,31.8,31.85,7043513.0
2018-01-15 10:33:02.553000,31.85,31.8,31.85,7043513.0
2018-01-15 10:33:06.724000,31.85,31.8,31.85,7043513.0
2018-01-15 10:33:09.602000,31.85,31.8,31.85,7043513.0
2018-01-15 10:33:12.567000,31.85,31.8,31.85,7043513.0
2018-01-15 10:33:15.525000,31.85,31.8,31.85,7043513.0
2018-01-15 10:33:19.374000,31.85,31.8,31.85,7043607.0
2018-01-15 10:33:22.347000,31.85,31.8,31.85,7043607.0
2018-01-15 10:33:25.172000,31.85,31.8,31.85,7043607.0
2018-01-15 10:33:28.054000,31.85,31.8,31.85,7043607.0
2018-01-15 10:33:30.954000,31.85,31.8,31.85,7043607.0
2018-01-15 10:33:33.929000,31.85,31.8,31.85,7043607.0
2018-01-15 10:33:36.899000,31.85,31.8,31.85,7043607.0
2018-01-15 10:33:39.777000,31.85,31.8,31.85,7043607.0
2018-01-15 10:33:42.608000,31.85,31.8,31.85,7043607.0
2018-01-15 10:33:45.554000,31.85,31.8,31.85,7043607.0
2018-01-15 10:33:48.517000,31.85,31.8,31.85,7043607.0
2018-01-15 10:33:51.551000,31.85,31.8,31.85,7043607.0
2018-01-15 10:33:54.599000,31.85,31.8,31.85,7043607.0
2018-01-15 10:33:57.719000,31.85,31.8,31.85,7043607.0
2018-01-15 10:34:00.942000,31.85,31.8,31.85,7043607.0
2018-01-15 10:34:03.844000,31.85,31.8,31.85,7043607.0
2018-01-15 10:34:06.824000,31.85,31.8,31.85,7043607.0
2018-01-15 10:34:11.611000,31.85,31.8,31.85,7043607.0
2018-01-15 10:34:14.679000,31.8,31.8,31.85,7054107.0
2018-01-15 10:34:22.213000,31.8,31.8,31.85,7054107.0
2018-01-15 10:34:25.078000,31.8,31.8,31.85,7054107.0
2018-01-15 10:34:28.015000,31.8,31.8,31.85,7054107.0
2018-01-15 10:34:31.019000,31.8,31.8,31.85,7054107.0
2018-01-15 10:34:33.940000,31.8,31.8,31.85,7054107.0
2018-01-15 10:34:36.806000,31.8,31.8,31.85,7054107.0
2018-01-15 10:34:39.585000,31.8,31.8,31.85,7054107.0
2018-01-15 10:34:42.605000,31.8,31.8,31.85,7054107.0
2018-01-15 10:34:45.458000,31.8,31.8,31.85,7054107.0
2018-01-15 10:34:48.458000,31.8,31.8,31.85,7054107.0
2018-01-15 10:34:51.583000,31.8,31.8,31.85,7054107.0
2018-01-15 10:34:54.545000,31.8,31.8,31.85,7054107.0
2018-01-15 10:34:57.492000,31.8,31.8,31.85,7054107.0
2018-01-15 10:35:00.313000,31.8,31.8,31.85,7054107.0
2018-01-15 10:35:03.312000,31.8,31.8,31.85,7054107.0
2018-01-15 10:35:06.202000,31.8,31.8,31.85,7054107.0
2018-01-15 10:35:09.195000,31.8,31.8,31.85,7054107.0
2018-01-15 10:35:12.220000,31.8,31.8,31.85,7054107.0
2018-01-15 10:35:15.224000,31.8,31.8,31.85,7054107.0
2018-01-15 10:35:20.283000,31.85,31.8,31.85,7088107.0
2018-01-15 10:35:23.201000,31.85,31.8,31.85,7088107.0
2018-01-15 10:35:26.169000,31.85,31.8,31.85,7088107.0
2018-01-15 10:35:29.371000,31.85,31.8,31.85,7088107.0
2018-01-15 10:35:32.252000,31.85,31.8,31.85,7088107.0
2018-01-15 10:35:35.131000,31.85,31.8,31.85,7088107.0
2018-01-15 10:35:38.048000,31.85,31.8,31.85,7088107.0
2018-01-15 10:35:41.189000,31.85,31.8,31.85,7088107.0
2018-01-15 10:35:44.230000,31.85,31.8,31.85,7088107.0
2018-01-15 10:35:47.248000,31.85,31.8,31.85,7088107.0
2018-01-15 10:35:49.965000,31.85,31.8,31.85,7088107.0
2018-01-15 10:35:52.842000,31.85,31.8,31.85,7088107.0
2018-01-15 10:35:55.859000,31.85,31.8,31.85,7088107.0
2018-01-15 10:35:58.751000,31.85,31.8,31.85,7088107.0
2018-01-15 10:36:01.686000,31.85,31.8,31.85,7088107.0
2018-01-15 10:36:04.670000,31.85,31.8,31.85,7088107.0
2018-01-15 10:36:15.371000,31.85,31.8,31.85,7088107.0
2018-01-15 10:36:18.331000,31.85,31.8,31.85,7088107.0
2018-01-15 10:36:22.443000,31.85,31.8,31.85,7088107.0
2018-01-15 10:36:25.304000,31.85,31.8,31.85,7088107.0
2018-01-15 10:36:28.228000,31.85,31.8,31.85,7088107.0
2018-01-15 10:36:31.173000,31.85,31.8,31.85,7088107.0
2018-01-15 10:36:34,31.8,31.8,31.85,7090107.0
2018-01-15 10:36:36.994000,31.8,31.8,31.85,7090107.0
2018-01-15 10:36:39.928000,31.8,31.8,31.85,7090107.0
2018-01-15 10:36:42.790000,31.8,31.8,31.85,7090107.0
2018-01-15 10:36:45.780000,31.8,31.8,31.85,7090107.0
2018-01-15 10:36:48.899000,31.8,31.8,31.85,7090107.0
2018-01-15 10:36:51.872000,31.8,31.8,31.85,7090107.0
2018-01-15 10:36:54.785000,31.8,31.8,31.85,7090107.0
2018-01-15 10:36:57.667000,31.8,31.8,31.85,7090107.0
2018-01-15 10:37:00.644000,31.8,31.8,31.85,7090107.0
2018-01-15 10:37:03.691000,31.8,31.8,31.85,7090107.0
2018-01-15 10:37:06.647000,31.8,31.8,31.85,7090107.0
2018-01-15 10:37:10.698000,31.8,31.8,31.85,7090107.0
2018-01-15 10:37:13.711000,31.8,31.8,31.85,7090107.0
2018-01-15 10:37:17.463000,31.8,31.8,31.85,7090107.0
2018-01-15 10:37:20.488000,31.8,31.8,31.85,7090107.0
2018-01-15 10:37:23.377000,31.8,31.8,31.85,7090107.0
2018-01-15 10:37:26.257000,31.8,31.8,31.85,7090107.0
2018-01-15 10:37:29.343000,31.8,31.8,31.85,7090107.0
2018-01-15 10:37:32.176000,31.8,31.8,31.85,7090107.0
2018-01-15 10:37:34.994000,31.8,31.8,31.85,7090107.0
2018-01-15 10:37:37.904000,31.8,31.8,31.85,7090107.0
2018-01-15 10:37:40.653000,31.8,31.8,31.85,7090107.0
2018-01-15 10:37:43.423000,31.8,31.8,31.85,7090107.0
2018-01-15 10:37:46.248000,31.8,31.8,31.85,7090107.0
2018-01-15 10:37:49.031000,31.8,31.8,31.85,7090107.0
2018-01-15 10:37:51.813000,31.8,31.8,31.85,7090107.0
2018-01-15 10:37:54.730000,31.8,31.8,31.85,7090107.0
2018-01-15 10:37:57.461000,31.8,31.8,31.85,7090107.0
2018-01-15 10:38:00.246000,31.8,31.8,31.85,7090107.0
2018-01-15 10:38:03.063000,31.8,31.8,31.85,7090107.0
2018-01-15 10:38:08.207000,31.85,31.8,31.85,7114607.0
2018-01-15 10:38:11.015000,31.85,31.8,31.85,7114607.0
2018-01-15 10:38:14.799000,31.85,31.8,31.85,7114607.0
2018-01-15 10:38:17.705000,31.85,31.8,31.85,7114607.0
2018-01-15 10:38:20.533000,31.85,31.8,31.85,7114607.0
2018-01-15 10:38:23.352000,31.85,31.8,31.85,7114607.0
2018-01-15 10:38:26.447000,31.85,31.8,31.85,7114607.0
2018-01-15 10:38:29.329000,31.85,31.8,31.85,7114607.0
2018-01-15 10:38:32.173000,31.85,31.8,31.85,7114607.0
2018-01-15 10:38:34.896000,31.85,31.8,31.85,7114607.0
2018-01-15 10:38:37.680000,31.85,31.8,31.85,7114607.0
2018-01-15 10:38:40.687000,31.85,31.8,31.85,7114607.0
2018-01-15 10:38:43.695000,31.85,31.8,31.85,7114607.0
2018-01-15 10:38:46.623000,31.85,31.8,31.85,7114607.0
2018-01-15 10:38:49.595000,31.85,31.8,31.85,7114607.0
2018-01-15 10:38:52.544000,31.85,31.8,31.85,7114607.0
2018-01-15 10:38:55.518000,31.85,31.8,31.85,7114607.0
2018-01-15 10:38:58.338000,31.85,31.8,31.85,7114607.0
2018-01-15 10:39:01.325000,31.85,31.8,31.85,7114607.0
2018-01-15 10:39:04.234000,31.85,31.8,31.85,7114607.0
2018-01-15 10:39:09.859000,31.85,31.8,31.85,7114607.0
2018-01-15 10:39:13.130000,31.85,31.8,31.85,7114607.0
2018-01-15 10:39:16.053000,31.85,31.8,31.85,7114607.0
2018-01-15 10:39:18.965000,31.85,31.8,31.85,7114607.0
2018-01-15 10:39:21.908000,31.85,31.8,31.85,7114607.0
2018-01-15 10:39:24.855000,31.85,31.8,31.85,7114607.0
2018-01-15 10:39:27.789000,31.85,31.8,31.85,7114607.0
2018-01-15 10:39:30.674000,31.85,31.8,31.85,7114607.0
2018-01-15 10:39:33.452000,31.85,31.8,31.85,7114607.0
2018-01-15 10:39:36.397000,31.85,31.8,31.85,7114607.0
2018-01-15 10:39:39.489000,31.85,31.8,31.85,7114607.0
2018-01-15 10:39:42.332000,31.85,31.8,31.85,7114607.0
2018-01-15 10:39:45.212000,31.85,31.8,31.85,7114607.0
2018-01-15 10:39:47.957000,31.85,31.8,31.85,7114607.0
2018-01-15 10:39:50.870000,31.85,31.8,31.85,7114607.0
2018-01-15 10:39:53.589000,31.85,31.8,31.85,7114607.0
2018-01-15 10:39:56.387000,31.85,31.8,31.85,7114607.0
2018-01-15 10:39:59.494000,31.85,31.8,31.85,7114607.0
2018-01-15 10:40:02.465000,31.85,31.8,31.85,7114607.0
2018-01-15 10:40:05.408000,31.85,31.8,31.85,7114607.0
2018-01-15 10:40:08.106000,31.85,31.8,31.85,7114607.0
2018-01-15 10:40:12.318000,31.85,31.8,31.85,7114607.0
2018-01-15 10:40:15.482000,31.85,31.8,31.85,7114607.0
2018-01-15 10:40:20.107000,31.85,31.8,31.85,7114607.0
2018-01-15 10:40:22.797000,31.85,31.8,31.85,7114607.0
2018-01-15 10:40:25.583000,31.85,31.8,31.85,7114607.0
2018-01-15 10:40:28.957000,31.85,31.8,31.85,7114607.0
2018-01-15 10:40:31.784000,31.85,31.8,31.85,7114607.0
2018-01-15 10:40:34.609000,31.85,31.8,31.85,7114607.0
2018-01-15 10:40:37.509000,31.85,31.8,31.85,7114607.0
2018-01-15 10:40:40.275000,31.85,31.8,31.85,7114607.0
2018-01-15 10:40:43.508000,31.85,31.8,31.85,7114607.0
2018-01-15 10:40:46.395000,31.85,31.8,31.85,7114607.0
2018-01-15 10:40:49.269000,31.85,31.8,31.85,7114607.0
2018-01-15 10:40:51.910000,31.85,31.8,31.85,7114607.0
2018-01-15 10:40:54.676000,31.85,31.8,31.85,7114607.0
2018-01-15 10:40:57.485000,31.85,31.8,31.85,7114607.0
2018-01-15 10:41:00.347000,31.85,31.8,31.85,7114607.0
2018-01-15 10:41:03.665000,31.85,31.8,31.85,7114607.0
2018-01-15 10:41:06.608000,31.85,31.8,31.85,7114607.0
2018-01-15 10:41:09.441000,31.85,31.8,31.85,7114607.0
2018-01-15 10:41:14.859000,31.85,31.8,31.85,7114607.0
2018-01-15 10:41:17.738000,31.85,31.8,31.85,7114607.0
2018-01-15 10:41:20.769000,31.85,31.8,31.85,7114607.0
2018-01-15 10:41:23.508000,31.85,31.8,31.85,7148107.0
2018-01-15 10:41:26.323000,31.85,31.8,31.85,7148107.0
2018-01-15 10:41:29.077000,31.85,31.8,31.85,7148107.0
2018-01-15 10:41:31.940000,31.85,31.8,31.85,7148107.0
2018-01-15 10:41:34.863000,31.85,31.8,31.85,7148107.0
2018-01-15 10:41:38.044000,31.85,31.8,31.85,7148107.0
2018-01-15 10:41:40.893000,31.85,31.8,31.85,7148107.0
2018-01-15 10:41:43.628000,31.85,31.8,31.85,7148107.0
2018-01-15 10:41:46.418000,31.85,31.8,31.85,7148107.0
2018-01-15 10:41:49.666000,31.85,31.8,31.85,7148107.0
2018-01-15 10:41:52.518000,31.85,31.8,31.85,7148107.0
2018-01-15 10:41:55.414000,31.85,31.8,31.85,7148107.0
2018-01-15 10:41:58.508000,31.85,31.8,31.85,7148107.0
2018-01-15 10:42:01.360000,31.85,31.8,31.85,7148107.0
2018-01-15 10:42:04.929000,31.85,31.8,31.85,7148107.0
2018-01-15 10:42:07.747000,31.85,31.8,31.85,7148107.0
2018-01-15 10:42:10.459000,31.85,31.8,31.85,7148107.0
2018-01-15 10:42:18.173000,31.85,31.8,31.85,7148107.0
2018-01-15 10:42:28.034000,31.85,31.8,31.85,7148107.0
2018-01-15 10:42:37.309000,31.8,31.8,31.85,7197107.0
2018-01-15 10:42:48.310000,31.8,31.8,31.85,7197107.0
2018-01-15 10:42:59.139000,31.8,31.8,31.85,7197107.0
2018-01-15 10:43:06.699000,31.8,31.8,31.85,7197107.0
2018-01-15 10:43:13.639000,31.8,31.8,31.85,7197107.0
2018-01-15 10:43:17.378000,31.8,31.8,31.85,7197107.0
2018-01-15 10:43:20.560000,31.8,31.8,31.85,7197107.0
2018-01-15 10:43:23.529000,31.8,31.8,31.85,7197107.0
2018-01-15 10:43:26.652000,31.8,31.8,31.85,7197107.0
2018-01-15 10:43:29.597000,31.8,31.8,31.85,7197107.0
2018-01-15 10:43:32.527000,31.8,31.8,31.85,7197107.0
2018-01-15 10:43:35.440000,31.8,31.8,31.85,7197107.0
2018-01-15 10:43:38.531000,31.8,31.8,31.85,7197107.0
2018-01-15 10:43:41.886000,31.8,31.8,31.85,7197107.0
2018-01-15 10:43:45.070000,31.8,31.8,31.85,7197107.0
2018-01-15 10:43:48.045000,31.8,31.8,31.85,7197107.0
2018-01-15 10:43:50.986000,31.8,31.8,31.85,7197107.0
2018-01-15 10:43:53.949000,31.8,31.8,31.85,7197107.0
2018-01-15 10:43:56.909000,31.8,31.8,31.85,7197107.0
2018-01-15 10:43:59.894000,31.8,31.8,31.85,7197107.0
2018-01-15 10:44:02.919000,31.8,31.8,31.85,7197107.0
2018-01-15 10:44:05.900000,31.8,31.8,31.85,7197107.0
2018-01-15 10:44:11.408000,31.8,31.8,31.85,7197107.0
2018-01-15 10:44:14.511000,31.8,31.8,31.85,7197107.0
2018-01-15 10:44:17.544000,31.8,31.8,31.85,7198107.0
2018-01-15 10:44:20.542000,31.8,31.8,31.85,7198107.0
2018-01-15 10:44:23.677000,31.8,31.8,31.85,7198107.0
2018-01-15 10:44:26.960000,31.8,31.8,31.85,7198107.0
2018-01-15 10:44:29.899000,31.8,31.8,31.85,7198107.0
2018-01-15 10:44:32.829000,31.8,31.8,31.85,7198107.0
2018-01-15 10:44:35.843000,31.8,31.8,31.85,7198107.0
2018-01-15 10:44:38.739000,31.8,31.8,31.85,7198107.0
2018-01-15 10:44:41.640000,31.8,31.8,31.85,7198107.0
2018-01-15 10:44:44.489000,31.8,31.8,31.85,7198107.0
2018-01-15 10:44:47.449000,31.8,31.8,31.85,7198107.0
2018-01-15 10:44:50.281000,31.8,31.8,31.85,7198107.0
2018-01-15 10:44:52.988000,31.8,31.8,31.85,7198107.0
2018-01-15 10:44:55.621000,31.8,31.8,31.85,7198107.0
2018-01-15 10:44:58.544000,31.8,31.8,31.85,7198107.0
2018-01-15 10:45:01.369000,31.8,31.8,31.85,7198107.0
2018-01-15 10:45:04.634000,31.8,31.8,31.85,7198107.0
2018-01-15 10:45:07.523000,31.8,31.8,31.85,7198107.0
2018-01-15 10:45:10.460000,31.8,31.8,31.85,7198107.0
2018-01-15 10:45:13.577000,31.8,31.8,31.85,7198107.0
2018-01-15 10:45:16.407000,31.8,31.8,31.85,7198107.0
2018-01-15 10:45:19.391000,31.8,31.8,31.85,7198107.0
2018-01-15 10:45:23.774000,31.8,31.8,31.85,7198107.0
2018-01-15 10:45:26.545000,31.85,31.8,31.85,7231607.0
2018-01-15 10:45:29.367000,31.85,31.8,31.85,7231607.0
2018-01-15 10:45:32.107000,31.85,31.8,31.85,7231607.0
2018-01-15 10:45:34.856000,31.85,31.8,31.85,7231607.0
2018-01-15 10:45:37.826000,31.85,31.8,31.85,7231607.0
2018-01-15 10:45:40.661000,31.85,31.8,31.85,7231607.0
2018-01-15 10:45:43.883000,31.85,31.8,31.85,7231607.0
2018-01-15 10:45:46.882000,31.85,31.8,31.85,7231607.0
2018-01-15 10:45:49.605000,31.85,31.8,31.85,7231607.0
2018-01-15 10:45:52.406000,31.85,31.8,31.85,7231607.0
2018-01-15 10:45:55.270000,31.85,31.8,31.85,7231607.0
2018-01-15 10:45:58.164000,31.85,31.8,31.85,7231607.0
2018-01-15 10:46:01.085000,31.85,31.8,31.85,7231607.0
2018-01-15 10:46:04.125000,31.85,31.8,31.85,7231607.0
2018-01-15 10:46:10.693000,31.85,31.8,31.85,7231607.0
2018-01-15 10:46:14.351000,31.85,31.8,31.85,7231607.0
2018-01-15 10:46:17.234000,31.85,31.8,31.85,7231607.0
2018-01-15 10:46:23.952000,31.85,31.8,31.85,7244607.0
2018-01-15 10:46:27.041000,31.85,31.8,31.85,7244607.0
2018-01-15 10:46:29.948000,31.85,31.8,31.85,7244607.0
2018-01-15 10:46:32.953000,31.85,31.8,31.85,7244607.0
2018-01-15 10:46:35.871000,31.85,31.8,31.85,7244607.0
2018-01-15 10:46:38.843000,31.85,31.8,31.85,7244607.0
2018-01-15 10:46:42.043000,31.85,31.8,31.85,7244607.0
2018-01-15 10:46:45.313000,31.85,31.8,31.85,7244607.0
2018-01-15 10:46:48.297000,31.85,31.8,31.85,7244607.0
2018-01-15 10:46:51.073000,31.85,31.8,31.85,7244607.0
2018-01-15 10:46:53.909000,31.85,31.8,31.85,7244607.0
2018-01-15 10:46:56.800000,31.85,31.8,31.85,7244607.0
2018-01-15 10:46:59.863000,31.85,31.8,31.85,7244607.0
2018-01-15 10:47:02.755000,31.85,31.8,31.85,7244607.0
2018-01-15 10:47:08.175000,31.85,31.8,31.85,7244607.0
2018-01-15 10:47:11.236000,31.85,31.8,31.85,7244607.0
2018-01-15 10:47:14.118000,31.85,31.8,31.85,7244607.0
2018-01-15 10:47:20.500000,31.85,31.8,31.85,7244607.0
2018-01-15 10:47:23.549000,31.85,31.8,31.85,7244607.0
2018-01-15 10:47:26.476000,31.85,31.8,31.85,7244607.0
2018-01-15 10:47:29.779000,31.85,31.8,31.85,7244607.0
2018-01-15 10:47:32.761000,31.85,31.8,31.85,7244607.0
2018-01-15 10:47:35.615000,31.85,31.8,31.85,7244607.0
2018-01-15 10:47:38.715000,31.85,31.8,31.85,7244607.0
2018-01-15 10:47:41.731000,31.85,31.8,31.85,7244607.0
2018-01-15 10:47:44.988000,31.85,31.8,31.85,7244607.0
2018-01-15 10:47:47.935000,31.85,31.8,31.85,7244607.0
2018-01-15 10:47:50.983000,31.85,31.8,31.85,7244607.0
2018-01-15 10:47:54.014000,31.85,31.8,31.85,7244607.0
2018-01-15 10:47:57.014000,31.85,31.8,31.85,7244607.0
2018-01-15 10:47:59.953000,31.85,31.8,31.85,7284607.0
2018-01-15 10:48:03.203000,31.85,31.8,31.85,7284607.0
2018-01-15 10:48:10.308000,31.85,31.8,31.85,7284607.0
2018-01-15 10:48:17.367000,31.85,31.8,31.85,7284607.0
2018-01-15 10:48:22.067000,31.85,31.8,31.85,7284607.0
2018-01-15 10:48:25.164000,31.85,31.8,31.85,7284607.0
2018-01-15 10:48:28.067000,31.85,31.8,31.85,7284607.0
2018-01-15 10:48:31.649000,31.85,31.8,31.85,7284607.0
2018-01-15 10:48:34.529000,31.85,31.8,31.85,7284607.0
2018-01-15 10:48:37.381000,31.85,31.8,31.85,7284607.0
2018-01-15 10:48:40.560000,31.85,31.8,31.85,7284607.0
2018-01-15 10:48:43.609000,31.85,31.8,31.85,7284607.0
2018-01-15 10:48:46.584000,31.85,31.8,31.85,7284607.0
2018-01-15 10:48:49.514000,31.85,31.8,31.85,7284607.0
2018-01-15 10:48:52.517000,31.85,31.8,31.85,7284607.0
2018-01-15 10:48:55.523000,31.85,31.8,31.85,7284607.0
2018-01-15 10:48:58.545000,31.85,31.8,31.85,7284607.0
2018-01-15 10:49:01.643000,31.85,31.8,31.85,7284607.0
2018-01-15 10:49:04.590000,31.85,31.8,31.85,7284607.0
2018-01-15 10:49:10.351000,31.85,31.8,31.85,7284607.0
2018-01-15 10:49:13.578000,31.85,31.8,31.85,7284607.0
2018-01-15 10:49:16.498000,31.85,31.8,31.85,7284607.0
2018-01-15 10:49:19.722000,31.85,31.8,31.85,7284607.0
2018-01-15 10:49:22.707000,31.85,31.8,31.85,7284607.0
2018-01-15 10:49:25.880000,31.85,31.8,31.85,7284607.0
2018-01-15 10:49:28.851000,31.85,31.8,31.85,7284607.0
2018-01-15 10:49:31.797000,31.85,31.8,31.85,7284607.0
2018-01-15 10:49:34.817000,31.85,31.8,31.85,7284607.0
2018-01-15 10:49:37.709000,31.85,31.8,31.85,7284607.0
2018-01-15 10:49:40.800000,31.85,31.8,31.85,7284607.0
2018-01-15 10:49:43.973000,31.85,31.8,31.85,7284607.0
2018-01-15 10:49:47.056000,31.85,31.8,31.85,7284607.0
2018-01-15 10:49:50.039000,31.85,31.8,31.85,7284607.0
2018-01-15 10:49:53.132000,31.85,31.8,31.85,7284607.0
2018-01-15 10:49:56.117000,31.85,31.8,31.85,7284607.0
2018-01-15 10:49:59.120000,31.85,31.8,31.85,7284607.0
2018-01-15 10:50:02.255000,31.8,31.8,31.85,7291107.0
2018-01-15 10:50:05.149000,31.8,31.8,31.85,7291107.0
2018-01-15 10:50:08.090000,31.8,31.8,31.85,7291107.0
2018-01-15 10:50:10.982000,31.8,31.8,31.85,7291107.0
2018-01-15 10:50:13.911000,31.8,31.8,31.85,7291107.0
2018-01-15 10:50:17.120000,31.8,31.8,31.85,7291107.0
2018-01-15 10:50:20.104000,31.8,31.8,31.85,7291107.0
2018-01-15 10:50:23.041000,31.8,31.8,31.85,7291107.0
2018-01-15 10:50:25.878000,31.8,31.8,31.85,7291107.0
2018-01-15 10:50:28.758000,31.8,31.8,31.85,7291107.0
2018-01-15 10:50:31.732000,31.8,31.8,31.85,7291107.0
2018-01-15 10:50:34.520000,31.8,31.8,31.85,7291107.0
2018-01-15 10:50:37.416000,31.8,31.8,31.85,7291107.0
2018-01-15 10:50:40.441000,31.8,31.8,31.85,7291107.0
2018-01-15 10:50:43.231000,31.8,31.8,31.85,7291107.0
2018-01-15 10:50:46.276000,31.8,31.8,31.85,7291107.0
2018-01-15 10:50:49.502000,31.8,31.8,31.85,7291107.0
2018-01-15 10:50:52.398000,31.8,31.8,31.85,7291107.0
2018-01-15 10:50:55.253000,31.8,31.8,31.85,7291107.0
2018-01-15 10:50:58.413000,31.8,31.8,31.85,7291107.0
2018-01-15 10:51:01.337000,31.8,31.8,31.85,7291107.0
2018-01-15 10:51:04.312000,31.8,31.8,31.85,7291107.0
2018-01-15 10:51:07.020000,31.8,31.8,31.85,7291107.0
2018-01-15 10:51:09.954000,31.8,31.8,31.85,7291107.0
2018-01-15 10:51:15.784000,31.8,31.8,31.85,7291107.0
2018-01-15 10:51:18.767000,31.8,31.8,31.85,7291107.0
2018-01-15 10:51:21.864000,31.8,31.8,31.85,7291107.0
2018-01-15 10:51:25.015000,31.8,31.8,31.85,7291107.0
2018-01-15 10:51:28.204000,31.8,31.8,31.85,7291107.0
2018-01-15 10:51:31.368000,31.8,31.8,31.85,7291107.0
2018-01-15 10:51:34.619000,31.8,31.8,31.85,7291107.0
2018-01-15 10:51:37.578000,31.8,31.8,31.85,7291107.0
2018-01-15 10:51:40.986000,31.8,31.8,31.85,7291607.0
2018-01-15 10:51:44.002000,31.8,31.8,31.85,7291607.0
2018-01-15 10:51:46.912000,31.8,31.8,31.85,7291607.0
2018-01-15 10:51:49.861000,31.8,31.8,31.85,7291607.0
2018-01-15 10:51:53.304000,31.8,31.8,31.85,7291607.0
2018-01-15 10:51:56.300000,31.8,31.8,31.85,7291607.0
2018-01-15 10:51:59.427000,31.8,31.8,31.85,7291607.0
2018-01-15 10:52:02.576000,31.8,31.8,31.85,7291607.0
2018-01-15 10:52:09.441000,31.8,31.8,31.85,7291607.0
2018-01-15 10:52:12.393000,31.8,31.8,31.85,7291607.0
2018-01-15 10:52:15.499000,31.8,31.8,31.85,7291607.0
2018-01-15 10:52:18.454000,31.8,31.8,31.85,7291607.0
2018-01-15 10:52:23.180000,31.8,31.8,31.85,7291607.0
2018-01-15 10:52:26.134000,31.8,31.8,31.85,7291607.0
2018-01-15 10:52:29.209000,31.8,31.8,31.85,7291607.0
2018-01-15 10:52:32.128000,31.8,31.8,31.85,7291607.0
2018-01-15 10:52:35.239000,31.8,31.8,31.85,7291607.0
2018-01-15 10:52:38.222000,31.8,31.8,31.85,7291607.0
2018-01-15 10:52:41.158000,31.8,31.8,31.85,7291607.0
2018-01-15 10:52:44.040000,31.8,31.8,31.85,7291607.0
2018-01-15 10:52:47.149000,31.8,31.8,31.85,7291607.0
2018-01-15 10:52:50.499000,31.8,31.8,31.85,7291607.0
2018-01-15 10:52:53.423000,31.8,31.8,31.85,7291607.0
2018-01-15 10:52:56.257000,31.8,31.8,31.85,7291607.0
2018-01-15 10:52:59.241000,31.8,31.8,31.85,7291607.0
2018-01-15 10:53:02.247000,31.8,31.8,31.85,7291607.0
2018-01-15 10:53:05.127000,31.8,31.8,31.85,7291607.0
2018-01-15 10:53:08.004000,31.8,31.8,31.85,7291607.0
2018-01-15 10:53:13.955000,31.8,31.8,31.85,7291607.0
2018-01-15 10:53:17.300000,31.8,31.8,31.85,7291607.0
2018-01-15 10:53:20.280000,31.8,31.8,31.85,7291607.0
2018-01-15 10:53:23.464000,31.8,31.8,31.85,7291607.0
2018-01-15 10:53:26.523000,31.8,31.8,31.85,7291607.0
2018-01-15 10:53:29.664000,31.8,31.8,31.85,7291607.0
2018-01-15 10:53:32.903000,31.8,31.8,31.85,7291607.0
2018-01-15 10:53:35.875000,31.8,31.8,31.85,7291607.0
2018-01-15 10:53:38.915000,31.8,31.8,31.85,7291607.0
2018-01-15 10:53:41.973000,31.8,31.8,31.85,7291607.0
2018-01-15 10:53:44.936000,31.8,31.8,31.85,7326107.0
2018-01-15 10:53:47.906000,31.8,31.8,31.85,7326107.0
2018-01-15 10:53:50.844000,31.8,31.8,31.85,7326107.0
2018-01-15 10:53:53.704000,31.8,31.8,31.85,7326107.0
2018-01-15 10:53:56.602000,31.8,31.8,31.85,7326107.0
2018-01-15 10:53:59.650000,31.8,31.8,31.85,7326107.0
2018-01-15 10:54:02.616000,31.8,31.8,31.85,7326107.0
2018-01-15 10:54:05.556000,31.8,31.8,31.85,7326107.0
2018-01-15 10:54:12.629000,31.8,31.8,31.85,7326107.0
2018-01-15 10:54:15.570000,31.8,31.8,31.85,7326107.0
2018-01-15 10:54:18.503000,31.8,31.8,31.85,7576107.0
2018-01-15 10:54:21.504000,31.8,31.8,31.85,7576107.0
2018-01-15 10:54:24.475000,31.8,31.75,31.8,7636107.0
2018-01-15 10:54:27.724000,31.8,31.75,31.8,7636107.0
2018-01-15 10:54:30.835000,31.8,31.75,31.8,7636107.0
2018-01-15 10:54:34.017000,31.8,31.75,31.8,7636107.0
2018-01-15 10:54:36.958000,31.8,31.75,31.8,7840607.0
2018-01-15 10:54:39.814000,31.8,31.75,31.8,7840607.0
2018-01-15 10:54:43.165000,31.8,31.75,31.8,7840607.0
2018-01-15 10:54:46.011000,31.8,31.75,31.8,7840607.0
2018-01-15 10:54:49.167000,31.8,31.75,31.8,7840607.0
2018-01-15 10:54:52.354000,31.8,31.75,31.8,7840607.0
2018-01-15 10:54:55.199000,31.8,31.75,31.8,7840607.0
2018-01-15 10:54:58.110000,31.8,31.75,31.8,7840607.0
2018-01-15 10:55:00.939000,31.8,31.75,31.8,7840607.0
2018-01-15 10:55:03.985000,31.8,31.75,31.8,7840607.0
2018-01-15 10:55:10.017000,31.8,31.75,31.8,7840607.0
2018-01-15 10:55:12.918000,31.8,31.75,31.8,7840607.0
2018-01-15 10:55:15.774000,31.8,31.75,31.8,7840607.0
2018-01-15 10:55:18.582000,31.8,31.75,31.8,7840607.0
2018-01-15 10:55:21.644000,31.8,31.75,31.8,7840607.0
2018-01-15 10:55:24.476000,31.8,31.75,31.8,7840607.0
2018-01-15 10:55:27.366000,31.8,31.75,31.8,7840607.0
2018-01-15 10:55:30.419000,31.8,31.75,31.8,7840607.0
2018-01-15 10:55:33.400000,31.8,31.75,31.8,7840607.0
2018-01-15 10:55:36.241000,31.8,31.75,31.8,7840607.0
2018-01-15 10:55:39.343000,31.8,31.75,31.8,7840607.0
2018-01-15 10:55:42.241000,31.8,31.75,31.8,7840607.0
2018-01-15 10:55:45.009000,31.8,31.75,31.8,7840607.0
2018-01-15 10:55:47.883000,31.8,31.75,31.8,7840607.0
2018-01-15 10:55:50.805000,31.8,31.75,31.8,7844107.0
2018-01-15 10:55:53.513000,31.8,31.75,31.8,7844107.0
2018-01-15 10:55:56.457000,31.8,31.75,31.8,7844107.0
2018-01-15 10:55:59.409000,31.8,31.75,31.8,7844107.0
2018-01-15 10:56:02.729000,31.8,31.75,31.8,7844107.0
2018-01-15 10:56:05.787000,31.8,31.75,31.8,7844107.0
2018-01-15 10:56:08.609000,31.8,31.75,31.8,7844107.0
2018-01-15 10:56:11.396000,31.8,31.75,31.8,7844107.0
2018-01-15 10:56:18.716000,31.8,31.75,31.8,7844107.0
2018-01-15 10:56:21.820000,31.8,31.75,31.8,7844107.0
2018-01-15 10:56:24.897000,31.8,31.75,31.8,7844107.0
2018-01-15 10:56:27.999000,31.8,31.75,31.8,7844107.0
2018-01-15 10:56:30.878000,31.8,31.75,31.8,7844107.0
2018-01-15 10:56:33.750000,31.8,31.75,31.8,7844107.0
2018-01-15 10:56:36.626000,31.8,31.75,31.8,7844107.0
2018-01-15 10:56:39.629000,31.8,31.75,31.8,7844107.0
2018-01-15 10:56:42.486000,31.8,31.75,31.8,7844107.0
2018-01-15 10:57:20.458000,31.8,31.75,31.8,7850107.0
2018-01-15 10:57:23.442000,31.8,31.75,31.8,7850107.0
2018-01-15 10:57:26.353000,31.8,31.75,31.8,7850107.0
2018-01-15 10:57:29.402000,31.8,31.75,31.8,7850107.0
2018-01-15 10:57:32.221000,31.8,31.75,31.8,7850107.0
2018-01-15 10:57:35.312000,31.8,31.75,31.8,7850107.0
2018-01-15 10:57:38.119000,31.8,31.75,31.8,7850107.0
2018-01-15 10:57:41.083000,31.8,31.75,31.8,7850107.0
2018-01-15 10:57:44.010000,31.8,31.75,31.8,7850107.0
2018-01-15 10:57:47.025000,31.8,31.75,31.8,7850107.0
2018-01-15 10:57:50.231000,31.8,31.75,31.8,7850107.0
2018-01-15 10:57:53.253000,31.8,31.75,31.8,7850107.0
2018-01-15 10:57:56.261000,31.8,31.75,31.8,7850107.0
2018-01-15 10:57:59.156000,31.8,31.75,31.8,7850107.0
2018-01-15 10:58:01.921000,31.8,31.75,31.8,7850107.0
2018-01-15 10:58:06.243000,31.8,31.75,31.8,7850107.0
2018-01-15 10:58:09.027000,31.8,31.75,31.8,7850107.0
2018-01-15 10:58:11.979000,31.8,31.75,31.8,7850107.0
2018-01-15 10:58:17.946000,31.8,31.75,31.8,7852607.0
2018-01-15 10:58:20.883000,31.8,31.75,31.8,7852607.0
2018-01-15 10:58:23.791000,31.8,31.75,31.8,7852607.0
2018-01-15 10:58:26.822000,31.8,31.75,31.8,7852607.0
2018-01-15 10:58:29.762000,31.8,31.75,31.8,7852607.0
2018-01-15 10:58:32.973000,31.8,31.75,31.8,7852607.0
2018-01-15 10:58:35.855000,31.8,31.75,31.8,7852607.0
2018-01-15 10:58:38.805000,31.8,31.75,31.8,7852607.0
2018-01-15 10:58:41.700000,31.8,31.75,31.8,7852607.0
2018-01-15 10:58:44.577000,31.8,31.75,31.8,7852607.0
2018-01-15 10:58:47.622000,31.8,31.75,31.8,7852607.0
2018-01-15 10:58:50.528000,31.8,31.75,31.8,7852607.0
2018-01-15 10:58:53.283000,31.8,31.75,31.8,7852607.0
2018-01-15 10:58:56.088000,31.8,31.75,31.8,7852607.0
2018-01-15 10:58:58.896000,31.8,31.75,31.8,7852607.0
2018-01-15 10:59:01.666000,31.8,31.75,31.8,7852607.0
2018-01-15 10:59:04.655000,31.8,31.75,31.8,7852607.0
2018-01-15 10:59:14.825000,31.8,31.75,31.8,7852607.0
2018-01-15 10:59:17.858000,31.8,31.75,31.8,7856607.0
2018-01-15 10:59:20.832000,31.8,31.75,31.8,7856607.0
2018-01-15 10:59:23.983000,31.8,31.75,31.8,7856607.0
2018-01-15 10:59:26.972000,31.8,31.75,31.8,7856607.0
2018-01-15 10:59:29.927000,31.8,31.75,31.8,7856607.0
2018-01-15 10:59:32.973000,31.8,31.75,31.8,7856607.0
2018-01-15 10:59:35.835000,31.8,31.75,31.8,7856607.0
2018-01-15 10:59:38.682000,31.8,31.75,31.8,7856607.0
2018-01-15 10:59:41.585000,31.8,31.75,31.8,7856607.0
2018-01-15 10:59:44.476000,31.8,31.75,31.8,7856607.0
2018-01-15 10:59:47.524000,31.8,31.75,31.8,7856607.0
2018-01-15 10:59:50.474000,31.8,31.75,31.8,7856607.0
2018-01-15 10:59:53.345000,31.8,31.75,31.8,7856607.0
2018-01-15 10:59:56.734000,31.8,31.75,31.8,7856607.0
2018-01-15 10:59:59.676000,31.8,31.75,31.8,7856607.0
2018-01-15 11:00:02.831000,31.8,31.75,31.8,7856607.0
2018-01-15 11:00:05.766000,31.8,31.75,31.8,7856607.0
2018-01-15 11:00:09.134000,31.8,31.75,31.8,7856607.0
2018-01-15 11:00:12.122000,31.8,31.75,31.8,7856607.0
2018-01-15 11:00:14.974000,31.8,31.75,31.8,7856607.0
2018-01-15 11:00:18.679000,31.8,31.75,31.8,7856607.0
2018-01-15 11:00:21.753000,31.8,31.75,31.8,7856607.0
2018-01-15 11:00:25.173000,31.8,31.75,31.8,7856607.0
2018-01-15 11:00:28.120000,31.8,31.75,31.8,7856607.0
2018-01-15 11:00:31.082000,31.8,31.75,31.8,7856607.0
2018-01-15 11:00:34.055000,31.75,31.75,31.8,7860607.0
2018-01-15 11:00:36.995000,31.75,31.75,31.8,7860607.0
2018-01-15 11:00:39.818000,31.75,31.75,31.8,7860607.0
2018-01-15 11:00:42.816000,31.75,31.75,31.8,7860607.0
2018-01-15 11:00:45.800000,31.75,31.75,31.8,7860607.0
2018-01-15 11:00:48.755000,31.75,31.75,31.8,7860607.0
2018-01-15 11:00:51.494000,31.75,31.75,31.8,7860607.0
2018-01-15 11:00:54.542000,31.75,31.75,31.8,7860607.0
2018-01-15 11:00:57.549000,31.75,31.75,31.8,7860607.0
2018-01-15 11:01:00.364000,31.75,31.75,31.8,7860607.0
2018-01-15 11:01:03.194000,31.75,31.75,31.8,7860607.0
2018-01-15 11:01:06.159000,31.75,31.75,31.8,7860607.0
2018-01-15 11:01:12.036000,31.75,31.75,31.8,7860607.0
2018-01-15 11:01:15.066000,31.75,31.75,31.8,7860607.0
2018-01-15 11:01:21.338000,31.75,31.75,31.8,7860607.0
2018-01-15 11:01:24.128000,31.75,31.75,31.8,7860607.0
2018-01-15 11:01:27.124000,31.75,31.75,31.8,7860607.0
2018-01-15 11:01:29.977000,31.75,31.75,31.8,7860607.0
2018-01-15 11:01:32.975000,31.75,31.75,31.8,7860607.0
2018-01-15 11:01:35.895000,31.75,31.75,31.8,7860827.0
2018-01-15 11:01:38.763000,31.75,31.75,31.8,7860827.0
2018-01-15 11:01:41.645000,31.75,31.75,31.8,7860827.0
2018-01-15 11:01:44.595000,31.75,31.75,31.8,7860827.0
2018-01-15 11:01:47.407000,31.75,31.75,31.8,7860827.0
2018-01-15 11:01:50.533000,31.75,31.75,31.8,7860827.0
2018-01-15 11:01:53.450000,31.75,31.75,31.8,7860827.0
2018-01-15 11:01:56.383000,31.75,31.75,31.8,7860827.0
2018-01-15 11:01:59.625000,31.75,31.75,31.8,7860827.0
2018-01-15 11:02:02.709000,31.75,31.75,31.8,7860827.0
2018-01-15 11:02:06.048000,31.75,31.75,31.8,7860827.0
2018-01-15 11:02:08.949000,31.75,31.75,31.8,7860827.0
2018-01-15 11:02:11.986000,31.75,31.75,31.8,7860827.0
2018-01-15 11:02:14.914000,31.75,31.75,31.8,7860827.0
2018-01-15 11:02:17.898000,31.75,31.75,31.8,7860827.0
2018-01-15 11:02:20.919000,31.75,31.75,31.8,7860827.0
2018-01-15 11:02:23.779000,31.75,31.75,31.8,7860827.0
2018-01-15 11:02:26.706000,31.75,31.75,31.8,7860827.0
2018-01-15 11:02:29.707000,31.75,31.75,31.8,7874435.0
2018-01-15 11:02:32.710000,31.75,31.75,31.8,7874435.0
2018-01-15 11:02:35.679000,31.75,31.75,31.8,7874435.0
2018-01-15 11:02:38.659000,31.75,31.75,31.8,7874435.0
2018-01-15 11:02:41.527000,31.75,31.75,31.8,7874435.0
2018-01-15 11:02:44.406000,31.75,31.75,31.8,7874435.0
2018-01-15 11:02:47.568000,31.75,31.75,31.8,7874435.0
2018-01-15 11:02:50.675000,31.75,31.75,31.8,7874435.0
2018-01-15 11:02:53.779000,31.75,31.75,31.8,7874435.0
2018-01-15 11:02:56.736000,31.75,31.75,31.8,7874435.0
2018-01-15 11:03:00.040000,31.75,31.75,31.8,7874435.0
2018-01-15 11:03:03.098000,31.75,31.75,31.8,7874435.0
2018-01-15 11:03:06.290000,31.75,31.75,31.8,7874435.0
2018-01-15 11:03:09.373000,31.75,31.75,31.8,7874435.0
2018-01-15 11:03:12.344000,31.75,31.75,31.8,7874435.0
2018-01-15 11:03:15.473000,31.75,31.75,31.8,7874435.0
2018-01-15 11:03:18.585000,31.75,31.75,31.8,7874435.0
2018-01-15 11:03:21.496000,31.75,31.75,31.8,7874435.0
2018-01-15 11:03:24.731000,31.75,31.75,31.8,7874435.0
2018-01-15 11:03:27.789000,31.75,31.75,31.8,7874435.0
2018-01-15 11:03:30.735000,31.75,31.75,31.8,7874435.0
2018-01-15 11:03:33.701000,31.75,31.75,31.8,7874435.0
2018-01-15 11:03:36.771000,31.75,31.75,31.8,7874435.0
2018-01-15 11:03:39.682000,31.75,31.75,31.8,7874435.0
2018-01-15 11:03:42.714000,31.75,31.75,31.8,7906935.0
2018-01-15 11:03:45.530000,31.8,31.8,31.85,8167935.0
2018-01-15 11:03:48.491000,31.8,31.8,31.85,8167935.0
2018-01-15 11:03:51.581000,31.8,31.8,31.85,8167935.0
2018-01-15 11:03:54.522000,31.8,31.8,31.85,8167935.0
2018-01-15 11:03:57.576000,31.8,31.8,31.85,8167935.0
2018-01-15 11:04:00.548000,31.8,31.8,31.85,8167935.0
2018-01-15 11:04:03.698000,31.8,31.8,31.85,8167935.0
2018-01-15 11:04:06.861000,31.8,31.8,31.85,8272935.0
2018-01-15 11:04:10.165000,31.8,31.8,31.85,8272935.0
2018-01-15 11:04:14.345000,31.8,31.8,31.85,8272935.0
2018-01-15 11:04:17.863000,31.8,31.8,31.85,8272935.0
2018-01-15 11:04:20.875000,31.8,31.8,31.85,8272935.0
2018-01-15 11:04:23.947000,31.8,31.8,31.85,8272935.0
2018-01-15 11:04:27.043000,31.8,31.8,31.85,8272935.0
2018-01-15 11:04:29.928000,31.8,31.8,31.85,8272935.0
2018-01-15 11:04:32.988000,31.8,31.8,31.85,8272935.0
2018-01-15 11:04:35.966000,31.8,31.8,31.85,8272935.0
2018-01-15 11:04:38.875000,31.8,31.8,31.85,8272935.0
2018-01-15 11:04:41.748000,31.8,31.8,31.85,8272935.0
2018-01-15 11:04:44.993000,31.8,31.8,31.85,8272935.0
2018-01-15 11:04:48.020000,31.8,31.8,31.85,8272935.0
2018-01-15 11:04:50.986000,31.8,31.8,31.85,8272935.0
2018-01-15 11:04:54.077000,31.8,31.8,31.85,8272935.0
2018-01-15 11:04:57.158000,31.8,31.8,31.85,8272935.0
2018-01-15 11:05:00.535000,31.8,31.8,31.85,8272935.0
2018-01-15 11:05:03.726000,31.8,31.8,31.85,8272935.0
2018-01-15 11:05:10.847000,31.8,31.8,31.85,8272935.0
2018-01-15 11:05:13.840000,31.8,31.8,31.85,8272935.0
2018-01-15 11:05:16.793000,31.8,31.8,31.85,8272935.0
2018-01-15 11:05:20.357000,31.8,31.8,31.85,8272935.0
2018-01-15 11:05:23.636000,31.8,31.8,31.85,8272935.0
2018-01-15 11:05:26.695000,31.8,31.8,31.85,8289435.0
2018-01-15 11:05:29.716000,31.8,31.8,31.85,8289435.0
2018-01-15 11:05:32.633000,31.8,31.8,31.85,8289435.0
2018-01-15 11:05:35.633000,31.8,31.8,31.85,8289435.0
2018-01-15 11:05:38.895000,31.8,31.8,31.85,8289435.0
2018-01-15 11:05:42.016000,31.8,31.8,31.85,8289435.0
2018-01-15 11:05:45.011000,31.8,31.8,31.85,8289435.0
2018-01-15 11:05:48.141000,31.8,31.8,31.85,8289435.0
2018-01-15 11:05:50.875000,31.8,31.8,31.85,8289435.0
2018-01-15 11:05:53.844000,31.8,31.8,31.85,8289435.0
2018-01-15 11:05:56.781000,31.8,31.8,31.85,8289435.0
2018-01-15 11:05:59.724000,31.8,31.75,31.8,8455535.0
2018-01-15 11:06:02.773000,31.8,31.75,31.8,8455535.0
2018-01-15 11:06:09.294000,31.8,31.75,31.8,8455535.0
2018-01-15 11:06:12.684000,31.8,31.75,31.8,8455535.0
2018-01-15 11:06:16.260000,31.8,31.75,31.8,8455535.0
2018-01-15 11:06:19.361000,31.8,31.75,31.8,8455535.0
2018-01-15 11:06:22.304000,31.8,31.75,31.8,8455535.0
2018-01-15 11:06:25.163000,31.8,31.75,31.8,8455535.0
2018-01-15 11:06:27.923000,31.8,31.75,31.8,8455535.0
2018-01-15 11:06:30.775000,31.8,31.75,31.8,8455535.0
2018-01-15 11:06:33.833000,31.8,31.75,31.8,8455535.0
2018-01-15 11:06:36.763000,31.8,31.75,31.8,8455535.0
2018-01-15 11:06:39.585000,31.8,31.75,31.8,8665035.0
2018-01-15 11:06:42.556000,31.8,31.75,31.8,8665035.0
2018-01-15 11:06:45.254000,31.8,31.75,31.8,8665035.0
2018-01-15 11:06:48.195000,31.8,31.75,31.8,8665035.0
2018-01-15 11:06:50.997000,31.8,31.75,31.8,8665035.0
2018-01-15 11:06:53.995000,31.8,31.75,31.8,8665035.0
2018-01-15 11:06:56.841000,31.8,31.75,31.8,8665035.0
2018-01-15 11:06:59.701000,31.8,31.75,31.8,8665035.0
2018-01-15 11:07:02.786000,31.8,31.75,31.8,8665035.0
2018-01-15 11:07:05.594000,31.8,31.75,31.8,8665035.0
2018-01-15 11:07:09.285000,31.8,31.75,31.8,8665035.0
2018-01-15 11:07:14.358000,31.8,31.75,31.8,8665035.0
2018-01-15 11:07:17.388000,31.8,31.75,31.8,8665035.0
2018-01-15 11:07:20.753000,31.8,31.75,31.8,8665035.0
2018-01-15 11:07:23.716000,31.8,31.75,31.8,8665035.0
2018-01-15 11:07:26.660000,31.8,31.75,31.8,8665035.0
2018-01-15 11:07:29.595000,31.8,31.75,31.8,8665035.0
2018-01-15 11:07:32.417000,31.8,31.75,31.8,8665035.0
2018-01-15 11:07:35.245000,31.8,31.75,31.8,8665035.0
2018-01-15 11:07:38.070000,31.8,31.75,31.8,8665035.0
2018-01-15 11:07:41.044000,31.8,31.75,31.8,8665035.0
2018-01-15 11:07:43.765000,31.8,31.75,31.8,8665035.0
2018-01-15 11:07:46.676000,31.8,31.75,31.8,8665035.0
2018-01-15 11:07:49.551000,31.8,31.75,31.8,8665035.0
2018-01-15 11:07:52.452000,31.8,31.75,31.8,8665035.0
2018-01-15 11:07:55.171000,31.8,31.75,31.8,8665035.0
2018-01-15 11:07:58.123000,31.8,31.75,31.8,8665035.0
2018-01-15 11:08:01.082000,31.8,31.75,31.8,8665035.0
2018-01-15 11:08:03.944000,31.8,31.75,31.8,8665035.0
2018-01-15 11:08:11.084000,31.8,31.75,31.8,8665035.0
2018-01-15 11:08:13.996000,31.8,31.75,31.8,8665035.0
2018-01-15 11:08:17.582000,31.8,31.75,31.8,8665035.0
2018-01-15 11:08:20.715000,31.8,31.75,31.8,8665035.0
2018-01-15 11:08:23.609000,31.8,31.75,31.8,8665035.0
2018-01-15 11:08:26.510000,31.8,31.75,31.8,8665035.0
2018-01-15 11:08:29.387000,31.8,31.75,31.8,8665035.0
2018-01-15 11:08:32.033000,31.8,31.75,31.8,8665035.0
2018-01-15 11:08:35.028000,31.8,31.75,31.8,8665035.0
2018-01-15 11:08:37.894000,31.8,31.8,31.85,8669255.0
2018-01-15 11:08:40.742000,31.8,31.8,31.85,8669255.0
2018-01-15 11:08:43.546000,31.8,31.8,31.85,8669255.0
2018-01-15 11:08:46.396000,31.8,31.8,31.85,8669255.0
2018-01-15 11:08:49.433000,31.8,31.8,31.85,8669255.0
2018-01-15 11:08:52.492000,31.8,31.8,31.85,8669255.0
2018-01-15 11:08:55.286000,31.8,31.8,31.85,8669255.0
2018-01-15 11:08:58.160000,31.8,31.8,31.85,8669255.0
2018-01-15 11:09:00.919000,31.8,31.8,31.85,8669255.0
2018-01-15 11:09:04.080000,31.8,31.8,31.85,8669255.0
2018-01-15 11:09:06.898000,31.8,31.8,31.85,8669255.0
2018-01-15 11:09:10.010000,31.8,31.8,31.85,8669255.0
2018-01-15 11:09:12.899000,31.8,31.8,31.85,8669255.0
2018-01-15 11:09:15.797000,31.8,31.8,31.85,8669255.0
2018-01-15 11:09:18.681000,31.8,31.8,31.85,8669255.0
2018-01-15 11:09:21.560000,31.8,31.8,31.85,8669255.0
2018-01-15 11:09:24.561000,31.8,31.8,31.85,8669255.0
2018-01-15 11:09:27.541000,31.8,31.8,31.85,8669255.0
2018-01-15 11:09:30.469000,31.8,31.8,31.85,8669255.0
2018-01-15 11:09:33.409000,31.8,31.8,31.85,8669255.0
2018-01-15 11:09:36.380000,31.8,31.8,31.85,8669255.0
2018-01-15 11:09:39.351000,31.8,31.8,31.85,8669255.0
2018-01-15 11:09:42.108000,31.8,31.8,31.85,8738755.0
2018-01-15 11:09:44.901000,31.8,31.8,31.85,8738755.0
2018-01-15 11:09:47.724000,31.8,31.8,31.85,8738755.0
2018-01-15 11:09:50.477000,31.8,31.8,31.85,8738755.0
2018-01-15 11:09:53.451000,31.8,31.8,31.85,8738755.0
2018-01-15 11:09:56.363000,31.8,31.8,31.85,8738755.0
2018-01-15 11:09:59.298000,31.8,31.8,31.85,8738755.0
2018-01-15 11:10:02.013000,31.8,31.8,31.85,8738755.0
2018-01-15 11:10:04.915000,31.8,31.8,31.85,8738755.0
2018-01-15 11:10:07.730000,31.8,31.8,31.85,8738755.0
2018-01-15 11:10:14.720000,31.8,31.8,31.85,8738755.0
2018-01-15 11:10:17.480000,31.8,31.8,31.85,8738755.0
2018-01-15 11:10:20.363000,31.8,31.8,31.85,8738755.0
2018-01-15 11:10:23.244000,31.8,31.8,31.85,8738755.0
2018-01-15 11:10:25.919000,31.8,31.8,31.85,8738755.0
2018-01-15 11:10:28.849000,31.8,31.8,31.85,8738755.0
2018-01-15 11:10:31.721000,31.8,31.8,31.85,8738755.0
2018-01-15 11:10:34.740000,31.8,31.8,31.85,8738755.0
2018-01-15 11:10:37.668000,31.8,31.8,31.85,8738755.0
2018-01-15 11:10:40.775000,31.8,31.8,31.85,8738755.0
2018-01-15 11:10:43.585000,31.8,31.8,31.85,8738755.0
2018-01-15 11:10:46.403000,31.8,31.8,31.85,8738755.0
2018-01-15 11:10:49.318000,31.8,31.8,31.85,8738755.0
2018-01-15 11:10:52.130000,31.8,31.8,31.85,8738755.0
2018-01-15 11:10:55.072000,31.8,31.8,31.85,8738755.0
2018-01-15 11:10:57.909000,31.8,31.8,31.85,8738755.0
2018-01-15 11:11:00.919000,31.8,31.8,31.85,8744255.0
2018-01-15 11:11:03.863000,31.8,31.8,31.85,8744255.0
2018-01-15 11:11:09.749000,31.8,31.8,31.85,8744255.0
2018-01-15 11:11:12.689000,31.8,31.8,31.85,8744255.0
2018-01-15 11:11:15.588000,31.8,31.8,31.85,8744255.0
2018-01-15 11:11:18.441000,31.8,31.8,31.85,8744255.0
2018-01-15 11:11:21.230000,31.8,31.8,31.85,8744255.0
2018-01-15 11:11:24.150000,31.8,31.8,31.85,8744255.0
2018-01-15 11:11:27.332000,31.8,31.8,31.85,8744255.0
2018-01-15 11:11:30.205000,31.8,31.8,31.85,8744255.0
2018-01-15 11:11:33.034000,31.8,31.8,31.85,8744255.0
2018-01-15 11:11:35.793000,31.8,31.8,31.85,8744255.0
2018-01-15 11:11:38.668000,31.8,31.8,31.85,8744255.0
2018-01-15 11:11:41.430000,31.8,31.8,31.85,8744255.0
2018-01-15 11:11:44.364000,31.8,31.8,31.85,8744255.0
2018-01-15 11:11:47.223000,31.8,31.8,31.85,8744255.0
2018-01-15 11:11:50.120000,31.8,31.8,31.85,8744255.0
2018-01-15 11:11:53.061000,31.8,31.8,31.85,8744255.0
2018-01-15 11:11:56.184000,31.8,31.8,31.85,8744255.0
2018-01-15 11:11:59.240000,31.8,31.8,31.85,8744255.0
2018-01-15 11:12:02.215000,31.8,31.8,31.85,8744255.0
2018-01-15 11:12:05.153000,31.8,31.8,31.85,8744255.0
2018-01-15 11:12:08.060000,31.8,31.8,31.85,8744255.0
2018-01-15 11:12:10.954000,31.8,31.8,31.85,8744255.0
2018-01-15 11:12:13.825000,31.8,31.8,31.85,8744255.0
2018-01-15 11:12:17.028000,31.8,31.8,31.85,8744255.0
2018-01-15 11:12:19.902000,31.8,31.8,31.85,8744255.0
2018-01-15 11:12:23.072000,31.8,31.8,31.85,8744255.0
2018-01-15 11:12:25.861000,31.8,31.8,31.85,8744255.0
2018-01-15 11:12:29.073000,31.8,31.8,31.85,8744255.0
2018-01-15 11:12:31.952000,31.8,31.8,31.85,8744255.0
2018-01-15 11:12:34.913000,31.8,31.8,31.85,8744255.0
2018-01-15 11:12:39.203000,31.8,31.8,31.85,8744255.0
2018-01-15 11:12:42.004000,31.8,31.8,31.85,8744255.0
2018-01-15 11:12:44.852000,31.8,31.8,31.85,8744255.0
2018-01-15 11:12:48.570000,31.8,31.8,31.85,8744255.0
2018-01-15 11:12:51.460000,31.8,31.8,31.85,8744255.0
2018-01-15 11:12:54.424000,31.8,31.8,31.85,8744255.0
2018-01-15 11:12:57.449000,31.8,31.8,31.85,8744255.0
2018-01-15 11:13:00.354000,31.8,31.8,31.85,8744255.0
2018-01-15 11:13:03.502000,31.8,31.8,31.85,8744255.0
2018-01-15 11:13:08.065000,31.8,31.8,31.85,8744255.0
2018-01-15 11:13:10.892000,31.8,31.8,31.85,8744255.0
2018-01-15 11:13:13.802000,31.8,31.8,31.85,8745255.0
2018-01-15 11:13:16.587000,31.8,31.8,31.85,8745255.0
2018-01-15 11:13:19.583000,31.8,31.8,31.85,8745255.0
2018-01-15 11:13:22.652000,31.8,31.8,31.85,8745255.0
2018-01-15 11:13:25.640000,31.8,31.8,31.85,8745255.0
2018-01-15 11:13:28.641000,31.8,31.8,31.85,8745255.0
2018-01-15 11:13:31.436000,31.8,31.8,31.85,8745255.0
2018-01-15 11:13:34.250000,31.8,31.8,31.85,8745255.0
2018-01-15 11:13:37.081000,31.8,31.8,31.85,8745255.0
2018-01-15 11:13:39.993000,31.8,31.8,31.85,8745255.0
2018-01-15 11:13:42.876000,31.8,31.8,31.85,8745255.0
2018-01-15 11:13:45.862000,31.8,31.8,31.85,8745255.0
2018-01-15 11:13:48.723000,31.8,31.8,31.85,8745255.0
2018-01-15 11:13:51.723000,31.8,31.8,31.85,8745255.0
2018-01-15 11:13:54.518000,31.8,31.8,31.85,8745255.0
2018-01-15 11:13:57.353000,31.8,31.8,31.85,8745255.0
2018-01-15 11:14:00.323000,31.8,31.8,31.85,8745255.0
2018-01-15 11:14:03.305000,31.8,31.8,31.85,8745255.0
2018-01-15 11:14:10.256000,31.8,31.8,31.85,8745255.0
2018-01-15 11:14:14.396000,31.8,31.8,31.85,8745255.0
2018-01-15 11:14:17.135000,31.8,31.8,31.85,8745255.0
2018-01-15 11:14:20.042000,31.8,31.8,31.85,8745255.0
2018-01-15 11:14:22.776000,31.8,31.8,31.85,8745255.0
2018-01-15 11:14:25.932000,31.8,31.8,31.85,8745255.0
2018-01-15 11:14:28.920000,31.8,31.8,31.85,8745255.0
2018-01-15 11:14:31.792000,31.85,31.8,31.85,8805255.0
2018-01-15 11:14:34.689000,31.85,31.8,31.85,8805255.0
2018-01-15 11:14:37.464000,31.85,31.8,31.85,8805255.0
2018-01-15 11:14:40.289000,31.85,31.8,31.85,8805255.0
2018-01-15 11:14:43.085000,31.85,31.8,31.85,8805255.0
2018-01-15 11:14:45.962000,31.85,31.8,31.85,8805255.0
2018-01-15 11:14:49.105000,31.85,31.8,31.85,8805255.0
2018-01-15 11:14:52.018000,31.85,31.8,31.85,8805255.0
2018-01-15 11:14:54.815000,31.85,31.8,31.85,8805255.0
2018-01-15 11:14:57.627000,31.85,31.8,31.85,8805255.0
2018-01-15 11:15:00.594000,31.85,31.8,31.85,8805255.0
2018-01-15 11:15:03.461000,31.85,31.8,31.85,8805255.0
2018-01-15 11:15:06.306000,31.85,31.8,31.85,8805255.0
2018-01-15 11:15:10.441000,31.85,31.8,31.85,8805255.0
2018-01-15 11:15:13.343000,31.85,31.8,31.85,8805255.0
2018-01-15 11:15:16.266000,31.85,31.8,31.85,8805255.0
2018-01-15 11:15:20.915000,31.85,31.8,31.85,8805255.0
2018-01-15 11:15:23.933000,31.85,31.8,31.85,8805255.0
2018-01-15 11:15:26.760000,31.85,31.8,31.85,8805255.0
2018-01-15 11:15:29.992000,31.85,31.8,31.85,8805255.0
2018-01-15 11:15:32.851000,31.85,31.8,31.85,8805255.0
2018-01-15 11:15:35.784000,31.85,31.8,31.85,8805255.0
2018-01-15 11:15:38.651000,31.85,31.8,31.85,8805255.0
2018-01-15 11:15:41.470000,31.85,31.8,31.85,8805255.0
2018-01-15 11:15:44.256000,31.85,31.8,31.85,8805255.0
2018-01-15 11:15:47.304000,31.85,31.8,31.85,8805255.0
2018-01-15 11:15:50.341000,31.85,31.8,31.85,8805255.0
2018-01-15 11:15:53.078000,31.85,31.8,31.85,8805255.0
2018-01-15 11:15:55.827000,31.85,31.8,31.85,8805255.0
2018-01-15 11:15:58.601000,31.85,31.8,31.85,8805255.0
2018-01-15 11:16:01.357000,31.85,31.8,31.85,8805255.0
2018-01-15 11:16:04.345000,31.85,31.8,31.85,8805255.0
2018-01-15 11:16:07.258000,31.85,31.8,31.85,8805255.0
2018-01-15 11:16:13.960000,31.8,31.8,31.85,8811255.0
2018-01-15 11:16:17.516000,31.8,31.8,31.85,8811255.0
2018-01-15 11:16:20.586000,31.8,31.8,31.85,8811255.0
2018-01-15 11:16:24.027000,31.8,31.8,31.85,8811255.0
2018-01-15 11:16:26.952000,31.8,31.8,31.85,8811255.0
2018-01-15 11:16:29.891000,31.8,31.8,31.85,8811255.0
2018-01-15 11:16:32.903000,31.8,31.8,31.85,8811255.0
2018-01-15 11:16:35.673000,31.8,31.8,31.85,8811255.0
2018-01-15 11:16:38.708000,31.8,31.8,31.85,8811255.0
2018-01-15 11:16:42.478000,31.8,31.8,31.85,8811255.0
2018-01-15 11:16:45.324000,31.8,31.8,31.85,8811255.0
2018-01-15 11:17:21.454000,,,,
2018-01-15 11:17:24.630000,31.8,31.8,31.85,8811255.0
2018-01-15 11:17:27.687000,31.8,31.8,31.85,8811255.0
2018-01-15 11:17:30.640000,31.8,31.8,31.85,8811255.0
2018-01-15 11:17:34.046000,31.8,31.8,31.85,8811255.0
2018-01-15 11:17:37.168000,31.8,31.8,31.85,8811255.0
2018-01-15 11:17:40.140000,31.8,31.8,31.85,8816755.0
2018-01-15 11:17:43.172000,31.8,31.8,31.85,8816755.0
2018-01-15 11:17:46.136000,31.8,31.8,31.85,8816755.0
2018-01-15 11:17:49.141000,31.8,31.8,31.85,8816755.0
2018-01-15 11:17:52.423000,31.8,31.8,31.85,8816755.0
2018-01-15 11:17:55.655000,31.8,31.8,31.85,8816755.0
2018-01-15 11:17:58.682000,31.8,31.8,31.85,8816755.0
2018-01-15 11:18:01.620000,31.8,31.8,31.85,8816755.0
2018-01-15 11:18:04.681000,31.8,31.8,31.85,8816755.0
2018-01-15 11:18:10.409000,31.8,31.8,31.85,8816755.0
2018-01-15 11:18:17.366000,31.8,31.8,31.85,8816755.0
2018-01-15 11:18:20.248000,31.8,31.8,31.85,8816755.0
2018-01-15 11:18:23.413000,31.8,31.8,31.85,8816755.0
2018-01-15 11:18:26.519000,31.8,31.8,31.85,8816755.0
2018-01-15 11:18:29.705000,31.8,31.8,31.85,8816755.0
2018-01-15 11:18:32.973000,31.8,31.8,31.85,8816755.0
2018-01-15 11:18:36.268000,31.8,31.8,31.85,8816755.0
2018-01-15 11:18:39.272000,31.8,31.8,31.85,8816755.0
2018-01-15 11:18:42.210000,31.8,31.8,31.85,8816755.0
2018-01-15 11:18:45.223000,31.8,31.8,31.85,8816755.0
2018-01-15 11:18:48.149000,31.8,31.8,31.85,8816755.0
2018-01-15 11:18:51.251000,31.8,31.8,31.85,8816755.0
2018-01-15 11:18:54.192000,31.8,31.8,31.85,8816755.0
2018-01-15 11:18:57.212000,31.8,31.8,31.85,8816755.0
2018-01-15 11:19:00.131000,31.8,31.8,31.85,8816755.0
2018-01-15 11:19:03.161000,31.8,31.8,31.85,8816755.0
2018-01-15 11:19:06.215000,31.8,31.8,31.85,8816755.0
2018-01-15 11:19:09.329000,31.8,31.8,31.85,8816755.0
2018-01-15 11:19:13.360000,31.8,31.8,31.85,8816755.0
2018-01-15 11:19:16.247000,31.8,31.8,31.85,8816755.0
2018-01-15 11:19:21.673000,31.8,31.8,31.85,8816755.0
2018-01-15 11:19:24.839000,31.8,31.8,31.85,8816755.0
2018-01-15 11:19:27.725000,31.8,31.8,31.85,8816755.0
2018-01-15 11:19:30.571000,31.8,31.8,31.85,8816755.0
2018-01-15 11:19:33.557000,31.8,31.8,31.85,8816755.0
2018-01-15 11:19:36.461000,31.8,31.8,31.85,8816755.0
2018-01-15 11:19:39.398000,31.8,31.8,31.85,8816755.0
2018-01-15 11:19:42.546000,31.8,31.8,31.85,8816755.0
2018-01-15 11:19:45.661000,31.8,31.8,31.85,8816755.0
2018-01-15 11:19:48.633000,31.8,31.8,31.85,8816755.0
2018-01-15 11:19:51.636000,31.8,31.8,31.85,8816755.0
2018-01-15 11:19:54.544000,31.8,31.8,31.85,8816755.0
2018-01-15 11:19:57.492000,31.8,31.8,31.85,8816755.0
2018-01-15 11:20:00.571000,31.8,31.8,31.85,8816755.0
2018-01-15 11:20:03.691000,31.8,31.8,31.85,8816755.0
2018-01-15 11:20:06.813000,31.8,31.8,31.85,8816755.0
2018-01-15 11:20:09.643000,31.8,31.8,31.85,8816755.0
2018-01-15 11:20:13.273000,31.8,31.8,31.85,8816755.0
2018-01-15 11:20:16.322000,31.8,31.8,31.85,8816755.0
2018-01-15 11:20:19.310000,31.8,31.8,31.85,8816755.0
2018-01-15 11:20:22.650000,31.8,31.8,31.85,8816755.0
2018-01-15 11:20:25.656000,31.8,31.8,31.85,8816755.0
2018-01-15 11:20:28.575000,31.8,31.8,31.85,8816755.0
2018-01-15 11:20:31.506000,31.8,31.8,31.85,8816755.0
2018-01-15 11:20:34.455000,31.8,31.8,31.85,8816755.0
2018-01-15 11:20:37.172000,31.8,31.8,31.85,8816755.0
2018-01-15 11:20:39.993000,31.8,31.8,31.85,8816755.0
2018-01-15 11:20:43.216000,31.8,31.8,31.85,8816755.0
2018-01-15 11:20:46.029000,31.8,31.8,31.85,8816755.0
2018-01-15 11:20:49.033000,31.8,31.8,31.85,8816755.0
2018-01-15 11:20:52.005000,31.8,31.8,31.85,8816755.0
2018-01-15 11:20:54.857000,31.8,31.8,31.85,8816755.0
2018-01-15 11:20:57.816000,31.8,31.8,31.85,8816755.0
2018-01-15 11:21:00.823000,31.8,31.8,31.85,8816755.0
2018-01-15 11:21:04.081000,31.8,31.8,31.85,8816755.0
2018-01-15 11:21:06.917000,31.8,31.8,31.85,8816755.0
2018-01-15 11:21:09.664000,31.85,31.8,31.85,8863255.0
2018-01-15 11:21:12.496000,31.85,31.8,31.85,8863255.0
2018-01-15 11:21:15.244000,31.85,31.8,31.85,8863255.0
2018-01-15 11:21:21.606000,31.85,31.8,31.85,8863255.0
2018-01-15 11:21:24.455000,31.85,31.8,31.85,8863255.0
2018-01-15 11:21:27.942000,31.85,31.8,31.85,8863255.0
2018-01-15 11:21:31.036000,31.85,31.8,31.85,8863255.0
2018-01-15 11:21:33.915000,31.85,31.8,31.85,8863255.0
2018-01-15 11:21:37.009000,31.85,31.8,31.85,8863255.0
2018-01-15 11:21:40.204000,31.85,31.8,31.85,8863255.0
2018-01-15 11:21:43.382000,31.85,31.8,31.85,8863255.0
2018-01-15 11:21:46.352000,31.85,31.8,31.85,8863255.0
2018-01-15 11:21:49.187000,31.85,31.8,31.85,8863255.0
2018-01-15 11:21:52.570000,31.85,31.8,31.85,8863255.0
2018-01-15 11:21:55.240000,31.85,31.8,31.85,8863255.0
2018-01-15 11:21:58.336000,31.85,31.8,31.85,8863255.0
2018-01-15 11:22:01.310000,31.85,31.8,31.85,8863255.0
2018-01-15 11:22:05.282000,31.85,31.8,31.85,8863255.0
2018-01-15 11:22:08.151000,31.85,31.8,31.85,8863255.0
2018-01-15 11:22:11.018000,31.85,31.8,31.85,8863255.0
2018-01-15 11:22:13.964000,31.85,31.8,31.85,8863255.0
2018-01-15 11:22:18.396000,31.85,31.8,31.85,8864755.0
2018-01-15 11:22:21.155000,31.85,31.8,31.85,8864755.0
2018-01-15 11:22:24.217000,31.85,31.8,31.85,8864755.0
2018-01-15 11:22:27.098000,31.85,31.8,31.85,8864755.0
2018-01-15 11:22:30.007000,31.85,31.8,31.85,8864755.0
2018-01-15 11:22:33.015000,31.85,31.8,31.85,8864755.0
2018-01-15 11:22:36.048000,31.85,31.8,31.85,8864755.0
2018-01-15 11:22:38.893000,31.85,31.8,31.85,8864755.0
2018-01-15 11:22:42.125000,31.85,31.8,31.85,8864755.0
2018-01-15 11:22:45.185000,31.85,31.8,31.85,8864755.0
2018-01-15 11:22:48.134000,31.85,31.8,31.85,8864755.0
2018-01-15 11:22:51.160000,31.85,31.8,31.85,8864755.0
2018-01-15 11:22:54.157000,31.85,31.8,31.85,8864755.0
2018-01-15 11:22:57.033000,31.85,31.8,31.85,8864755.0
2018-01-15 11:22:59.993000,31.85,31.8,31.85,8864755.0
2018-01-15 11:23:02.946000,31.85,31.8,31.85,8864755.0
2018-01-15 11:23:05.956000,31.85,31.8,31.85,8864755.0
2018-01-15 11:23:09.051000,31.85,31.8,31.85,8864755.0
2018-01-15 11:23:12.096000,31.85,31.8,31.85,8864755.0
2018-01-15 11:23:15.133000,31.85,31.8,31.85,8864755.0
2018-01-15 11:23:18.430000,31.85,31.8,31.85,8864755.0
2018-01-15 11:23:21.349000,31.85,31.8,31.85,8864755.0
2018-01-15 11:23:24.401000,31.85,31.8,31.85,8864755.0
2018-01-15 11:23:27.557000,31.85,31.8,31.85,8864755.0
2018-01-15 11:23:30.553000,31.85,31.8,31.85,8895255.0
2018-01-15 11:23:33.549000,31.85,31.8,31.85,8895255.0
2018-01-15 11:23:36.515000,31.85,31.8,31.85,8895255.0
2018-01-15 11:23:39.577000,31.85,31.8,31.85,8895255.0
2018-01-15 11:23:42.652000,31.85,31.8,31.85,8895255.0
2018-01-15 11:23:45.519000,31.85,31.8,31.85,8895255.0
2018-01-15 11:23:48.430000,31.85,31.8,31.85,8895255.0
2018-01-15 11:23:51.314000,31.85,31.8,31.85,8895255.0
2018-01-15 11:23:54.164000,31.85,31.8,31.85,8895255.0
2018-01-15 11:23:57.100000,31.85,31.8,31.85,8895255.0
2018-01-15 11:24:00.194000,31.85,31.8,31.85,8895255.0
2018-01-15 11:24:03.043000,31.85,31.8,31.85,8895255.0
2018-01-15 11:24:05.808000,31.85,31.8,31.85,8895255.0
2018-01-15 11:24:08.804000,31.85,31.8,31.85,8895255.0
2018-01-15 11:24:11.653000,31.85,31.8,31.85,8895255.0
2018-01-15 11:24:14.419000,31.85,31.8,31.85,8895255.0
2018-01-15 11:24:17.293000,31.85,31.8,31.85,8895255.0
2018-01-15 11:24:20.677000,31.85,31.8,31.85,8895255.0
2018-01-15 11:24:23.715000,31.85,31.8,31.85,8895255.0
2018-01-15 11:24:26.600000,31.85,31.8,31.85,8895255.0
2018-01-15 11:24:29.681000,31.85,31.8,31.85,8895255.0
2018-01-15 11:24:32.532000,31.85,31.8,31.85,8936755.0
2018-01-15 11:24:35.498000,31.85,31.8,31.85,8936755.0
2018-01-15 11:24:38.467000,31.85,31.8,31.85,8936755.0
2018-01-15 11:24:41.468000,31.85,31.8,31.85,8936755.0
2018-01-15 11:24:44.421000,31.85,31.8,31.85,8936755.0
2018-01-15 11:24:47.329000,31.85,31.8,31.85,8936755.0
2018-01-15 11:24:50.114000,31.85,31.8,31.85,8936755.0
2018-01-15 11:24:52.916000,31.85,31.8,31.85,8936755.0
2018-01-15 11:24:55.782000,31.85,31.8,31.85,8936755.0
2018-01-15 11:24:58.629000,31.85,31.8,31.85,8936755.0
2018-01-15 11:25:01.488000,31.85,31.8,31.85,8936755.0
2018-01-15 11:25:04.491000,31.85,31.8,31.85,8936755.0
2018-01-15 11:25:07.435000,31.85,31.8,31.85,8936755.0
2018-01-15 11:25:10.282000,31.85,31.8,31.85,8936755.0
2018-01-15 11:25:14.841000,31.85,31.8,31.85,8936755.0
2018-01-15 11:25:18.043000,31.85,31.8,31.85,8936755.0
2018-01-15 11:25:20.917000,31.85,31.8,31.85,8936755.0
2018-01-15 11:25:24.259000,31.85,31.8,31.85,8936755.0
2018-01-15 11:25:27.039000,31.85,31.8,31.85,8936755.0
2018-01-15 11:25:30.137000,31.85,31.8,31.85,8936755.0
2018-01-15 11:25:33.012000,31.85,31.8,31.85,8936755.0
2018-01-15 11:25:35.944000,31.85,31.8,31.85,8936755.0
2018-01-15 11:25:39.040000,31.85,31.8,31.85,8936755.0
2018-01-15 11:25:41.986000,31.85,31.8,31.85,8936755.0
2018-01-15 11:25:44.753000,31.85,31.8,31.85,8936755.0
2018-01-15 11:25:47.648000,31.85,31.8,31.85,8936755.0
2018-01-15 11:25:50.571000,31.85,31.8,31.85,8936755.0
2018-01-15 11:25:53.320000,31.85,31.8,31.85,8936755.0
2018-01-15 11:25:56.150000,31.85,31.8,31.85,8936755.0
2018-01-15 11:25:59.204000,31.8,31.8,31.85,9053511.0
2018-01-15 11:26:02.062000,31.8,31.8,31.85,9053511.0
2018-01-15 11:26:09.044000,31.8,31.8,31.85,9053511.0
2018-01-15 11:26:11.953000,31.8,31.8,31.85,9053511.0
2018-01-15 11:26:14.833000,31.8,31.8,31.85,9053511.0
2018-01-15 11:26:17.923000,31.8,31.8,31.85,9053511.0
2018-01-15 11:26:20.811000,31.8,31.8,31.85,9053511.0
2018-01-15 11:26:23.714000,31.8,31.8,31.85,9053511.0
2018-01-15 11:26:26.593000,31.8,31.8,31.85,9053511.0
2018-01-15 11:26:29.485000,31.8,31.8,31.85,9053511.0
2018-01-15 11:26:32.516000,31.8,31.8,31.85,9053511.0
2018-01-15 11:26:35.621000,31.8,31.8,31.85,9053511.0
2018-01-15 11:26:38.446000,31.8,31.8,31.85,9053511.0
2018-01-15 11:26:41.568000,31.8,31.8,31.85,9053511.0
2018-01-15 11:26:44.861000,31.8,31.8,31.85,9053511.0
2018-01-15 11:26:47.723000,31.8,31.8,31.85,9053511.0
2018-01-15 11:26:50.715000,31.8,31.8,31.85,9053511.0
2018-01-15 11:26:54.327000,31.8,31.8,31.85,9053511.0
2018-01-15 11:26:57.284000,31.8,31.8,31.85,9053511.0
2018-01-15 11:27:00.256000,31.8,31.8,31.85,9053511.0
2018-01-15 11:27:03.139000,31.8,31.8,31.85,9053511.0
2018-01-15 11:27:05.985000,31.8,31.8,31.85,9053511.0
2018-01-15 11:27:08.784000,31.8,31.8,31.85,9053511.0
2018-01-15 11:27:11.729000,31.8,31.8,31.85,9053511.0
2018-01-15 11:27:14.746000,31.8,31.8,31.85,9053511.0
2018-01-15 11:27:18.016000,31.8,31.8,31.85,9053511.0
2018-01-15 11:27:20.907000,31.8,31.8,31.85,9053511.0
2018-01-15 11:27:23.655000,31.8,31.8,31.85,9053511.0
2018-01-15 11:27:26.566000,31.8,31.8,31.85,9053511.0
2018-01-15 11:27:29.482000,31.8,31.8,31.85,9053511.0
2018-01-15 11:27:32.411000,31.8,31.8,31.85,9053511.0
2018-01-15 11:27:35.366000,31.8,31.8,31.85,9053511.0
2018-01-15 11:27:38.333000,31.8,31.8,31.85,9058011.0
2018-01-15 11:27:41.396000,31.8,31.8,31.85,9058011.0
2018-01-15 11:27:44.245000,31.8,31.8,31.85,9058011.0
2018-01-15 11:27:47.126000,31.8,31.8,31.85,9058011.0
2018-01-15 11:27:50.052000,31.8,31.8,31.85,9058011.0
2018-01-15 11:27:52.960000,31.8,31.8,31.85,9058011.0
2018-01-15 11:27:55.863000,31.8,31.8,31.85,9058011.0
2018-01-15 11:27:58.761000,31.8,31.8,31.85,9058011.0
2018-01-15 11:28:01.740000,31.8,31.8,31.85,9058011.0
