time,price,bid,ask,volume
2018-01-11 13:01:44.220000,31.2,31.2,31.25,13973102.0
2018-01-11 13:01:46.608000,31.2,31.2,31.25,13973102.0
2018-01-11 13:01:49.099000,31.2,31.2,31.25,13973102.0
2018-01-11 13:01:51.773000,31.2,31.2,31.25,13973102.0
2018-01-11 13:01:54.410000,31.2,31.2,31.25,13973102.0
2018-01-11 13:01:57.024000,31.2,31.2,31.25,13973102.0
2018-01-11 13:01:59.830000,31.2,31.2,31.25,13973102.0
2018-01-11 13:02:02.634000,31.2,31.2,31.25,13973102.0
2018-01-11 13:02:07.936000,31.2,31.2,31.25,13973102.0
2018-01-11 13:02:10.538000,31.2,31.2,31.25,13973102.0
2018-01-11 13:02:13.108000,31.2,31.2,31.25,13973102.0
2018-01-11 13:02:15.486000,31.2,31.2,31.25,13973102.0
2018-01-11 13:02:17.873000,31.2,31.2,31.25,13973102.0
2018-01-11 13:02:20.329000,31.2,31.2,31.25,13973102.0
2018-01-11 13:02:23.379000,31.2,31.2,31.25,13973102.0
2018-01-11 13:02:26.030000,31.2,31.2,31.25,13973102.0
2018-01-11 13:02:28.817000,31.2,31.2,31.25,13973102.0
2018-01-11 13:02:34.254000,31.2,31.2,31.25,13973102.0
2018-01-11 13:02:38.143000,31.25,31.2,31.25,14880342.0
2018-01-11 13:02:45.580000,31.25,31.2,31.25,14880342.0
2018-01-11 13:02:49.908000,31.25,31.2,31.25,14880342.0
2018-01-11 13:02:56.146000,31.25,31.2,31.25,16974582.0
2018-01-11 13:02:59.900000,31.25,31.2,31.25,16974582.0
2018-01-11 13:03:03.015000,31.25,31.2,31.25,16974582.0
2018-01-11 13:03:06.112000,31.25,31.2,31.25,16974582.0
2018-01-11 13:03:09.516000,31.25,31.2,31.25,16974582.0
2018-01-11 13:03:13.629000,31.25,31.2,31.25,16974582.0
2018-01-11 13:03:16.649000,31.25,31.2,31.25,16974582.0
2018-01-11 13:03:23.051000,31.25,31.2,31.25,16974582.0
2018-01-11 13:03:26.321000,31.25,31.2,31.25,16974582.0
2018-01-11 13:03:29.738000,31.25,31.2,31.25,16974582.0
2018-01-11 13:03:32.876000,31.25,31.2,31.25,16974582.0
2018-01-11 13:03:36.385000,31.25,31.2,31.25,16974582.0
2018-01-11 13:03:41.853000,31.25,31.2,31.25,17662582.0
2018-01-11 13:03:46.672000,31.25,31.2,31.25,17662582.0
2018-01-11 13:03:49.770000,31.25,31.2,31.25,17662582.0
2018-01-11 13:03:52.947000,31.25,31.2,31.25,17662582.0
2018-01-11 13:03:56.116000,31.25,31.2,31.25,17662582.0
2018-01-11 13:03:59.334000,31.25,31.2,31.25,17662582.0
2018-01-11 13:04:02.454000,31.25,31.2,31.25,17662582.0
2018-01-11 13:04:08.003000,31.25,31.2,31.25,17662582.0
2018-01-11 13:04:11.303000,31.25,31.2,31.25,17662582.0
2018-01-11 13:04:14.850000,31.25,31.2,31.25,17662582.0
2018-01-11 13:04:17.953000,31.25,31.2,31.25,17662582.0
2018-01-11 13:04:21.475000,31.25,31.2,31.25,17662582.0
2018-01-11 13:04:26.539000,31.25,31.2,31.25,17662582.0
2018-01-11 13:04:29.965000,31.25,31.2,31.25,17662582.0
2018-01-11 13:04:34.708000,31.25,31.2,31.25,17662582.0
2018-01-11 13:04:38.457000,31.25,31.2,31.25,17791082.0
2018-01-11 13:04:42.652000,31.25,31.2,31.25,17791082.0
2018-01-11 13:04:46.846000,31.25,31.2,31.25,17791082.0
2018-01-11 13:04:52.649000,31.25,31.2,31.25,17791082.0
2018-01-11 13:04:56.062000,31.25,31.2,31.25,18464582.0
2018-01-11 13:04:59.221000,31.25,31.2,31.25,18464582.0
2018-01-11 13:05:02.729000,31.25,31.2,31.25,18464582.0
2018-01-11 13:05:06.763000,31.25,31.2,31.25,18464582.0
2018-01-11 13:05:18.049000,31.25,31.2,31.25,18464582.0
2018-01-11 13:05:22.768000,31.25,31.2,31.25,18464582.0
2018-01-11 13:05:31.251000,31.25,31.2,31.25,18464582.0
2018-01-11 13:05:37.954000,31.25,31.2,31.25,18464582.0
2018-01-11 13:05:42.019000,31.25,31.2,31.25,18464582.0
2018-01-11 13:05:45.544000,31.25,31.2,31.25,18464582.0
2018-01-11 13:05:48.942000,31.25,31.2,31.25,18464582.0
2018-01-11 13:05:52.136000,31.25,31.2,31.25,18464582.0
2018-01-11 13:05:55.259000,31.25,31.2,31.25,18464582.0
2018-01-11 13:05:59.182000,31.25,31.2,31.25,18464582.0
2018-01-11 13:06:03.334000,31.25,31.2,31.25,18464582.0
2018-01-11 13:06:06.621000,31.25,31.2,31.25,18464582.0
2018-01-11 13:06:09.710000,31.25,31.2,31.25,18464582.0
2018-01-11 13:06:12.743000,31.25,31.2,31.25,18464582.0
2018-01-11 13:06:15.986000,31.25,31.2,31.25,18464582.0
2018-01-11 13:06:19.067000,31.25,31.2,31.25,18464582.0
2018-01-11 13:06:22.168000,31.25,31.2,31.25,18464582.0
2018-01-11 13:06:25.938000,31.25,31.25,31.3,18726082.0
2018-01-11 13:06:29.256000,31.25,31.25,31.3,18726082.0
2018-01-11 13:06:32.354000,31.25,31.25,31.3,18726082.0
2018-01-11 13:06:35.481000,31.25,31.25,31.3,18726082.0
2018-01-11 13:06:38.912000,31.25,31.25,31.3,18726082.0
2018-01-11 13:06:42.306000,31.25,31.25,31.3,18726082.0
2018-01-11 13:06:45.408000,31.25,31.25,31.3,18726082.0
2018-01-11 13:06:48.789000,31.25,31.25,31.3,18726082.0
2018-01-11 13:06:52.022000,31.25,31.25,31.3,18726082.0
2018-01-11 13:06:55.196000,31.25,31.25,31.3,18726082.0
2018-01-11 13:06:58.334000,31.25,31.25,31.3,18726082.0
2018-01-11 13:07:01.618000,31.25,31.25,31.3,18726082.0
2018-01-11 13:07:04.710000,31.25,31.25,31.3,18726082.0
2018-01-11 13:07:07.736000,31.25,31.25,31.3,18726082.0
2018-01-11 13:07:10.808000,31.25,31.25,31.3,18726082.0
2018-01-11 13:07:14.131000,31.25,31.25,31.3,18726082.0
2018-01-11 13:07:17.316000,31.25,31.25,31.3,18726082.0
2018-01-11 13:07:20.617000,31.25,31.25,31.3,18726082.0
2018-01-11 13:07:23.897000,31.25,31.2,31.25,18827582.0
2018-01-11 13:07:27.148000,31.25,31.2,31.25,18827582.0
2018-01-11 13:07:30.222000,31.25,31.2,31.25,18827582.0
2018-01-11 13:07:33.123000,31.25,31.2,31.25,18827582.0
2018-01-11 13:07:36.481000,31.25,31.2,31.25,18827582.0
2018-01-11 13:07:39.439000,31.25,31.2,31.25,18827582.0
2018-01-11 13:07:42.481000,31.25,31.2,31.25,18827582.0
2018-01-11 13:07:45.853000,31.25,31.2,31.25,18827582.0
2018-01-11 13:07:48.992000,31.25,31.2,31.25,18827582.0
2018-01-11 13:07:51.999000,31.25,31.2,31.25,18827582.0
2018-01-11 13:07:55.042000,31.25,31.2,31.25,18827582.0
2018-01-11 13:07:58.167000,31.25,31.2,31.25,18827582.0
2018-01-11 13:08:01.136000,31.25,31.2,31.25,18827582.0
2018-01-11 13:08:04.246000,31.25,31.2,31.25,18827582.0
2018-01-11 13:08:07.221000,31.25,31.2,31.25,18827582.0
2018-01-11 13:08:11.525000,31.25,31.2,31.25,18827582.0
2018-01-11 13:08:15.182000,31.25,31.2,31.25,18827582.0
2018-01-11 13:08:18.336000,31.25,31.2,31.25,18827582.0
2018-01-11 13:08:21.542000,31.25,31.2,31.25,18827582.0
2018-01-11 13:08:24.833000,31.25,31.2,31.25,18827582.0
2018-01-11 13:08:28.033000,31.25,31.2,31.25,20713309.0
2018-01-11 13:08:31.277000,31.25,31.2,31.25,20713309.0
2018-01-11 13:08:34.473000,31.25,31.2,31.25,20713309.0
2018-01-11 13:08:37.373000,31.25,31.2,31.25,20713309.0
2018-01-11 13:08:40.453000,31.25,31.2,31.25,20713309.0
2018-01-11 13:08:43.604000,31.25,31.2,31.25,20713309.0
2018-01-11 13:08:46.654000,31.25,31.25,31.3,21681809.0
2018-01-11 13:08:49.675000,31.25,31.25,31.3,21681809.0
2018-01-11 13:08:52.709000,31.25,31.25,31.3,21681809.0
2018-01-11 13:08:55.893000,31.25,31.25,31.3,21681809.0
2018-01-11 13:08:58.934000,31.25,31.25,31.3,21681809.0
2018-01-11 13:09:02.007000,31.25,31.25,31.3,21681809.0
2018-01-11 13:09:05.943000,31.25,31.25,31.3,21681809.0
2018-01-11 13:09:09.184000,31.25,31.25,31.3,21681809.0
2018-01-11 13:09:12.391000,31.25,31.25,31.3,21681809.0
2018-01-11 13:09:15.776000,31.25,31.25,31.3,21681809.0
2018-01-11 13:09:18.963000,31.25,31.25,31.3,21681809.0
2018-01-11 13:09:22.178000,31.25,31.2,31.25,22007309.0
2018-01-11 13:09:25.622000,31.25,31.2,31.25,22007309.0
2018-01-11 13:09:29.933000,31.25,31.2,31.25,22007309.0
2018-01-11 13:09:33.145000,31.25,31.2,31.25,22007309.0
2018-01-11 13:09:36.419000,31.25,31.2,31.25,22007309.0
2018-01-11 13:09:39.574000,31.25,31.2,31.25,22007309.0
2018-01-11 13:09:42.819000,31.25,31.2,31.25,22007309.0
2018-01-11 13:09:45.936000,31.25,31.2,31.25,22007309.0
2018-01-11 13:09:49.291000,31.25,31.2,31.25,22007309.0
2018-01-11 13:09:55.295000,31.25,31.2,31.25,22007309.0
2018-01-11 13:09:58.529000,31.25,31.2,31.25,22007309.0
2018-01-11 13:10:01.794000,31.25,31.2,31.25,22007309.0
2018-01-11 13:10:07.920000,31.25,31.2,31.25,22007309.0
2018-01-11 13:10:12.988000,31.25,31.2,31.25,22007309.0
2018-01-11 13:10:16.514000,31.25,31.2,31.25,22007309.0
2018-01-11 13:10:22.933000,31.25,31.25,31.3,22121649.0
2018-01-11 13:10:33.356000,31.25,31.25,31.3,22121649.0
2018-01-11 13:10:44.641000,31.25,31.25,31.3,22121649.0
2018-01-11 13:10:51.091000,31.25,31.25,31.3,22121649.0
2018-01-11 13:10:54.654000,31.25,31.25,31.3,22121649.0
2018-01-11 13:10:57.533000,31.25,31.25,31.3,22121649.0
2018-01-11 13:11:00.657000,31.25,31.25,31.3,22121649.0
2018-01-11 13:11:09.185000,31.25,31.25,31.3,22121649.0
2018-01-11 13:11:14.705000,31.25,31.25,31.3,22121649.0
2018-01-11 13:11:17.942000,31.25,31.25,31.3,22121649.0
2018-01-11 13:11:23.400000,31.25,31.25,31.3,22121649.0
2018-01-11 13:11:26.287000,31.25,31.25,31.3,22121649.0
2018-01-11 13:11:30.954000,31.25,31.25,31.3,22121649.0
2018-01-11 13:11:35.609000,31.25,31.25,31.3,22121649.0
2018-01-11 13:11:39.810000,31.25,31.25,31.3,22121649.0
2018-01-11 13:11:42.864000,31.25,31.25,31.3,22121649.0
2018-01-11 13:11:45.818000,31.25,31.25,31.3,22121649.0
2018-01-11 13:11:48.748000,31.25,31.25,31.3,22121649.0
2018-01-11 13:11:51.689000,31.25,31.25,31.3,22121649.0
2018-01-11 13:11:54.637000,31.25,31.2,31.3,22122509.0
2018-01-11 13:12:00.532000,31.25,31.2,31.3,22122509.0
2018-01-11 13:12:08.104000,31.25,31.2,31.3,22122509.0
2018-01-11 13:12:11.643000,31.25,31.2,31.3,22122509.0
2018-01-11 13:12:14.733000,31.25,31.2,31.3,22122509.0
2018-01-11 13:12:22.081000,31.25,31.2,31.3,22122509.0
2018-01-11 13:12:25.305000,31.25,31.2,31.3,22122509.0
2018-01-11 13:12:28.543000,31.25,31.2,31.3,22122509.0
2018-01-11 13:12:31.692000,31.25,31.2,31.3,22122509.0
2018-01-11 13:12:34.847000,31.25,31.2,31.3,22122509.0
2018-01-11 13:12:38.241000,31.25,31.2,31.3,22122509.0
2018-01-11 13:12:41.357000,31.25,31.2,31.3,22122509.0
2018-01-11 13:12:44.827000,31.25,31.2,31.3,22122509.0
2018-01-11 13:12:47.962000,31.25,31.2,31.3,22122509.0
2018-01-11 13:12:51.173000,31.25,31.2,31.3,22122509.0
2018-01-11 13:12:54.330000,31.25,31.2,31.3,22122509.0
2018-01-11 13:12:57.430000,31.25,31.2,31.3,22122509.0
2018-01-11 13:13:00.439000,31.25,31.2,31.3,22122509.0
2018-01-11 13:13:03.663000,31.25,31.2,31.3,22122509.0
2018-01-11 13:13:08.714000,31.25,31.2,31.25,22181509.0
2018-01-11 13:13:14.095000,31.25,31.2,31.25,22181509.0
2018-01-11 13:13:17.243000,31.25,31.2,31.25,22181509.0
2018-01-11 13:13:20.300000,31.25,31.25,31.3,22478009.0
2018-01-11 13:13:23.384000,31.25,31.25,31.3,22478009.0
2018-01-11 13:13:26.388000,31.25,31.25,31.3,22478009.0
2018-01-11 13:13:29.707000,31.25,31.25,31.3,22478009.0
2018-01-11 13:13:32.835000,31.25,31.25,31.3,22478009.0
2018-01-11 13:13:35.864000,31.25,31.25,31.3,22478009.0
2018-01-11 13:13:38.921000,31.25,31.25,31.3,22478009.0
2018-01-11 13:13:42.219000,31.25,31.25,31.3,22478009.0
2018-01-11 13:13:45.355000,31.25,31.25,31.3,22478009.0
2018-01-11 13:13:48.475000,31.25,31.25,31.3,22478009.0
2018-01-11 13:13:51.428000,31.25,31.25,31.3,22478009.0
2018-01-11 13:13:55.161000,31.25,31.25,31.3,22478009.0
2018-01-11 13:13:58.130000,31.25,31.25,31.3,22478009.0
2018-01-11 13:14:01.509000,31.25,31.25,31.3,22478009.0
2018-01-11 13:14:08.726000,31.25,31.25,31.3,22478009.0
2018-01-11 13:14:11.977000,31.25,31.25,31.3,22478009.0
2018-01-11 13:14:15.119000,31.25,31.25,31.3,22478009.0
2018-01-11 13:14:19.920000,31.25,31.25,31.3,22478009.0
2018-01-11 13:14:23.543000,31.25,31.25,31.3,22478009.0
2018-01-11 13:14:28.008000,31.25,31.25,31.3,22621509.0
2018-01-11 13:14:31.115000,31.25,31.25,31.3,22621509.0
2018-01-11 13:14:34.162000,31.25,31.25,31.3,22621509.0
2018-01-11 13:14:37.385000,31.25,31.25,31.3,22621509.0
2018-01-11 13:14:40.693000,31.25,31.25,31.3,22621509.0
2018-01-11 13:14:43.616000,31.25,31.25,31.3,22621509.0
2018-01-11 13:14:47.156000,31.25,31.25,31.3,22621509.0
2018-01-11 13:14:50.327000,31.25,31.25,31.3,22621509.0
2018-01-11 13:14:53.243000,31.25,31.25,31.3,22621509.0
2018-01-11 13:14:56.316000,31.25,31.25,31.3,22621509.0
2018-01-11 13:14:59.335000,31.25,31.25,31.3,22621509.0
2018-01-11 13:15:06.719000,31.25,31.25,31.3,22621509.0
2018-01-11 13:15:10.177000,31.25,31.25,31.3,22621509.0
2018-01-11 13:15:13.461000,31.25,31.25,31.3,22961009.0
2018-01-11 13:15:16.457000,31.25,31.25,31.3,22961009.0
2018-01-11 13:15:30.112000,31.25,31.25,31.3,22961009.0
2018-01-11 13:15:33.272000,31.25,31.25,31.3,22961009.0
2018-01-11 13:15:36.421000,31.25,31.25,31.3,22961009.0
2018-01-11 13:15:39.537000,31.25,31.25,31.3,22961009.0
2018-01-11 13:15:42.618000,31.25,31.25,31.3,22961009.0
2018-01-11 13:15:45.740000,31.25,31.25,31.3,22961009.0
2018-01-11 13:15:48.682000,31.25,31.25,31.3,22961009.0
2018-01-11 13:15:51.804000,31.25,31.25,31.3,22961009.0
2018-01-11 13:15:54.990000,31.25,31.25,31.3,22961009.0
2018-01-11 13:15:58.181000,31.25,31.25,31.3,22961009.0
2018-01-11 13:16:01.230000,31.25,31.25,31.3,22961009.0
2018-01-11 13:16:04.239000,31.25,31.25,31.3,22961009.0
2018-01-11 13:16:09.411000,31.25,31.25,31.3,22961009.0
2018-01-11 13:16:12.475000,31.25,31.25,31.3,22961009.0
2018-01-11 13:16:15.769000,31.25,31.25,31.3,22961009.0
2018-01-11 13:16:18.830000,31.25,31.25,31.3,22961009.0
2018-01-11 13:16:22.140000,31.25,31.25,31.3,22961009.0
2018-01-11 13:16:25.113000,31.25,31.25,31.3,22961009.0
2018-01-11 13:16:28.351000,31.2,31.2,31.25,23396009.0
2018-01-11 13:16:31.366000,31.2,31.2,31.25,23396009.0
2018-01-11 13:16:34.568000,31.2,31.2,31.25,23396009.0
2018-01-11 13:16:37.704000,31.2,31.2,31.25,23396009.0
2018-01-11 13:16:40.851000,31.2,31.2,31.25,23396009.0
2018-01-11 13:16:43.864000,31.2,31.2,31.25,23396009.0
2018-01-11 13:16:46.856000,31.2,31.2,31.25,23396009.0
2018-01-11 13:16:50.087000,31.2,31.2,31.25,23396009.0
2018-01-11 13:16:53.123000,31.2,31.2,31.25,23396009.0
2018-01-11 13:16:56.481000,31.2,31.2,31.25,23396009.0
2018-01-11 13:16:59.684000,31.2,31.2,31.25,23396009.0
2018-01-11 13:17:04.101000,31.2,31.2,31.25,23396009.0
2018-01-11 13:17:07.199000,31.2,31.2,31.25,23396009.0
2018-01-11 13:17:10.277000,31.2,31.2,31.25,23396009.0
2018-01-11 13:17:13.767000,31.2,31.2,31.25,23466009.0
2018-01-11 13:17:16.917000,31.2,31.2,31.25,23466009.0
2018-01-11 13:17:20.026000,31.2,31.2,31.25,23466009.0
2018-01-11 13:17:23.186000,31.2,31.2,31.25,23466009.0
2018-01-11 13:17:26.262000,31.2,31.2,31.25,23466009.0
2018-01-11 13:17:29.443000,31.2,31.2,31.25,23466009.0
2018-01-11 13:17:32.599000,31.2,31.2,31.25,23466009.0
2018-01-11 13:17:35.848000,31.2,31.2,31.25,23466009.0
2018-01-11 13:17:38.875000,31.2,31.2,31.25,23466009.0
2018-01-11 13:17:42.018000,31.2,31.2,31.25,23466009.0
2018-01-11 13:17:45.071000,31.2,31.2,31.25,23466009.0
2018-01-11 13:17:47.986000,31.2,31.2,31.25,23466009.0
2018-01-11 13:17:51.105000,31.25,31.25,31.3,23542009.0
2018-01-11 13:17:54.274000,31.25,31.25,31.3,23542009.0
2018-01-11 13:17:57.449000,31.25,31.25,31.3,23542009.0
2018-01-11 13:18:00.539000,31.25,31.25,31.3,23542009.0
2018-01-11 13:18:03.802000,31.25,31.25,31.3,23542009.0
2018-01-11 13:18:06.862000,31.25,31.25,31.3,23542009.0
2018-01-11 13:18:09.915000,31.25,31.25,31.3,23542009.0
2018-01-11 13:18:12.918000,31.25,31.25,31.3,23542009.0
2018-01-11 13:18:16.263000,31.25,31.25,31.3,23542009.0
2018-01-11 13:18:19.524000,31.25,31.25,31.3,23542009.0
2018-01-11 13:18:22.308000,31.25,31.25,31.3,23542009.0
2018-01-11 13:18:26.592000,31.25,31.25,31.3,23542009.0
2018-01-11 13:18:29.320000,31.25,31.25,31.3,23542009.0
2018-01-11 13:18:31.930000,31.25,31.25,31.3,23542009.0
2018-01-11 13:18:34.492000,31.25,31.25,31.3,23542009.0
2018-01-11 13:18:36.870000,31.25,31.25,31.3,23542009.0
2018-01-11 13:18:39.461000,31.25,31.25,31.3,23542009.0
2018-01-11 13:18:42.017000,31.25,31.25,31.3,23542009.0
2018-01-11 13:18:44.492000,31.25,31.25,31.3,23542009.0
2018-01-11 13:18:46.887000,31.25,31.25,31.3,23542009.0
