time,price,bid,ask,volume
2018-01-10 09:30:32.719000,31.2,31.15,31.2,116500.0
2018-01-10 09:30:37.641000,31.2,31.2,31.25,364000.0
2018-01-10 09:30:41.742000,31.2,31.2,31.25,364000.0
2018-01-10 09:30:46.863000,31.2,31.2,31.25,364000.0
2018-01-10 09:30:51.970000,31.2,31.2,31.25,364000.0
2018-01-10 09:30:57.056000,31.2,31.2,31.25,364000.0
2018-01-10 09:31:01.539000,31.2,31.2,31.25,440000.0
2018-01-10 09:31:08.158000,31.2,31.2,31.25,440000.0
2018-01-10 09:31:13.158000,31.2,31.2,31.25,440000.0
2018-01-10 09:31:21.091000,31.2,31.2,31.25,440000.0
2018-01-10 09:31:24.596000,31.2,31.2,31.25,440000.0
2018-01-10 09:31:28.814000,31.2,31.2,31.25,440000.0
2018-01-10 09:31:33.440000,31.2,31.2,31.25,440000.0
2018-01-10 09:31:38.748000,31.2,31.2,31.25,440000.0
2018-01-10 09:31:43.128000,31.2,31.2,31.25,440000.0
2018-01-10 09:31:48.799000,31.2,31.2,31.25,440000.0
2018-01-10 09:31:53.632000,31.2,31.2,31.25,440000.0
2018-01-10 09:31:57.615000,31.2,31.2,31.25,440000.0
2018-01-10 09:32:02.183000,31.2,31.2,31.25,440000.0
2018-01-10 09:32:06.785000,31.2,31.15,31.2,448156.0
2018-01-10 09:32:11.257000,31.2,31.15,31.2,448156.0
2018-01-10 09:32:15.945000,31.2,31.15,31.2,448156.0
2018-01-10 09:32:21.181000,31.2,31.15,31.2,448156.0
2018-01-10 09:32:25.255000,31.2,31.15,31.2,448156.0
2018-01-10 09:32:30.048000,31.2,31.15,31.2,448156.0
2018-01-10 09:32:35.303000,31.2,31.15,31.2,448156.0
2018-01-10 09:32:40.209000,31.2,31.15,31.2,525656.0
2018-01-10 09:32:44.520000,31.2,31.15,31.2,525656.0
2018-01-10 09:32:48.552000,31.2,31.15,31.2,525656.0
2018-01-10 09:32:53.680000,31.2,31.15,31.2,525656.0
2018-01-10 09:32:58.457000,31.2,31.15,31.2,525656.0
2018-01-10 09:33:01.967000,31.2,31.15,31.2,525656.0
2018-01-10 09:33:07.183000,31.2,31.15,31.2,525656.0
2018-01-10 09:33:11.767000,31.2,31.15,31.2,525656.0
2018-01-10 09:33:18.441000,31.2,31.15,31.2,525656.0
2018-01-10 09:33:22.941000,31.2,31.15,31.2,525656.0
2018-01-10 09:33:27.421000,31.2,31.15,31.2,525656.0
2018-01-10 09:33:32.572000,31.2,31.15,31.2,525656.0
2018-01-10 09:33:36.682000,31.2,31.15,31.2,525656.0
2018-01-10 09:33:41.510000,31.2,31.15,31.2,525656.0
2018-01-10 09:33:45.868000,31.2,31.15,31.2,525656.0
2018-01-10 09:33:50.853000,31.2,31.15,31.2,525656.0
2018-01-10 09:33:55.087000,31.2,31.15,31.2,525656.0
2018-01-10 09:34:00.429000,31.2,31.15,31.2,525656.0
2018-01-10 09:34:04.773000,31.2,31.15,31.2,525656.0
2018-01-10 09:34:11.475000,31.2,31.15,31.2,525656.0
2018-01-10 09:34:15.378000,31.2,31.15,31.2,525656.0
2018-01-10 09:34:20.780000,31.2,31.15,31.2,752656.0
2018-01-10 09:34:25.095000,31.2,31.15,31.2,752656.0
2018-01-10 09:34:29.242000,31.2,31.15,31.2,752656.0
2018-01-10 09:34:33.461000,31.2,31.15,31.2,752656.0
2018-01-10 09:34:37.704000,31.2,31.15,31.2,752656.0
2018-01-10 09:34:41.698000,31.2,31.15,31.2,752656.0
2018-01-10 09:34:46.543000,31.2,31.15,31.2,752656.0
2018-01-10 09:34:50.402000,31.2,31.15,31.2,752656.0
2018-01-10 09:34:54.225000,31.2,31.15,31.2,752656.0
2018-01-10 09:34:58.600000,31.2,31.15,31.2,752656.0
2018-01-10 09:35:04.056000,31.2,31.15,31.2,752656.0
2018-01-10 09:35:09.479000,31.2,31.15,31.2,752656.0
2018-01-10 09:35:13.778000,31.2,31.15,31.2,752656.0
2018-01-10 09:35:17.889000,31.2,31.15,31.2,752656.0
2018-01-10 09:35:23.260000,31.2,31.15,31.25,757156.0
2018-01-10 09:35:26.529000,31.2,31.15,31.25,757156.0
2018-01-10 09:35:31.814000,31.2,31.15,31.25,757156.0
2018-01-10 09:35:36.605000,31.2,31.15,31.25,757156.0
2018-01-10 09:35:43.605000,31.2,31.15,31.25,757156.0
2018-01-10 09:35:48.711000,31.2,31.15,31.25,757156.0
2018-01-10 09:35:53.267000,31.2,31.15,31.25,757156.0
2018-01-10 09:35:58.604000,31.2,31.15,31.25,757156.0
2018-01-10 09:36:03.684000,31.2,31.15,31.25,757156.0
2018-01-10 09:36:08.369000,31.2,31.15,31.25,757156.0
2018-01-10 09:36:14.339000,31.2,31.15,31.25,757156.0
2018-01-10 09:36:18.721000,31.2,31.15,31.25,757156.0
2018-01-10 09:36:23.463000,31.2,31.15,31.25,757156.0
2018-01-10 09:36:28.121000,31.2,31.15,31.2,797656.0
2018-01-10 09:36:33.146000,31.2,31.15,31.2,797656.0
2018-01-10 09:36:38.573000,31.2,31.15,31.2,797656.0
2018-01-10 09:36:43.338000,31.2,31.15,31.2,797656.0
2018-01-10 09:36:47.063000,31.2,31.15,31.2,797656.0
2018-01-10 09:36:52.015000,31.2,31.15,31.2,797656.0
2018-01-10 09:36:56.813000,31.2,31.2,31.25,837156.0
2018-01-10 09:37:02.083000,31.2,31.2,31.25,837156.0
2018-01-10 09:37:06.608000,31.2,31.2,31.25,837156.0
2018-01-10 09:37:15.921000,31.2,31.2,31.25,837156.0
2018-01-10 09:37:20.938000,31.2,31.2,31.25,837156.0
2018-01-10 09:37:25.661000,31.2,31.2,31.25,837156.0
2018-01-10 09:37:31.260000,31.2,31.2,31.25,837156.0
2018-01-10 09:37:35.371000,31.2,31.2,31.25,837156.0
2018-01-10 09:37:40.201000,31.2,31.2,31.25,837156.0
2018-01-10 09:37:45.113000,31.2,31.2,31.25,837156.0
2018-01-10 09:37:49.864000,31.2,31.2,31.25,853656.0
2018-01-10 09:37:54.511000,31.2,31.2,31.25,853656.0
2018-01-10 09:37:59.923000,31.2,31.2,31.25,853656.0
2018-01-10 09:38:07.235000,31.2,31.2,31.25,853656.0
2018-01-10 09:38:11.850000,31.2,31.2,31.25,853656.0
2018-01-10 09:38:16.549000,31.2,31.2,31.25,853656.0
2018-01-10 09:38:21.251000,31.2,31.2,31.25,853656.0
2018-01-10 09:38:26.126000,31.2,31.2,31.25,853656.0
2018-01-10 09:38:30.928000,31.2,31.2,31.25,853656.0
2018-01-10 09:38:35.697000,31.2,31.2,31.25,853656.0
2018-01-10 09:38:40.634000,31.2,31.2,31.25,853656.0
2018-01-10 09:38:45.234000,31.2,31.2,31.25,853656.0
2018-01-10 09:38:49.831000,31.2,31.2,31.25,853656.0
2018-01-10 09:38:53.703000,31.2,31.2,31.25,857656.0
2018-01-10 09:38:58.562000,31.2,31.2,31.25,857656.0
2018-01-10 09:39:03.068000,31.2,31.2,31.25,857656.0
2018-01-10 09:39:10.202000,31.2,31.2,31.25,857656.0
2018-01-10 09:39:18.206000,31.2,31.2,31.25,857656.0
2018-01-10 09:39:26.048000,31.2,31.2,31.25,857656.0
2018-01-10 09:39:30.832000,31.2,31.2,31.25,857656.0
2018-01-10 09:39:35.771000,31.2,31.2,31.25,857656.0
2018-01-10 09:39:39.345000,31.2,31.2,31.25,857656.0
2018-01-10 09:39:44.143000,31.2,31.2,31.25,857656.0
2018-01-10 09:39:48.611000,31.2,31.2,31.25,857656.0
2018-01-10 09:39:52.764000,31.2,31.2,31.25,857656.0
2018-01-10 09:39:57.201000,31.2,31.2,31.25,857656.0
2018-01-10 09:40:02.205000,31.2,31.2,31.25,857656.0
2018-01-10 09:40:07.792000,31.2,31.2,31.25,857656.0
2018-01-10 09:40:12.680000,31.2,31.2,31.25,857656.0
2018-01-10 09:40:18.071000,31.2,31.15,31.2,898156.0
2018-01-10 09:40:23.114000,31.2,31.15,31.2,898156.0
2018-01-10 09:40:27.782000,31.2,31.15,31.2,898156.0
2018-01-10 09:40:32.353000,31.2,31.15,31.2,898156.0
2018-01-10 09:40:37.262000,31.2,31.15,31.2,898156.0
2018-01-10 09:40:41.859000,31.2,31.15,31.2,898156.0
2018-01-10 09:40:46.711000,31.2,31.15,31.2,898156.0
2018-01-10 09:40:51.613000,31.2,31.15,31.2,898156.0
2018-01-10 09:40:56.046000,31.2,31.15,31.2,898156.0
2018-01-10 09:41:00.517000,31.2,31.15,31.2,898156.0
2018-01-10 09:41:04.939000,31.2,31.15,31.2,898156.0
2018-01-10 09:41:11.200000,31.2,31.15,31.2,898156.0
2018-01-10 09:41:14.974000,31.2,31.15,31.2,898156.0
2018-01-10 09:41:20.548000,31.2,31.15,31.2,898156.0
2018-01-10 09:41:25.683000,31.2,31.15,31.25,906156.0
2018-01-10 09:41:30.065000,31.2,31.15,31.25,906156.0
2018-01-10 09:41:34.268000,31.2,31.15,31.25,906156.0
2018-01-10 09:41:38.800000,31.2,31.15,31.25,906156.0
2018-01-10 09:41:43.630000,31.2,31.15,31.25,906156.0
2018-01-10 09:41:48.119000,31.2,31.15,31.25,906156.0
2018-01-10 09:41:53.412000,31.2,31.15,31.25,906156.0
2018-01-10 09:41:57.714000,31.2,31.15,31.25,906156.0
2018-01-10 09:42:02.915000,31.2,31.15,31.25,906156.0
2018-01-10 09:42:10.049000,31.2,31.15,31.25,906156.0
2018-01-10 09:42:15.541000,31.2,31.15,31.25,906156.0
2018-01-10 09:42:22.992000,31.2,31.15,31.25,906156.0
2018-01-10 09:42:27.790000,31.2,31.15,31.25,906156.0
2018-01-10 09:42:32.977000,31.2,31.15,31.2,912156.0
2018-01-10 09:42:37.230000,31.2,31.15,31.2,912156.0
2018-01-10 09:42:42.154000,31.2,31.15,31.2,912156.0
2018-01-10 09:42:47.073000,31.2,31.15,31.2,912156.0
2018-01-10 09:42:51.979000,31.2,31.15,31.2,912156.0
2018-01-10 09:42:57.941000,31.2,31.15,31.2,912156.0
2018-01-10 09:43:04.491000,31.2,31.15,31.2,912156.0
2018-01-10 09:47:32.806000,31.15,31.15,31.2,928156.0
2018-01-10 09:48:43.160000,31.15,31.15,31.2,949426.0
2018-01-10 09:48:48.386000,31.15,31.15,31.2,956926.0
2018-01-10 09:48:53.150000,31.15,31.15,31.2,956926.0
2018-01-10 09:48:57.948000,31.15,31.15,31.2,956926.0
2018-01-10 09:49:02.623000,31.15,31.15,31.2,956926.0
2018-01-10 09:49:06.666000,31.15,31.15,31.2,956926.0
2018-01-10 09:49:11.359000,31.15,31.15,31.2,956926.0
2018-01-10 09:49:17.596000,31.15,31.15,31.2,993426.0
2018-01-10 09:49:22.012000,31.15,31.15,31.2,993426.0
2018-01-10 09:49:26.931000,31.15,31.15,31.2,993426.0
2018-01-10 09:49:30.893000,31.15,31.15,31.2,993426.0
2018-01-10 09:50:39.751000,31.15,31.15,31.2,993426.0
2018-01-10 09:50:45.047000,31.15,31.15,31.2,993426.0
2018-01-10 09:50:50.080000,31.15,31.15,31.2,993426.0
2018-01-10 09:50:55.064000,31.15,31.15,31.2,993426.0
2018-01-10 09:50:59.055000,31.15,31.15,31.2,993426.0
2018-01-10 09:51:04.699000,31.15,31.15,31.2,993426.0
2018-01-10 09:51:08.897000,31.15,31.15,31.2,993426.0
2018-01-10 09:51:13.837000,31.15,31.15,31.2,993426.0
2018-01-10 09:51:17.921000,31.15,31.15,31.2,1008926.0
2018-01-10 09:51:21.571000,31.15,31.15,31.2,1008926.0
2018-01-10 09:51:25.647000,31.15,31.15,31.2,1008926.0
2018-01-10 09:51:29.861000,31.15,31.15,31.2,1008926.0
2018-01-10 09:51:33.958000,31.15,31.15,31.2,1008926.0
2018-01-10 09:51:38.410000,31.15,31.15,31.2,1008926.0
2018-01-10 09:51:42.883000,31.15,31.15,31.2,1008926.0
2018-01-10 09:51:46.193000,31.15,31.15,31.2,1008926.0
2018-01-10 09:51:50.803000,31.15,31.15,31.2,1008926.0
2018-01-10 09:51:55.567000,31.15,31.15,31.2,1008926.0
2018-01-10 09:51:58.478000,31.15,31.15,31.2,1008926.0
2018-01-10 09:52:02.147000,31.15,31.15,31.2,1008926.0
2018-01-10 09:52:10.410000,31.15,31.15,31.2,1008926.0
2018-01-10 09:52:14.944000,31.15,31.15,31.2,1008926.0
2018-01-10 09:52:18.939000,31.15,31.15,31.2,1008926.0
2018-01-10 09:52:22.834000,31.15,31.15,31.2,1008926.0
2018-01-10 09:52:26.140000,31.15,31.15,31.2,1008926.0
2018-01-10 09:52:30.332000,31.15,31.15,31.2,1008926.0
2018-01-10 09:52:33.731000,31.15,31.15,31.2,1008926.0
2018-01-10 09:52:37.904000,31.15,31.15,31.2,1008926.0
2018-01-10 09:52:41.523000,31.15,31.15,31.2,1008926.0
2018-01-10 09:52:46.103000,31.15,31.15,31.2,1008926.0
2018-01-10 09:52:50.412000,31.15,31.15,31.2,1008926.0
2018-01-10 09:52:55.612000,31.15,31.15,31.2,1016426.0
2018-01-10 09:53:00.130000,31.15,31.15,31.2,1016426.0
2018-01-10 09:53:04.801000,31.15,31.15,31.2,1016426.0
2018-01-10 09:53:09.581000,31.15,31.15,31.2,1016426.0
2018-01-10 09:53:16.857000,31.15,31.15,31.2,1016426.0
2018-01-10 09:53:22.134000,31.15,31.15,31.2,1016426.0
2018-01-10 09:53:27.329000,31.15,31.15,31.2,1016426.0
2018-01-10 09:53:31.696000,31.15,31.15,31.2,1016426.0
2018-01-10 09:53:36.475000,31.15,31.15,31.2,1016426.0
2018-01-10 09:53:41.307000,31.15,31.15,31.2,1016426.0
2018-01-10 09:53:45.569000,31.15,31.15,31.2,1016426.0
2018-01-10 09:53:49.895000,31.15,31.15,31.2,1016426.0
2018-01-10 09:53:54.048000,31.15,31.15,31.2,1016426.0
2018-01-10 09:53:58.044000,31.15,31.15,31.2,1022926.0
2018-01-10 09:54:02.040000,31.15,31.15,31.2,1022926.0
2018-01-10 09:54:06.053000,31.15,31.15,31.2,1022926.0
2018-01-10 09:54:09.944000,31.15,31.15,31.2,1022926.0
2018-01-10 09:54:15.319000,31.15,31.15,31.2,1022926.0
2018-01-10 09:54:19.946000,31.15,31.15,31.2,1022926.0
2018-01-10 09:54:23.544000,31.15,31.15,31.2,1022926.0
2018-01-10 09:54:27.479000,31.15,31.15,31.2,1023266.0
2018-01-10 09:54:32.464000,31.15,31.15,31.2,1023266.0
2018-01-10 09:54:36.601000,31.15,31.15,31.2,1023266.0
2018-01-10 09:54:40.135000,31.15,31.15,31.2,1023266.0
2018-01-10 09:54:45.273000,31.2,31.15,31.2,1083266.0
2018-01-10 09:54:49.187000,31.2,31.2,31.25,1100266.0
2018-01-10 09:54:52.948000,31.2,31.2,31.25,1100266.0
2018-01-10 09:54:57.430000,31.2,31.2,31.25,1100266.0
2018-01-10 09:55:02.478000,31.2,31.2,31.25,1100266.0
2018-01-10 09:55:06.979000,31.2,31.2,31.25,1100266.0
2018-01-10 09:55:11.314000,31.2,31.2,31.25,1100266.0
2018-01-10 09:55:20.164000,31.2,31.2,31.25,1100266.0
2018-01-10 09:55:24.757000,31.2,31.2,31.25,1100266.0
2018-01-10 09:55:29.446000,31.2,31.2,31.25,1100266.0
2018-01-10 09:55:33.246000,31.2,31.2,31.25,1100266.0
2018-01-10 09:55:37.691000,31.2,31.2,31.25,1100266.0
2018-01-10 09:55:43.944000,31.2,31.2,31.25,1100266.0
2018-01-10 09:55:48.543000,31.2,31.2,31.25,1100266.0
2018-01-10 09:55:53.122000,31.2,31.2,31.25,1100266.0
2018-01-10 09:55:57.286000,31.2,31.2,31.25,1100266.0
2018-01-10 10:01:16.112000,31.2,31.15,31.2,1191986.0
2018-01-10 10:01:20.486000,31.2,31.15,31.2,1191986.0
2018-01-10 10:01:24.718000,31.2,31.15,31.2,1202486.0
2018-01-10 10:01:28.727000,31.2,31.15,31.2,1202486.0
2018-01-10 10:01:32.976000,31.2,31.15,31.2,1202486.0
2018-01-10 10:01:36.521000,31.2,31.15,31.2,1202486.0
2018-01-10 10:01:40.449000,31.2,31.15,31.2,1202486.0
2018-01-10 10:01:44.897000,31.2,31.15,31.2,1202486.0
2018-01-10 10:01:50.501000,31.2,31.15,31.2,1202486.0
2018-01-10 10:01:55.139000,31.2,31.15,31.2,1202486.0
2018-01-10 10:01:59.773000,31.2,31.15,31.2,1202486.0
2018-01-10 10:02:04.789000,31.2,31.15,31.2,1202486.0
2018-01-10 10:02:09.435000,31.2,31.15,31.2,1202486.0
2018-01-10 10:02:14.332000,31.2,31.15,31.2,1202486.0
2018-01-10 10:02:19.286000,31.2,31.15,31.2,1202486.0
2018-01-10 10:02:24.407000,31.2,31.15,31.2,1202486.0
2018-01-10 10:02:29.473000,31.2,31.15,31.2,1308486.0
2018-01-10 10:02:33.896000,31.2,31.15,31.2,1308486.0
2018-01-10 10:02:38.492000,31.2,31.15,31.2,1308486.0
2018-01-10 10:02:43.115000,31.2,31.15,31.2,1308486.0
2018-01-10 10:02:47.323000,31.2,31.15,31.2,1308486.0
2018-01-10 10:02:51.770000,31.2,31.15,31.2,1308486.0
2018-01-10 10:02:55.832000,31.2,31.15,31.2,1308486.0
2018-01-10 10:03:00.256000,31.2,31.15,31.2,1308486.0
2018-01-10 10:03:04.965000,31.2,31.15,31.2,1308486.0
2018-01-10 10:03:09.461000,31.2,31.15,31.2,1308486.0
2018-01-10 10:03:14.139000,31.2,31.15,31.2,1308486.0
2018-01-10 10:03:18.913000,31.2,31.2,31.25,1509986.0
2018-01-10 10:03:23.479000,31.2,31.2,31.25,1509986.0
2018-01-10 10:03:27.868000,31.2,31.2,31.25,1509986.0
2018-01-10 10:03:32.665000,31.2,31.2,31.25,1509986.0
2018-01-10 10:03:37.124000,31.2,31.2,31.25,1509986.0
2018-01-10 10:03:41.816000,31.2,31.2,31.25,1509986.0
2018-01-10 10:03:46.694000,31.2,31.2,31.25,1509986.0
2018-01-10 10:03:51.206000,31.2,31.2,31.25,1509986.0
2018-01-10 10:03:55.103000,31.2,31.2,31.25,1509986.0
2018-01-10 10:03:59.892000,31.2,31.2,31.25,1509986.0
2018-01-10 10:04:04.555000,31.2,31.2,31.25,1509986.0
2018-01-10 10:04:09.101000,31.2,31.2,31.25,1509986.0
2018-01-10 10:04:13.038000,31.2,31.2,31.25,1509986.0
2018-01-10 10:04:17.775000,31.2,31.2,31.25,1509986.0
2018-01-10 10:04:21.733000,31.2,31.2,31.25,1824986.0
2018-01-10 10:04:27.013000,31.2,31.2,31.25,1824986.0
2018-01-10 10:04:31.891000,31.2,31.2,31.25,1824986.0
2018-01-10 10:04:36.303000,31.2,31.2,31.25,1824986.0
2018-01-10 10:04:41.320000,31.2,31.2,31.25,1824986.0
2018-01-10 10:04:46.411000,31.2,31.2,31.25,1824986.0
2018-01-10 10:04:50.486000,31.2,31.2,31.25,1824986.0
2018-01-10 10:04:55.007000,31.2,31.2,31.25,1824986.0
2018-01-10 10:04:59.394000,31.2,31.2,31.25,1824986.0
2018-01-10 10:05:02.942000,31.2,31.2,31.25,1824986.0
2018-01-10 10:05:07.666000,31.2,31.2,31.25,1824986.0
2018-01-10 10:05:12.809000,31.2,31.2,31.25,1965486.0
2018-01-10 10:05:18.296000,31.2,31.2,31.25,1965486.0
2018-01-10 10:05:23.381000,31.2,31.2,31.25,1965486.0
2018-01-10 10:05:26.895000,31.2,31.2,31.25,1965486.0
2018-01-10 10:05:30.723000,31.2,31.2,31.25,1965486.0
2018-01-10 10:05:35.541000,31.2,31.2,31.25,1965486.0
2018-01-10 10:05:40.535000,31.2,31.2,31.25,1965486.0
2018-01-10 10:05:45.242000,31.2,31.2,31.25,1965486.0
2018-01-10 10:05:54.108000,31.2,31.2,31.25,1965486.0
2018-01-10 10:05:58.690000,31.2,31.2,31.25,1965486.0
2018-01-10 10:06:02.178000,31.2,31.2,31.25,1965486.0
2018-01-10 10:06:07.043000,31.2,31.2,31.25,1965486.0
2018-01-10 10:06:11.882000,31.2,31.2,31.25,1965486.0
2018-01-10 10:06:16.399000,31.2,31.2,31.25,1965486.0
2018-01-10 10:06:21.444000,31.2,31.2,31.25,2465486.0
2018-01-10 10:06:25.690000,31.2,31.2,31.25,2465486.0
2018-01-10 10:06:30.099000,31.2,31.2,31.25,2465486.0
2018-01-10 10:06:35.059000,31.2,31.2,31.25,2465486.0
2018-01-10 10:06:39.529000,31.2,31.2,31.25,2465486.0
2018-01-10 10:06:44.511000,31.2,31.2,31.25,2465486.0
2018-01-10 10:06:49.055000,31.2,31.2,31.25,2465486.0
2018-01-10 10:06:53.903000,31.2,31.2,31.25,2465486.0
2018-01-10 10:06:58.746000,31.2,31.2,31.25,2465486.0
2018-01-10 10:07:03.513000,31.2,31.2,31.25,2465486.0
2018-01-10 10:07:09.717000,31.2,31.2,31.25,2465486.0
2018-01-10 10:07:14.537000,31.2,31.2,31.25,2465486.0
2018-01-10 10:07:19.227000,31.2,31.2,31.25,2915486.0
2018-01-10 10:07:22.980000,31.2,31.2,31.25,2915486.0
2018-01-10 10:07:28.013000,31.2,31.2,31.25,2915486.0
2018-01-10 10:07:32.920000,31.2,31.2,31.25,2915486.0
2018-01-10 10:07:36.307000,31.2,31.2,31.25,2915486.0
2018-01-10 10:07:40.535000,31.2,31.2,31.25,2915486.0
2018-01-10 10:07:45.676000,31.2,31.2,31.25,2915486.0
2018-01-10 10:07:49.725000,31.2,31.2,31.25,2915486.0
2018-01-10 10:07:54.564000,31.2,31.2,31.25,2915486.0
2018-01-10 10:07:59.518000,31.2,31.2,31.25,2915486.0
2018-01-10 10:08:05.334000,31.2,31.2,31.25,2915486.0
2018-01-10 10:08:11.853000,31.2,31.2,31.25,2915486.0
2018-01-10 10:08:16.651000,31.2,31.2,31.25,2915755.0
2018-01-10 10:08:21.745000,31.2,31.2,31.25,2915755.0
2018-01-10 10:08:26.918000,31.2,31.2,31.25,2915755.0
2018-01-10 10:08:31.950000,31.2,31.2,31.25,2915755.0
2018-01-10 10:08:36.481000,31.2,31.2,31.25,2915755.0
2018-01-10 10:08:41.354000,31.2,31.2,31.25,2915755.0
2018-01-10 10:08:45.669000,31.2,31.2,31.25,2915755.0
2018-01-10 10:08:49.623000,31.2,31.2,31.25,2915755.0
2018-01-10 10:08:54.027000,31.2,31.2,31.25,2915755.0
2018-01-10 10:08:59.184000,31.2,31.2,31.25,2915755.0
2018-01-10 10:09:03.795000,31.2,31.2,31.25,2915755.0
2018-01-10 10:09:08.860000,31.2,31.2,31.25,2915755.0
2018-01-10 10:09:12.636000,31.2,31.2,31.25,2915755.0
2018-01-10 10:09:17.105000,31.2,31.2,31.25,2915755.0
2018-01-10 10:09:21.574000,31.2,31.2,31.25,2915755.0
2018-01-10 10:09:26.340000,31.2,31.2,31.25,2920755.0
2018-01-10 10:09:31.354000,31.2,31.2,31.25,2920755.0
2018-01-10 10:09:36.247000,31.2,31.2,31.25,2920755.0
2018-01-10 10:09:40.632000,31.2,31.2,31.25,2920755.0
2018-01-10 10:09:45.243000,31.2,31.2,31.25,2920755.0
2018-01-10 10:09:49.697000,31.2,31.2,31.25,2920755.0
2018-01-10 10:09:54.899000,31.2,31.2,31.25,2920755.0
2018-01-10 10:09:59.428000,31.2,31.2,31.25,2920755.0
2018-01-10 10:10:03.501000,31.2,31.2,31.25,2920755.0
2018-01-10 10:10:11.026000,31.2,31.2,31.25,2920755.0
2018-01-10 10:10:15.017000,31.2,31.2,31.25,2920755.0
2018-01-10 10:10:21.498000,31.2,31.15,31.2,5122755.0
2018-01-10 10:10:25.313000,31.2,31.15,31.2,5122755.0
2018-01-10 10:10:29.756000,31.2,31.15,31.2,5122755.0
2018-01-10 10:10:33.671000,31.2,31.15,31.2,5122755.0
2018-01-10 10:10:38.204000,31.2,31.15,31.2,5122755.0
2018-01-10 10:10:42.938000,31.2,31.15,31.2,5122755.0
2018-01-10 10:10:47.624000,31.2,31.15,31.2,5122755.0
2018-01-10 10:10:51.966000,31.2,31.15,31.2,5122755.0
2018-01-10 10:10:56.654000,31.2,31.15,31.2,5122755.0
2018-01-10 10:11:00.975000,31.2,31.15,31.2,5122755.0
2018-01-10 10:11:05.050000,31.2,31.15,31.2,5122755.0
2018-01-10 10:11:08.717000,31.2,31.15,31.2,5122755.0
2018-01-10 10:11:12.966000,31.2,31.15,31.2,5122755.0
2018-01-10 10:11:16.576000,31.2,31.15,31.2,5122755.0
2018-01-10 10:11:21.671000,31.2,31.15,31.2,5122755.0
2018-01-10 10:11:26.766000,31.2,31.15,31.2,5122755.0
2018-01-10 10:11:31.269000,31.2,31.15,31.2,5122755.0
2018-01-10 10:11:36.289000,31.2,31.15,31.2,5122755.0
2018-01-10 10:11:41.168000,31.2,31.15,31.2,5122755.0
2018-01-10 10:11:46.146000,31.2,31.15,31.2,5122755.0
2018-01-10 10:11:51.160000,31.2,31.15,31.2,5122755.0
2018-01-10 10:11:56.172000,31.2,31.15,31.2,5122755.0
2018-01-10 10:11:59.826000,31.2,31.15,31.2,5122755.0
2018-01-10 10:12:04.786000,31.2,31.15,31.2,5122755.0
2018-01-10 10:12:12.652000,31.2,31.15,31.2,5122755.0
2018-01-10 10:12:18.098000,31.2,31.15,31.2,5122755.0
2018-01-10 10:12:23.105000,31.2,31.15,31.2,5122755.0
2018-01-10 10:12:26.609000,31.2,31.15,31.2,5122755.0
2018-01-10 10:12:31.508000,31.2,31.15,31.2,5122755.0
2018-01-10 10:12:36.375000,31.2,31.15,31.2,5122755.0
2018-01-10 10:12:41.107000,31.2,31.15,31.2,5122755.0
2018-01-10 10:12:45.169000,31.2,31.15,31.2,5122755.0
2018-01-10 10:12:49.541000,31.2,31.15,31.2,5122755.0
2018-01-10 10:12:54.285000,31.2,31.15,31.2,5122755.0
2018-01-10 10:12:58.071000,31.25,31.2,31.25,5225755.0
2018-01-10 10:13:05.835000,31.25,31.2,31.25,5225755.0
2018-01-10 10:13:11.986000,31.25,31.2,31.25,5225755.0
2018-01-10 10:13:19.806000,31.25,31.2,31.25,5225755.0
2018-01-10 10:13:24.791000,31.25,31.2,31.25,5225755.0
2018-01-10 10:13:29.359000,31.25,31.2,31.25,5225755.0
2018-01-10 10:13:33.939000,31.25,31.2,31.25,5225755.0
2018-01-10 10:13:38.471000,31.25,31.2,31.25,5225755.0
2018-01-10 10:13:42.940000,31.25,31.2,31.25,5225755.0
2018-01-10 10:13:47.533000,31.25,31.2,31.25,5225755.0
2018-01-10 10:13:52.659000,31.25,31.2,31.25,5225755.0
2018-01-10 10:13:57.860000,31.25,31.2,31.25,5225755.0
2018-01-10 10:14:02.863000,31.25,31.2,31.25,5225755.0
2018-01-10 10:14:10.597000,31.25,31.2,31.25,5225755.0
2018-01-10 10:14:14.981000,31.25,31.2,31.25,5225755.0
2018-01-10 10:14:19.541000,31.25,31.2,31.25,5225755.0
2018-01-10 10:14:23.923000,31.25,31.2,31.25,5225755.0
2018-01-10 10:14:28.680000,31.25,31.2,31.25,5225755.0
2018-01-10 10:14:33.687000,31.2,31.2,31.25,5226755.0
2018-01-10 10:14:38.692000,31.2,31.2,31.25,5226755.0
2018-01-10 10:14:43.984000,31.2,31.2,31.25,5226755.0
2018-01-10 10:14:49.366000,31.2,31.2,31.25,5226755.0
2018-01-10 10:14:54.194000,31.2,31.2,31.25,5226755.0
2018-01-10 10:14:58.327000,31.2,31.2,31.25,5226755.0
2018-01-10 10:15:02.849000,31.2,31.2,31.25,5226755.0
2018-01-10 10:15:07.535000,31.2,31.2,31.25,5226755.0
2018-01-10 10:15:13.873000,31.2,31.2,31.25,5226755.0
2018-01-10 10:15:18.364000,31.2,31.2,31.25,5226755.0
2018-01-10 10:15:22.984000,31.2,31.2,31.25,5226755.0
2018-01-10 10:15:27.005000,31.2,31.2,31.25,5226755.0
2018-01-10 10:15:31.827000,31.2,31.2,31.25,5226755.0
2018-01-10 10:15:35.247000,31.2,31.2,31.25,5226755.0
2018-01-10 10:15:40.209000,31.2,31.2,31.25,5226755.0
2018-01-10 10:15:45.057000,31.2,31.2,31.25,5226755.0
2018-01-10 10:15:49.144000,31.2,31.2,31.25,5226755.0
2018-01-10 10:15:54.179000,31.2,31.2,31.25,5226755.0
2018-01-10 10:15:58.706000,31.2,31.2,31.25,5226755.0
2018-01-10 10:16:03.054000,31.2,31.2,31.25,5227713.0
2018-01-10 10:16:07.661000,31.2,31.2,31.25,5227713.0
2018-01-10 10:16:12.395000,31.2,31.2,31.25,5227713.0
2018-01-10 10:16:17.394000,31.2,31.2,31.25,5227713.0
2018-01-10 10:16:21.502000,31.2,31.2,31.25,5227713.0
2018-01-10 10:16:26.185000,31.2,31.2,31.25,5227713.0
2018-01-10 10:16:31.274000,31.2,31.2,31.25,5227713.0
2018-01-10 10:16:36.158000,31.2,31.2,31.25,5227713.0
2018-01-10 10:16:40.801000,31.2,31.2,31.25,5227713.0
2018-01-10 10:16:45.665000,31.2,31.2,31.25,5227713.0
2018-01-10 10:16:49.458000,31.2,31.2,31.25,5227713.0
2018-01-10 10:16:54.055000,31.2,31.2,31.25,5227713.0
2018-01-10 10:16:59.025000,31.2,31.2,31.25,5227713.0
2018-01-10 10:17:05.965000,31.2,31.2,31.25,5227713.0
2018-01-10 10:17:10.023000,31.2,31.2,31.25,5227713.0
2018-01-10 10:17:15.802000,31.2,31.2,31.25,5227713.0
2018-01-10 10:17:20.417000,31.2,31.2,31.25,5227713.0
2018-01-10 10:17:25.055000,31.2,31.2,31.25,5227713.0
2018-01-10 10:17:29.680000,31.2,31.2,31.25,5227713.0
2018-01-10 10:17:34.509000,31.2,31.2,31.25,5227713.0
2018-01-10 10:17:39.102000,31.2,31.2,31.25,5227713.0
2018-01-10 10:17:44.176000,31.2,31.2,31.25,5227713.0
2018-01-10 10:17:48.818000,31.2,31.2,31.25,5227713.0
2018-01-10 10:17:53.763000,31.2,31.2,31.25,5227713.0
2018-01-10 10:17:58.290000,31.2,31.2,31.25,5227713.0
2018-01-10 10:18:01.974000,31.2,31.2,31.25,5231713.0
2018-01-10 10:18:06.468000,31.2,31.2,31.25,5231713.0
2018-01-10 10:18:12.051000,31.2,31.2,31.25,5231713.0
2018-01-10 10:18:19.453000,31.2,31.2,31.25,5231713.0
2018-01-10 10:18:23.964000,31.2,31.2,31.25,5231713.0
2018-01-10 10:18:28.320000,31.2,31.2,31.25,5231713.0
2018-01-10 10:18:32.853000,31.2,31.2,31.25,5231713.0
2018-01-10 10:18:37.928000,31.2,31.2,31.25,5231713.0
2018-01-10 10:18:42.570000,31.2,31.2,31.25,5231713.0
2018-01-10 10:18:45.858000,31.2,31.2,31.25,5231713.0
2018-01-10 10:18:50.230000,31.2,31.2,31.25,5231713.0
2018-01-10 10:18:54.836000,31.2,31.2,31.25,5231713.0
2018-01-10 10:18:59.751000,31.2,31.2,31.25,5231713.0
2018-01-10 10:19:03.684000,31.2,31.2,31.25,5231713.0
2018-01-10 10:19:08.291000,31.2,31.2,31.25,5231713.0
2018-01-10 10:19:13.560000,31.2,31.2,31.25,5231713.0
2018-01-10 10:19:17.665000,31.2,31.2,31.25,5231713.0
2018-01-10 10:19:21.776000,31.2,31.2,31.25,5231713.0
2018-01-10 10:19:26.202000,31.2,31.2,31.25,5231713.0
2018-01-10 10:19:30.730000,31.2,31.2,31.25,5231713.0
2018-01-10 10:19:35.046000,31.2,31.2,31.25,5231713.0
2018-01-10 10:19:40.006000,31.2,31.2,31.25,5231713.0
2018-01-10 10:19:43.982000,31.2,31.2,31.25,5231713.0
2018-01-10 10:19:48.118000,31.2,31.2,31.25,5231713.0
2018-01-10 10:19:52.836000,31.2,31.2,31.25,5231713.0
2018-01-10 10:19:57.197000,31.2,31.2,31.25,5231713.0
2018-01-10 10:20:02.231000,31.2,31.2,31.25,5231713.0
2018-01-10 10:20:07.148000,31.2,31.2,31.25,5231713.0
2018-01-10 10:20:15.200000,31.2,31.2,31.25,5231713.0
2018-01-10 10:20:20.318000,31.2,31.2,31.25,5231713.0
2018-01-10 10:20:25.332000,31.2,31.2,31.25,5231713.0
2018-01-10 10:20:30.549000,31.2,31.2,31.25,5231713.0
2018-01-10 10:20:33.978000,31.2,31.2,31.25,5231713.0
2018-01-10 10:20:38.196000,31.2,31.2,31.25,5231713.0
2018-01-10 10:20:43.030000,31.2,31.2,31.25,5231713.0
2018-01-10 10:20:48.238000,31.2,31.2,31.25,5231713.0
2018-01-10 10:20:53.811000,31.2,31.2,31.25,5231713.0
2018-01-10 10:20:58.665000,31.25,31.2,31.25,5235713.0
2018-01-10 10:21:03.873000,31.25,31.2,31.25,5235713.0
2018-01-10 10:21:08.971000,31.25,31.2,31.25,5235713.0
2018-01-10 10:21:15.169000,31.25,31.2,31.25,5235713.0
2018-01-10 10:21:19.930000,31.25,31.2,31.25,5235713.0
2018-01-10 10:21:24.394000,31.25,31.2,31.25,5235713.0
2018-01-10 10:21:29.335000,31.25,31.2,31.25,5235713.0
2018-01-10 10:21:34.042000,31.25,31.2,31.25,5235713.0
2018-01-10 10:21:38.888000,31.25,31.2,31.25,5235713.0
2018-01-10 10:21:44.365000,31.25,31.2,31.25,5235713.0
2018-01-10 10:21:49.324000,31.25,31.2,31.25,5235713.0
2018-01-10 10:21:54.014000,31.25,31.2,31.25,5235713.0
2018-01-10 10:21:58.915000,31.25,31.2,31.25,5235713.0
2018-01-10 10:22:03.841000,31.25,31.2,31.25,5235713.0
2018-01-10 10:22:08.639000,31.25,31.2,31.25,5235713.0
2018-01-10 10:22:14.102000,31.25,31.2,31.25,5235713.0
2018-01-10 10:22:17.932000,31.25,31.2,31.25,5236213.0
2018-01-10 10:22:22.229000,31.25,31.2,31.25,5236213.0
2018-01-10 10:22:26.520000,31.25,31.2,31.25,5236213.0
2018-01-10 10:22:30.407000,31.25,31.2,31.25,5236213.0
2018-01-10 10:22:35.364000,31.25,31.2,31.25,5236213.0
2018-01-10 10:22:40.350000,31.25,31.2,31.25,5236213.0
2018-01-10 10:22:44.266000,31.25,31.2,31.25,5236213.0
2018-01-10 10:22:49.006000,31.25,31.2,31.25,5236213.0
2018-01-10 10:22:54.396000,31.25,31.2,31.25,5236213.0
2018-01-10 10:22:59.278000,31.25,31.2,31.25,5236213.0
2018-01-10 10:23:04.107000,31.25,31.2,31.25,5236213.0
2018-01-10 10:23:08.687000,31.25,31.2,31.25,5236213.0
2018-01-10 10:23:13.676000,31.25,31.2,31.25,5236213.0
2018-01-10 10:23:20.362000,31.25,31.2,31.25,5236213.0
2018-01-10 10:23:24.894000,31.25,31.2,31.25,5236213.0
2018-01-10 10:23:30.241000,31.25,31.2,31.25,5236213.0
2018-01-10 10:23:34.859000,31.25,31.2,31.25,5247213.0
2018-01-10 10:23:39.360000,31.25,31.2,31.25,5247213.0
2018-01-10 10:23:43.624000,31.25,31.2,31.25,5247213.0
2018-01-10 10:23:47.701000,31.25,31.2,31.25,5247213.0
2018-01-10 10:23:52.439000,31.25,31.2,31.25,5247213.0
2018-01-10 10:23:56.444000,31.25,31.2,31.25,5247213.0
2018-01-10 10:24:00.876000,31.25,31.2,31.25,5247213.0
2018-01-10 10:24:05.109000,31.25,31.2,31.25,5247213.0
2018-01-10 10:24:09.243000,31.25,31.2,31.25,5247213.0
2018-01-10 10:24:14.141000,31.25,31.2,31.25,5247213.0
2018-01-10 10:24:18.328000,31.25,31.2,31.25,5247213.0
2018-01-10 10:24:22.985000,31.25,31.2,31.25,5247213.0
2018-01-10 10:24:27.631000,31.25,31.2,31.25,5247213.0
2018-01-10 10:24:32.378000,31.25,31.2,31.25,5247213.0
2018-01-10 10:24:36.582000,31.25,31.2,31.25,5247213.0
2018-01-10 10:24:41.802000,31.25,31.2,31.25,5247213.0
2018-01-10 10:24:46.281000,31.25,31.2,31.25,5247213.0
2018-01-10 10:24:51.367000,31.25,31.2,31.25,5247213.0
2018-01-10 10:24:55.318000,31.25,31.2,31.25,5247213.0
2018-01-10 10:25:00.252000,31.25,31.2,31.25,5247213.0
2018-01-10 10:25:04.587000,31.25,31.2,31.25,5247213.0
2018-01-10 10:25:10.387000,31.2,31.2,31.25,5267713.0
2018-01-10 10:25:15.269000,31.2,31.2,31.25,5267713.0
2018-01-10 10:25:18.733000,31.2,31.2,31.25,5267713.0
2018-01-10 10:25:23.155000,31.2,31.2,31.25,5267713.0
2018-01-10 10:25:27.209000,31.2,31.2,31.25,5267713.0
2018-01-10 10:25:31.838000,31.2,31.2,31.25,5267713.0
2018-01-10 10:25:36.264000,31.2,31.2,31.25,5267713.0
2018-01-10 10:25:40.859000,31.2,31.2,31.25,5267713.0
2018-01-10 10:25:46.042000,31.2,31.2,31.25,5267713.0
2018-01-10 10:25:51.702000,31.2,31.2,31.25,5267713.0
2018-01-10 10:25:56.795000,31.2,31.2,31.25,5267713.0
2018-01-10 10:26:02.034000,31.2,31.2,31.25,5267713.0
2018-01-10 10:26:06.550000,31.2,31.2,31.25,5267713.0
2018-01-10 10:26:13.631000,31.2,31.2,31.25,5267713.0
2018-01-10 10:26:18.063000,31.2,31.2,31.25,5267713.0
2018-01-10 10:26:23.141000,31.2,31.2,31.25,5267713.0
2018-01-10 10:26:27.847000,31.2,31.2,31.25,5267713.0
2018-01-10 10:26:31.984000,31.2,31.2,31.25,5267713.0
2018-01-10 10:26:36.756000,31.2,31.2,31.25,5267713.0
2018-01-10 10:26:40.238000,31.2,31.2,31.25,5267713.0
2018-01-10 10:26:45.192000,31.2,31.2,31.25,5267713.0
2018-01-10 10:26:50.067000,31.2,31.2,31.25,5267713.0
2018-01-10 10:26:55.142000,31.2,31.2,31.25,5267713.0
2018-01-10 10:27:00.099000,31.2,31.2,31.25,5267713.0
2018-01-10 10:27:04.989000,31.2,31.2,31.25,5267713.0
2018-01-10 10:27:09.856000,31.2,31.2,31.25,5267713.0
2018-01-10 10:27:14.783000,31.2,31.2,31.25,5267713.0
2018-01-10 10:27:22.276000,31.2,31.2,31.25,5287713.0
2018-01-10 10:27:27.222000,31.2,31.2,31.25,5287713.0
2018-01-10 10:27:32.203000,31.2,31.2,31.25,5287713.0
2018-01-10 10:27:36.872000,31.2,31.2,31.25,5287713.0
2018-01-10 10:27:40.793000,31.2,31.2,31.25,5287713.0
2018-01-10 10:27:44.430000,31.2,31.2,31.25,5287713.0
2018-01-10 10:27:49.424000,31.2,31.2,31.25,5287713.0
2018-01-10 10:27:53.959000,31.2,31.2,31.25,5287713.0
2018-01-10 10:27:58.330000,31.2,31.2,31.25,5287713.0
2018-01-10 10:28:02.189000,31.2,31.2,31.25,5287713.0
2018-01-10 10:28:07.188000,31.2,31.2,31.25,5287713.0
2018-01-10 10:28:11.775000,31.2,31.2,31.25,5287713.0
2018-01-10 10:28:16.648000,31.2,31.2,31.25,5287713.0
2018-01-10 10:28:21.734000,31.2,31.2,31.25,5287713.0
2018-01-10 10:28:26.083000,31.2,31.2,31.25,5287713.0
2018-01-10 10:28:30.820000,31.2,31.2,31.25,5287713.0
2018-01-10 10:28:35.320000,31.25,31.2,31.25,5292713.0
2018-01-10 10:28:40.314000,31.25,31.2,31.25,5292713.0
2018-01-10 10:28:45.199000,31.25,31.2,31.25,5292713.0
2018-01-10 10:28:49.889000,31.25,31.2,31.25,5292713.0
2018-01-10 10:28:54.840000,31.25,31.2,31.25,5292713.0
2018-01-10 10:29:05.208000,31.25,31.2,31.25,5292713.0
2018-01-10 10:29:11.699000,31.25,31.2,31.25,5292713.0
2018-01-10 10:29:15.716000,31.25,31.2,31.25,5292713.0
2018-01-10 10:29:18.987000,31.25,31.2,31.25,5292713.0
2018-01-10 10:29:23.394000,31.25,31.2,31.25,5292713.0
2018-01-10 10:29:28.347000,31.25,31.2,31.25,5292713.0
2018-01-10 10:29:33.271000,31.25,31.2,31.25,5292713.0
2018-01-10 10:29:38.304000,31.25,31.2,31.25,5292713.0
2018-01-10 10:29:43.147000,31.25,31.2,31.25,5292713.0
2018-01-10 10:29:48.173000,31.25,31.2,31.25,5292713.0
2018-01-10 10:29:53.379000,31.25,31.2,31.25,5292713.0
2018-01-10 10:29:57.855000,31.25,31.2,31.25,5292713.0
2018-01-10 10:30:02.030000,31.25,31.2,31.25,5292713.0
2018-01-10 10:30:06.324000,31.25,31.2,31.25,5292713.0
2018-01-10 10:30:11.720000,31.25,31.2,31.25,5292713.0
2018-01-10 10:30:16.299000,31.25,31.2,31.25,5292713.0
2018-01-10 10:30:20.801000,31.25,31.2,31.25,5292713.0
2018-01-10 10:30:26.291000,31.25,31.2,31.25,5292713.0
2018-01-10 10:30:30.914000,31.25,31.2,31.25,5292713.0
2018-01-10 10:30:34.428000,31.25,31.2,31.25,5292713.0
2018-01-10 10:30:39.098000,31.25,31.2,31.25,5292713.0
2018-01-10 10:30:42.921000,31.25,31.2,31.25,5292713.0
2018-01-10 10:30:46.995000,31.2,31.2,31.25,5296713.0
2018-01-10 10:30:51.221000,31.2,31.2,31.25,5296713.0
2018-01-10 10:30:55.752000,31.2,31.2,31.25,5296713.0
2018-01-10 10:30:59.934000,31.2,31.2,31.25,5296713.0
2018-01-10 10:31:04.839000,31.2,31.2,31.25,5296713.0
2018-01-10 10:31:12.146000,31.2,31.2,31.25,5296713.0
2018-01-10 10:31:18.063000,31.2,31.2,31.25,5296713.0
2018-01-10 10:31:22.442000,31.2,31.2,31.25,5296713.0
2018-01-10 10:31:26.384000,31.2,31.2,31.25,5296713.0
2018-01-10 10:31:30.538000,31.2,31.2,31.25,5296713.0
2018-01-10 10:31:35.483000,31.2,31.2,31.25,5296713.0
2018-01-10 10:31:40.369000,31.2,31.2,31.25,5296713.0
2018-01-10 10:31:43.946000,31.2,31.2,31.25,5296713.0
2018-01-10 10:31:48.446000,31.2,31.2,31.25,5296713.0
2018-01-10 10:31:52.170000,31.2,31.2,31.25,5296713.0
2018-01-10 10:31:56.291000,31.2,31.2,31.25,5296713.0
2018-01-10 10:32:01.141000,31.2,31.2,31.25,5296713.0
2018-01-10 10:32:05.838000,31.2,31.2,31.25,5296713.0
2018-01-10 10:32:13.914000,31.2,31.2,31.25,5296713.0
2018-01-10 10:32:17.870000,31.2,31.2,31.25,5296713.0
2018-01-10 10:32:22.739000,31.2,31.2,31.25,5296713.0
2018-01-10 10:32:27.229000,31.25,31.2,31.25,5299713.0
2018-01-10 10:32:32.116000,31.25,31.2,31.25,5299713.0
2018-01-10 10:32:36.099000,31.25,31.2,31.25,5299713.0
2018-01-10 10:32:41.093000,31.25,31.2,31.25,5299713.0
2018-01-10 10:32:45.668000,31.25,31.2,31.25,5299713.0
2018-01-10 10:32:50.090000,31.25,31.2,31.25,5299713.0
2018-01-10 10:32:54.585000,31.25,31.2,31.25,5299713.0
2018-01-10 10:32:59.682000,31.25,31.2,31.25,5299713.0
2018-01-10 10:33:05.825000,31.25,31.2,31.25,5299713.0
2018-01-10 10:33:09.848000,31.25,31.2,31.25,5299713.0
2018-01-10 10:33:14.899000,31.25,31.2,31.25,5299713.0
2018-01-10 10:33:21.608000,31.25,31.2,31.25,5299713.0
2018-01-10 10:33:25.389000,31.25,31.2,31.25,5299713.0
2018-01-10 10:33:29.306000,31.25,31.2,31.25,5299713.0
2018-01-10 10:33:32.408000,31.25,31.2,31.25,5299713.0
2018-01-10 10:33:37.497000,31.25,31.2,31.25,5299713.0
2018-01-10 10:33:42.718000,31.25,31.2,31.25,5299713.0
2018-01-10 10:33:47.295000,31.25,31.2,31.25,5299713.0
2018-01-10 10:33:52.733000,31.2,31.2,31.25,5301713.0
2018-01-10 10:33:57.362000,31.2,31.2,31.25,5301713.0
2018-01-10 10:34:02.117000,31.2,31.2,31.25,5301713.0
2018-01-10 10:34:07.278000,31.2,31.2,31.25,5301713.0
2018-01-10 10:34:11.513000,31.2,31.2,31.25,5301713.0
2018-01-10 10:34:17.709000,31.2,31.2,31.25,5301713.0
2018-01-10 10:34:22.547000,31.2,31.2,31.25,5301713.0
2018-01-10 10:34:26.837000,31.2,31.2,31.25,5301713.0
2018-01-10 10:34:31.778000,31.2,31.2,31.25,5301713.0
2018-01-10 10:34:37.021000,31.2,31.2,31.25,5301713.0
2018-01-10 10:34:41.597000,31.2,31.2,31.25,5301713.0
2018-01-10 10:34:46.065000,31.2,31.2,31.25,5301713.0
2018-01-10 10:34:50.426000,31.2,31.2,31.25,5301713.0
2018-01-10 10:34:54.152000,31.2,31.2,31.25,5301713.0
2018-01-10 10:34:59.182000,31.2,31.2,31.25,5301713.0
2018-01-10 10:35:04.790000,31.2,31.2,31.25,5301713.0
2018-01-10 10:35:09.498000,31.2,31.2,31.25,5301713.0
2018-01-10 10:35:15.067000,31.2,31.2,31.25,5301713.0
2018-01-10 10:35:19.622000,31.2,31.2,31.25,5301713.0
2018-01-10 10:35:23.949000,31.2,31.2,31.25,5301713.0
2018-01-10 10:35:28.409000,31.2,31.2,31.25,5301713.0
2018-01-10 10:35:33.271000,31.2,31.2,31.25,5301713.0
2018-01-10 10:35:38.713000,31.2,31.2,31.25,5301713.0
2018-01-10 10:35:42.607000,31.2,31.2,31.25,5301713.0
2018-01-10 10:35:47.661000,31.2,31.2,31.25,5301713.0
2018-01-10 10:35:52.551000,31.2,31.2,31.25,5301713.0
2018-01-10 10:35:56.239000,31.2,31.2,31.25,5301713.0
2018-01-10 10:36:01.043000,31.2,31.2,31.25,5301713.0
2018-01-10 10:36:05.656000,31.2,31.2,31.25,5301713.0
2018-01-10 10:36:12.229000,31.2,31.2,31.25,5301713.0
2018-01-10 10:36:16.786000,31.2,31.2,31.25,5301713.0
2018-01-10 10:36:23.128000,31.2,31.2,31.25,5301713.0
2018-01-10 10:36:27.904000,31.2,31.2,31.25,5301713.0
2018-01-10 10:36:32.626000,31.2,31.2,31.25,5301713.0
2018-01-10 10:36:36.499000,31.2,31.2,31.25,5301713.0
2018-01-10 10:36:41.468000,31.2,31.2,31.25,5301713.0
2018-01-10 10:36:46.095000,31.2,31.2,31.25,5301713.0
2018-01-10 10:36:50.859000,31.2,31.2,31.25,5301713.0
2018-01-10 10:36:54.733000,31.2,31.2,31.25,5301713.0
2018-01-10 10:36:59.827000,31.2,31.2,31.25,5301713.0
2018-01-10 10:37:04.684000,31.2,31.2,31.25,5301713.0
2018-01-10 10:37:08.841000,31.2,31.2,31.25,5301713.0
2018-01-10 10:37:13.480000,31.2,31.2,31.25,5301713.0
2018-01-10 10:37:18.004000,31.2,31.2,31.25,5301713.0
2018-01-10 10:37:22.905000,31.2,31.2,31.25,5301713.0
2018-01-10 10:37:26.827000,31.2,31.2,31.25,5301713.0
2018-01-10 10:37:31.657000,31.2,31.2,31.25,5301713.0
2018-01-10 10:37:36.344000,31.2,31.2,31.25,5301713.0
2018-01-10 10:37:41.468000,31.2,31.2,31.25,5301713.0
2018-01-10 10:37:46.062000,31.2,31.2,31.25,5301713.0
2018-01-10 10:37:49.170000,31.2,31.2,31.25,5301713.0
2018-01-10 10:37:53.853000,31.2,31.2,31.25,5301713.0
2018-01-10 10:37:58.897000,31.2,31.2,31.25,5301713.0
2018-01-10 10:38:03.967000,31.2,31.2,31.25,5301713.0
2018-01-10 10:38:08.139000,31.2,31.2,31.25,5301713.0
2018-01-10 10:38:15.581000,31.25,31.2,31.25,5303713.0
2018-01-10 10:38:19.813000,31.25,31.2,31.25,5303713.0
2018-01-10 10:38:24.439000,31.25,31.2,31.25,5303713.0
2018-01-10 10:38:28.351000,31.25,31.2,31.25,5303713.0
2018-01-10 10:38:32.835000,31.25,31.2,31.25,5303713.0
2018-01-10 10:38:37.510000,31.25,31.2,31.25,5303713.0
2018-01-10 10:38:41.691000,31.25,31.2,31.25,5303713.0
2018-01-10 10:38:46.471000,31.25,31.2,31.25,5303713.0
2018-01-10 10:38:51.395000,31.25,31.2,31.25,5303713.0
2018-01-10 10:38:56.469000,31.25,31.2,31.25,5303713.0
2018-01-10 10:39:01.124000,31.25,31.2,31.25,5303713.0
2018-01-10 10:39:07.113000,31.25,31.2,31.25,5303713.0
2018-01-10 10:39:11.951000,31.25,31.2,31.25,5303713.0
2018-01-10 10:39:17.526000,31.25,31.2,31.25,5303713.0
2018-01-10 10:39:22.287000,31.25,31.2,31.25,5303713.0
2018-01-10 10:39:27.223000,31.25,31.2,31.25,5303713.0
2018-01-10 10:39:31.454000,31.25,31.2,31.25,5303713.0
2018-01-10 10:39:35.797000,31.25,31.2,31.25,5303713.0
2018-01-10 10:39:40.614000,31.25,31.2,31.25,5303713.0
2018-01-10 10:39:44.422000,31.25,31.2,31.25,5303713.0
2018-01-10 10:39:48.665000,31.25,31.2,31.25,5303713.0
2018-01-10 10:39:53.809000,31.25,31.2,31.25,5303713.0
2018-01-10 10:39:57.741000,31.25,31.2,31.25,5303713.0
2018-01-10 10:40:01.755000,31.25,31.2,31.25,5303713.0
2018-01-10 10:40:05.958000,31.25,31.2,31.25,5303713.0
2018-01-10 10:40:13.660000,31.25,31.2,31.25,5303713.0
2018-01-10 10:40:18.584000,31.25,31.2,31.25,5303713.0
2018-01-10 10:40:24.501000,31.25,31.2,31.25,5303713.0
2018-01-10 10:40:28.518000,31.25,31.2,31.25,5304713.0
2018-01-10 10:40:33.310000,31.25,31.2,31.25,5304713.0
2018-01-10 10:40:37.552000,31.25,31.2,31.25,5304713.0
2018-01-10 10:40:42.765000,31.25,31.2,31.25,5304713.0
2018-01-10 10:40:47.035000,31.25,31.2,31.25,5304713.0
2018-01-10 10:40:52.066000,31.25,31.2,31.25,5304713.0
2018-01-10 10:40:56.867000,31.25,31.2,31.25,5304713.0
2018-01-10 10:41:00.348000,31.25,31.2,31.25,5304713.0
2018-01-10 10:41:03.417000,31.25,31.2,31.25,5304713.0
2018-01-10 10:41:07.705000,31.25,31.2,31.25,5304713.0
2018-01-10 10:41:12.584000,31.25,31.2,31.25,5304713.0
2018-01-10 10:41:16.255000,31.25,31.2,31.25,5304713.0
2018-01-10 10:41:22.310000,31.25,31.2,31.25,5304713.0
2018-01-10 10:41:27.136000,31.25,31.2,31.25,5305713.0
2018-01-10 10:41:32.641000,31.25,31.2,31.25,5305713.0
2018-01-10 10:41:37.947000,31.25,31.2,31.25,5725213.0
2018-01-10 10:41:42.929000,31.25,31.2,31.25,5737213.0
2018-01-10 10:41:46.802000,31.25,31.2,31.25,5737213.0
2018-01-10 10:41:50.976000,31.25,31.2,31.25,5737213.0
2018-01-10 10:41:56.702000,31.25,31.2,31.25,5737213.0
2018-01-10 10:42:01.348000,31.25,31.2,31.25,5737213.0
2018-01-10 10:42:08.341000,31.25,31.2,31.25,5737213.0
2018-01-10 10:42:12.731000,31.25,31.2,31.25,5944504.0
2018-01-10 10:42:16.692000,31.25,31.2,31.25,5944504.0
2018-01-10 10:42:21.070000,31.25,31.2,31.25,5944504.0
2018-01-10 10:42:26.286000,31.25,31.2,31.25,5944504.0
2018-01-10 10:42:31.466000,31.25,31.2,31.25,5944504.0
2018-01-10 10:42:35.698000,31.25,31.2,31.25,5944504.0
2018-01-10 10:42:40.931000,31.25,31.2,31.25,5944504.0
2018-01-10 10:42:45.315000,31.25,31.2,31.25,5944504.0
2018-01-10 10:42:50.346000,31.25,31.2,31.25,5944504.0
2018-01-10 10:42:54.706000,31.25,31.2,31.25,5944504.0
2018-01-10 10:43:00.915000,31.25,31.2,31.25,5944504.0
2018-01-10 10:43:08.963000,31.25,31.2,31.25,5944504.0
2018-01-10 10:43:13.695000,31.25,31.2,31.25,5944504.0
2018-01-10 10:43:18.713000,31.25,31.2,31.25,5944504.0
2018-01-10 10:43:23.598000,31.25,31.2,31.25,5944504.0
2018-01-10 10:43:27.645000,31.25,31.2,31.25,5944504.0
2018-01-10 10:43:32.414000,31.25,31.2,31.25,5944504.0
2018-01-10 10:43:37.402000,31.25,31.2,31.25,6452004.0
2018-01-10 10:43:42.372000,31.25,31.2,31.25,6452004.0
2018-01-10 10:43:46.374000,31.25,31.2,31.25,6452004.0
2018-01-10 10:43:51.286000,31.25,31.2,31.25,6452004.0
2018-01-10 10:43:56.286000,31.25,31.2,31.25,6452004.0
2018-01-10 10:44:01.306000,31.25,31.2,31.25,6452004.0
2018-01-10 10:44:06.009000,31.25,31.2,31.25,6452004.0
2018-01-10 10:44:10.349000,31.25,31.2,31.25,6452004.0
2018-01-10 10:44:19.043000,31.25,31.2,31.25,6452004.0
2018-01-10 10:44:24.018000,31.25,31.2,31.25,6452004.0
2018-01-10 10:44:29.038000,31.25,31.2,31.25,6452004.0
2018-01-10 10:44:33.805000,31.25,31.2,31.25,6452004.0
2018-01-10 10:44:38.566000,31.25,31.2,31.25,6452004.0
2018-01-10 10:44:43.338000,31.25,31.2,31.25,6452004.0
2018-01-10 10:44:47.805000,31.25,31.2,31.25,6452004.0
2018-01-10 10:44:52.556000,31.25,31.2,31.25,6452004.0
2018-01-10 10:44:57.487000,31.25,31.2,31.25,6452004.0
2018-01-10 10:45:01.936000,31.25,31.2,31.25,6452004.0
2018-01-10 10:45:08.361000,31.2,31.2,31.25,6455504.0
2018-01-10 10:45:13.146000,31.2,31.2,31.25,6455504.0
2018-01-10 10:45:17.736000,31.2,31.2,31.25,6455504.0
2018-01-10 10:45:23.107000,31.2,31.2,31.25,6455504.0
2018-01-10 10:45:27.653000,31.2,31.2,31.25,6455504.0
2018-01-10 10:45:32.371000,31.2,31.2,31.25,6455504.0
2018-01-10 10:45:37.300000,31.2,31.2,31.25,6455504.0
2018-01-10 10:45:41.852000,31.2,31.2,31.25,6455504.0
2018-01-10 10:45:46.916000,31.2,31.2,31.25,6455504.0
2018-01-10 10:45:51.519000,31.2,31.2,31.25,6455504.0
2018-01-10 10:45:55.670000,31.2,31.2,31.25,6455504.0
2018-01-10 10:46:00.150000,31.2,31.2,31.25,6455504.0
2018-01-10 10:46:05.369000,31.2,31.2,31.25,6455504.0
2018-01-10 10:46:10.637000,31.2,31.2,31.25,6455504.0
2018-01-10 10:46:15.586000,31.2,31.2,31.25,6455504.0
2018-01-10 10:46:20.852000,31.2,31.2,31.25,6455504.0
2018-01-10 10:46:24.627000,31.2,31.2,31.25,6455504.0
2018-01-10 10:46:28.939000,31.2,31.2,31.25,6455504.0
2018-01-10 10:46:33.552000,31.2,31.2,31.25,6455504.0
2018-01-10 10:46:38.235000,31.2,31.2,31.25,6455504.0
2018-01-10 10:46:41.938000,31.2,31.2,31.25,6455504.0
2018-01-10 10:46:46.912000,31.2,31.2,31.25,6455504.0
2018-01-10 10:46:52.166000,31.25,31.2,31.25,6460504.0
2018-01-10 10:46:56.543000,31.25,31.2,31.25,6460504.0
2018-01-10 10:47:01.227000,31.25,31.2,31.25,6460504.0
2018-01-10 10:47:09.502000,31.25,31.2,31.25,6460504.0
2018-01-10 10:47:14.153000,31.25,31.2,31.25,6460504.0
2018-01-10 10:47:19.172000,31.25,31.2,31.25,6460504.0
2018-01-10 10:47:23.607000,31.25,31.2,31.25,6460504.0
2018-01-10 10:47:27.891000,31.25,31.2,31.25,6460504.0
2018-01-10 10:47:32.201000,31.25,31.2,31.25,6460504.0
2018-01-10 10:47:37.040000,31.25,31.2,31.25,6460504.0
2018-01-10 10:47:41.181000,31.25,31.2,31.25,6460504.0
2018-01-10 10:47:45.635000,31.25,31.2,31.25,6460504.0
2018-01-10 10:47:50.808000,31.25,31.2,31.25,6460504.0
2018-01-10 10:47:55.340000,31.25,31.2,31.25,6460504.0
2018-01-10 10:47:59.150000,31.25,31.2,31.25,6460504.0
2018-01-10 10:48:04.074000,31.25,31.2,31.25,6460504.0
2018-01-10 10:48:08.923000,31.25,31.2,31.25,6601004.0
2018-01-10 10:48:13.050000,31.25,31.2,31.25,6601004.0
2018-01-10 10:48:18.220000,31.25,31.2,31.25,6601004.0
2018-01-10 10:48:22.805000,31.25,31.2,31.25,6601004.0
2018-01-10 10:48:27.973000,31.25,31.2,31.25,6601004.0
2018-01-10 10:48:33.102000,31.25,31.2,31.25,6601004.0
2018-01-10 10:48:37.131000,31.25,31.2,31.25,6601004.0
2018-01-10 10:48:41.505000,31.25,31.25,31.3,6947504.0
2018-01-10 10:48:46.025000,31.25,31.25,31.3,6947504.0
2018-01-10 10:48:50.589000,31.25,31.25,31.3,6947504.0
2018-01-10 10:48:54.560000,31.25,31.25,31.3,6947504.0
2018-01-10 10:48:57.876000,31.25,31.25,31.3,6947504.0
2018-01-10 10:49:02.639000,31.25,31.25,31.3,6947504.0
2018-01-10 10:49:10.809000,31.25,31.2,31.25,7309004.0
2018-01-10 10:49:18.773000,31.25,31.2,31.25,7309004.0
2018-01-10 10:49:24.031000,31.25,31.2,31.25,7309004.0
2018-01-10 10:49:28.540000,31.25,31.2,31.25,7309004.0
2018-01-10 10:49:32.989000,31.25,31.2,31.25,7309004.0
2018-01-10 10:49:37.344000,31.25,31.2,31.25,7309004.0
2018-01-10 10:49:42.135000,31.25,31.2,31.25,7309004.0
2018-01-10 10:49:47.389000,31.25,31.2,31.25,7309004.0
2018-01-10 10:49:51.880000,31.25,31.2,31.25,7309004.0
2018-01-10 10:49:56.922000,31.25,31.2,31.25,7309004.0
2018-01-10 10:50:00.700000,31.25,31.2,31.25,7309004.0
2018-01-10 10:50:08.070000,31.25,31.2,31.25,7309004.0
2018-01-10 10:50:12.372000,31.25,31.2,31.25,7309004.0
2018-01-10 10:50:18.743000,31.25,31.2,31.25,7309004.0
2018-01-10 10:50:23.749000,31.25,31.25,31.3,7653504.0
2018-01-10 10:50:28.857000,31.25,31.25,31.3,7653504.0
2018-01-10 10:50:33.158000,31.25,31.25,31.3,7653504.0
2018-01-10 10:50:37.218000,31.25,31.25,31.3,7653504.0
2018-01-10 10:50:41.654000,31.25,31.25,31.3,7653504.0
2018-01-10 10:50:46.732000,31.25,31.25,31.3,7653504.0
2018-01-10 10:50:51.686000,31.25,31.25,31.3,7653504.0
2018-01-10 10:50:56.606000,31.25,31.25,31.3,7653504.0
2018-01-10 10:51:01.575000,31.25,31.25,31.3,7653504.0
2018-01-10 10:51:05.141000,31.25,31.25,31.3,7653504.0
2018-01-10 10:51:09.076000,31.25,31.25,31.3,7653504.0
2018-01-10 10:51:14.475000,31.25,31.25,31.3,7653504.0
2018-01-10 10:51:19.919000,31.25,31.25,31.3,7653504.0
2018-01-10 10:51:24.525000,31.25,31.25,31.3,7653504.0
2018-01-10 10:51:29.777000,31.25,31.25,31.3,7653504.0
2018-01-10 10:51:34.611000,31.25,31.25,31.3,7653504.0
2018-01-10 10:51:38.802000,31.25,31.25,31.3,7653504.0
2018-01-10 10:51:43.034000,31.25,31.25,31.3,7653504.0
2018-01-10 10:51:47.142000,31.25,31.25,31.3,7653504.0
2018-01-10 10:51:52.111000,31.25,31.25,31.3,7653504.0
2018-01-10 10:51:57.320000,31.3,31.25,31.3,7666004.0
2018-01-10 10:52:01.639000,31.3,31.25,31.3,7666004.0
2018-01-10 10:52:06.124000,31.3,31.25,31.3,7666004.0
2018-01-10 10:52:10.264000,31.3,31.25,31.3,7666004.0
2018-01-10 10:52:17.768000,31.3,31.25,31.3,7666004.0
2018-01-10 10:52:22.706000,31.3,31.25,31.3,7666004.0
2018-01-10 10:52:27.191000,31.3,31.25,31.3,7666004.0
2018-01-10 10:52:31.766000,31.3,31.25,31.3,7666004.0
2018-01-10 10:52:37.051000,31.3,31.25,31.3,7666004.0
2018-01-10 10:52:41.893000,31.3,31.25,31.3,7666004.0
2018-01-10 10:52:46.933000,31.3,31.25,31.3,7666004.0
2018-01-10 10:52:51.143000,31.3,31.25,31.3,7666004.0
2018-01-10 10:52:55.846000,31.3,31.25,31.3,7666004.0
2018-01-10 10:53:00.769000,31.3,31.25,31.3,7666004.0
2018-01-10 10:53:05.657000,31.3,31.25,31.3,7666004.0
2018-01-10 10:53:10.360000,31.3,31.25,31.3,7666004.0
2018-01-10 10:53:16.363000,31.3,31.25,31.3,7666004.0
2018-01-10 10:53:21.289000,31.3,31.25,31.3,7666004.0
2018-01-10 10:53:25.957000,31.25,31.25,31.3,7671004.0
2018-01-10 10:53:30.688000,31.25,31.25,31.3,7671004.0
2018-01-10 10:53:35.295000,31.25,31.25,31.3,7671004.0
2018-01-10 10:53:39.586000,31.25,31.25,31.3,7671004.0
2018-01-10 10:53:44.615000,31.25,31.25,31.3,7671004.0
2018-01-10 10:53:49.730000,31.25,31.25,31.3,7671004.0
2018-01-10 10:53:54.315000,31.25,31.25,31.3,7671004.0
2018-01-10 10:53:59.048000,31.25,31.25,31.3,7671004.0
2018-01-10 10:54:03.240000,31.25,31.25,31.3,7671004.0
2018-01-10 10:54:08.499000,31.25,31.25,31.3,7671004.0
2018-01-10 10:54:12.971000,31.25,31.25,31.3,7671004.0
2018-01-10 10:54:16.831000,31.25,31.25,31.3,7671004.0
2018-01-10 10:54:21.688000,31.25,31.25,31.3,7671004.0
2018-01-10 10:54:26.682000,31.25,31.25,31.3,7671004.0
2018-01-10 10:54:31.901000,31.25,31.25,31.3,7671095.0
2018-01-10 10:54:36.392000,31.25,31.25,31.3,7671095.0
2018-01-10 10:54:41.073000,31.25,31.2,31.3,8045595.0
2018-01-10 10:54:45.238000,31.25,31.2,31.3,8045595.0
2018-01-10 10:54:49.684000,31.25,31.2,31.3,8045595.0
2018-01-10 10:54:54.653000,31.25,31.2,31.3,8045595.0
2018-01-10 10:54:58.719000,31.25,31.2,31.3,8045595.0
2018-01-10 10:55:06.316000,31.25,31.2,31.3,8045595.0
2018-01-10 10:55:13.137000,31.25,31.2,31.3,8045595.0
2018-01-10 10:55:17.465000,31.25,31.2,31.3,8045595.0
2018-01-10 10:55:21.518000,31.25,31.25,31.3,8245595.0
2018-01-10 10:55:24.557000,31.25,31.25,31.3,8245595.0
2018-01-10 10:55:29.077000,31.25,31.25,31.3,8245595.0
2018-01-10 10:55:33.960000,31.25,31.25,31.3,8245595.0
2018-01-10 10:55:38.472000,31.25,31.25,31.3,8245595.0
2018-01-10 10:55:43.467000,31.25,31.25,31.3,8245595.0
2018-01-10 10:55:48.194000,31.25,31.25,31.3,8245595.0
2018-01-10 10:55:52.332000,31.25,31.25,31.3,8245595.0
2018-01-10 10:55:57.131000,31.25,31.25,31.3,8245595.0
2018-01-10 10:56:03.165000,31.25,31.25,31.3,8245595.0
2018-01-10 10:56:07.691000,31.25,31.25,31.3,8245595.0
2018-01-10 10:56:14.780000,31.25,31.25,31.3,8245595.0
2018-01-10 10:56:19.800000,31.25,31.25,31.3,8245595.0
2018-01-10 10:56:25.411000,31.25,31.25,31.3,8245595.0
2018-01-10 10:56:30.521000,31.25,31.25,31.3,8245595.0
2018-01-10 10:56:35.961000,31.25,31.25,31.3,8398595.0
2018-01-10 10:56:40.815000,31.25,31.25,31.3,8398595.0
2018-01-10 10:56:45.482000,31.25,31.25,31.3,8398595.0
2018-01-10 10:56:49.897000,31.25,31.25,31.3,8398595.0
2018-01-10 10:56:55.229000,31.25,31.25,31.3,8398595.0
2018-01-10 10:57:00.199000,31.25,31.25,31.3,8398595.0
2018-01-10 10:57:05.149000,31.25,31.25,31.3,8398595.0
2018-01-10 10:57:12.977000,31.25,31.25,31.3,8398595.0
2018-01-10 10:57:20.723000,31.25,31.25,31.3,8398595.0
2018-01-10 10:57:25.883000,31.25,31.25,31.3,8398595.0
2018-01-10 10:57:29.840000,31.25,31.25,31.3,8398595.0
2018-01-10 10:57:35.960000,31.25,31.25,31.3,8398595.0
2018-01-10 10:57:41.709000,31.25,31.25,31.3,8398595.0
2018-01-10 10:57:46.710000,31.25,31.25,31.3,8398595.0
2018-01-10 10:57:51.629000,31.25,31.25,31.3,8398595.0
2018-01-10 10:57:56.889000,31.25,31.25,31.3,8398595.0
2018-01-10 10:58:01.648000,31.25,31.25,31.3,8398595.0
2018-01-10 10:58:05.771000,31.25,31.25,31.3,8398595.0
2018-01-10 10:58:10.507000,31.25,31.25,31.3,8398595.0
2018-01-10 10:58:15.569000,31.25,31.25,31.3,8398595.0
2018-01-10 10:58:20.495000,31.25,31.25,31.3,8398595.0
2018-01-10 10:58:25.682000,31.25,31.25,31.3,8398595.0
2018-01-10 10:58:30.059000,31.25,31.25,31.3,8398595.0
2018-01-10 10:58:34.335000,31.25,31.25,31.3,8398595.0
2018-01-10 10:58:38.728000,31.25,31.25,31.3,8398595.0
2018-01-10 10:58:43.521000,31.25,31.25,31.3,8398595.0
2018-01-10 10:58:47.259000,31.25,31.25,31.3,8398595.0
2018-01-10 10:58:51.305000,31.25,31.2,31.25,8402095.0
2018-01-10 10:58:56.319000,31.25,31.2,31.25,8402095.0
2018-01-10 10:59:01.008000,31.25,31.2,31.25,8402095.0
2018-01-10 10:59:06.116000,31.25,31.2,31.25,8402095.0
2018-01-10 10:59:13.229000,31.25,31.2,31.25,8402095.0
2018-01-10 10:59:19.571000,31.25,31.2,31.25,8402095.0
2018-01-10 10:59:24.377000,31.25,31.2,31.25,8402095.0
2018-01-10 10:59:29.199000,31.25,31.2,31.25,8402095.0
2018-01-10 10:59:34.226000,31.25,31.2,31.25,8402095.0
2018-01-10 10:59:38.730000,31.25,31.2,31.25,8402170.0
2018-01-10 10:59:44.136000,31.25,31.2,31.25,8402170.0
2018-01-10 10:59:49.130000,31.25,31.2,31.25,8402170.0
2018-01-10 10:59:53.887000,31.25,31.2,31.25,8402170.0
2018-01-10 10:59:58.641000,31.25,31.2,31.25,8402170.0
2018-01-10 11:00:03.288000,31.25,31.2,31.25,8402170.0
2018-01-10 11:00:12.026000,31.25,31.2,31.25,8402170.0
2018-01-10 11:00:17.164000,31.25,31.2,31.25,8402170.0
2018-01-10 11:00:21.511000,31.25,31.2,31.25,8402170.0
2018-01-10 11:00:26.289000,31.25,31.2,31.25,8402170.0
2018-01-10 11:00:29.375000,31.25,31.2,31.25,8402170.0
2018-01-10 11:00:33.137000,31.25,31.2,31.25,8402170.0
2018-01-10 11:00:37.316000,31.25,31.2,31.25,8402410.0
2018-01-10 11:00:42.415000,31.25,31.2,31.25,8402410.0
2018-01-10 11:00:47.363000,31.25,31.2,31.25,8402410.0
2018-01-10 11:00:51.509000,31.25,31.2,31.25,8402410.0
2018-01-10 11:00:55.357000,31.25,31.2,31.25,8402410.0
2018-01-10 11:01:00.361000,31.25,31.2,31.25,8402410.0
2018-01-10 11:01:04.952000,31.25,31.2,31.25,8402410.0
2018-01-10 11:01:09.977000,31.25,31.2,31.25,8402410.0
2018-01-10 11:01:13.857000,31.25,31.2,31.25,8402410.0
2018-01-10 11:01:18.577000,31.25,31.2,31.25,8402410.0
2018-01-10 11:01:23.405000,31.25,31.2,31.25,8402410.0
2018-01-10 11:01:27.373000,31.25,31.2,31.25,8402410.0
2018-01-10 11:01:31.728000,31.25,31.2,31.25,8402410.0
2018-01-10 11:01:36.039000,31.25,31.2,31.25,8402410.0
2018-01-10 11:01:41.152000,31.25,31.2,31.25,8402410.0
2018-01-10 11:01:45.571000,31.25,31.2,31.25,8402410.0
2018-01-10 11:01:51.058000,31.25,31.2,31.25,8402410.0
2018-01-10 11:01:56.055000,31.25,31.2,31.25,8402410.0
2018-01-10 11:01:59.747000,31.25,31.2,31.25,8402410.0
2018-01-10 11:02:08.045000,31.25,31.2,31.25,8402410.0
2018-01-10 11:02:15.782000,31.25,31.2,31.25,8402410.0
2018-01-10 11:02:22.967000,31.2,31.2,31.25,8405410.0
2018-01-10 11:02:28.139000,31.2,31.2,31.25,8405410.0
2018-01-10 11:02:32.574000,31.2,31.2,31.25,8405410.0
2018-01-10 11:02:36.840000,31.2,31.2,31.25,8405410.0
2018-01-10 11:02:40.834000,31.2,31.2,31.25,8405410.0
2018-01-10 11:02:45.632000,31.2,31.2,31.25,8405410.0
2018-01-10 11:02:50.940000,31.2,31.2,31.25,8405410.0
2018-01-10 11:02:55.954000,31.2,31.2,31.25,8405410.0
2018-01-10 11:03:00.065000,31.2,31.2,31.25,8405410.0
2018-01-10 11:03:04.164000,31.2,31.2,31.25,8405410.0
2018-01-10 11:03:13.704000,31.2,31.2,31.25,8405410.0
2018-01-10 11:03:17.824000,31.2,31.2,31.25,8405410.0
2018-01-10 11:03:22.109000,31.2,31.2,31.25,8405410.0
2018-01-10 11:03:26.792000,31.2,31.2,31.25,8405410.0
2018-01-10 11:03:31.872000,31.2,31.2,31.25,8405410.0
2018-01-10 11:03:36.907000,31.2,31.2,31.25,8405410.0
2018-01-10 11:03:41.556000,31.2,31.2,31.25,8405410.0
2018-01-10 11:03:46.451000,31.2,31.2,31.25,8405410.0
2018-01-10 11:03:51.090000,31.2,31.2,31.25,8405410.0
2018-01-10 11:03:56.389000,31.2,31.2,31.25,8408410.0
2018-01-10 11:04:00.818000,31.2,31.2,31.25,8408410.0
2018-01-10 11:04:05.442000,31.2,31.2,31.25,8408410.0
2018-01-10 11:04:14.281000,31.2,31.2,31.25,8408410.0
2018-01-10 11:04:20.549000,31.2,31.2,31.25,8408410.0
2018-01-10 11:04:25.814000,31.2,31.2,31.25,8408410.0
2018-01-10 11:04:30.359000,31.2,31.2,31.25,8408410.0
2018-01-10 11:04:35.348000,31.2,31.2,31.25,8408410.0
2018-01-10 11:04:40.154000,31.2,31.2,31.25,8408410.0
2018-01-10 11:04:44.466000,31.2,31.2,31.25,8408410.0
2018-01-10 11:04:49.478000,31.2,31.2,31.25,8408410.0
2018-01-10 11:04:54.201000,31.2,31.2,31.25,8408410.0
2018-01-10 11:04:59.817000,31.2,31.2,31.25,8408410.0
2018-01-10 11:05:04.737000,31.2,31.2,31.25,8408410.0
2018-01-10 11:05:11.198000,31.2,31.2,31.25,8408410.0
2018-01-10 11:05:14.611000,31.2,31.2,31.25,8408410.0
2018-01-10 11:05:19.646000,31.2,31.2,31.25,8408410.0
2018-01-10 11:05:25.318000,31.2,31.2,31.25,8408410.0
2018-01-10 11:05:30.098000,31.2,31.2,31.25,8408410.0
2018-01-10 11:05:35.680000,31.2,31.2,31.25,8408410.0
2018-01-10 11:05:40.595000,31.2,31.2,31.25,8408410.0
2018-01-10 11:05:45.241000,31.2,31.2,31.25,8408410.0
2018-01-10 11:05:49.458000,31.2,31.2,31.25,8408410.0
2018-01-10 11:05:54.102000,31.2,31.2,31.25,8408410.0
2018-01-10 11:05:57.739000,31.25,31.2,31.25,8411410.0
2018-01-10 11:06:01.500000,31.25,31.2,31.25,8411410.0
2018-01-10 11:06:06.020000,31.25,31.2,31.25,8411410.0
2018-01-10 11:06:12.483000,31.25,31.2,31.25,8411410.0
2018-01-10 11:06:16.962000,31.25,31.2,31.25,8428910.0
2018-01-10 11:06:22.063000,31.25,31.2,31.25,8428910.0
2018-01-10 11:06:27.250000,31.25,31.2,31.25,8428910.0
2018-01-10 11:06:32.768000,31.25,31.25,31.3,8761410.0
2018-01-10 11:06:37.932000,31.25,31.25,31.3,8761410.0
2018-01-10 11:06:43.174000,31.25,31.25,31.3,8761410.0
2018-01-10 11:06:47.468000,31.25,31.25,31.3,8761410.0
2018-01-10 11:06:52.236000,31.25,31.25,31.3,8761410.0
2018-01-10 11:06:56.093000,31.25,31.25,31.3,8761410.0
2018-01-10 11:07:00.854000,31.25,31.25,31.3,8761410.0
2018-01-10 11:07:05.067000,31.25,31.25,31.3,8761410.0
2018-01-10 11:07:10.136000,31.25,31.2,31.25,9549910.0
2018-01-10 11:07:15.536000,31.25,31.2,31.25,9549910.0
2018-01-10 11:07:19.945000,31.25,31.2,31.25,9549910.0
2018-01-10 11:07:25.175000,31.25,31.2,31.25,9549910.0
2018-01-10 11:07:30.084000,31.25,31.2,31.25,9549910.0
2018-01-10 11:07:35.218000,31.25,31.2,31.25,9549910.0
2018-01-10 11:07:40.429000,31.25,31.2,31.25,9549910.0
2018-01-10 11:07:45.267000,31.25,31.2,31.25,10129410.0
2018-01-10 11:07:49.724000,31.25,31.2,31.25,10129410.0
2018-01-10 11:07:54.414000,31.25,31.2,31.25,10129410.0
2018-01-10 11:07:57.518000,31.25,31.2,31.25,10129410.0
2018-01-10 11:08:01.686000,31.25,31.2,31.25,10129410.0
2018-01-10 11:08:05.925000,31.25,31.2,31.25,10129410.0
2018-01-10 11:08:11.480000,31.25,31.2,31.25,10129410.0
2018-01-10 11:08:15.932000,31.25,31.2,31.25,11523910.0
2018-01-10 11:08:21.550000,31.25,31.2,31.25,11523910.0
2018-01-10 11:08:26.599000,31.25,31.2,31.25,11523910.0
2018-01-10 11:08:31.456000,31.25,31.2,31.25,11523910.0
2018-01-10 11:08:34.959000,31.25,31.2,31.25,11523910.0
2018-01-10 11:08:39.741000,31.25,31.2,31.25,11523910.0
2018-01-10 11:08:44.287000,31.25,31.2,31.25,11523910.0
2018-01-10 11:08:49.708000,31.25,31.2,31.25,11523910.0
2018-01-10 11:08:54.600000,31.25,31.2,31.25,11523910.0
2018-01-10 11:08:59.238000,31.25,31.2,31.25,11523910.0
2018-01-10 11:09:03.105000,31.25,31.2,31.25,11523910.0
2018-01-10 11:09:07.823000,31.25,31.2,31.25,11523910.0
2018-01-10 11:09:14.638000,31.25,31.2,31.25,11523910.0
2018-01-10 11:09:22.301000,31.25,31.2,31.25,11523910.0
2018-01-10 11:09:26.742000,31.25,31.2,31.25,11523910.0
2018-01-10 11:09:31.229000,31.25,31.2,31.25,11523910.0
2018-01-10 11:09:35.887000,31.25,31.2,31.25,11523910.0
2018-01-10 11:09:40.768000,31.25,31.2,31.25,11523910.0
2018-01-10 11:09:45.515000,31.25,31.2,31.25,11523910.0
2018-01-10 11:09:50.464000,31.25,31.2,31.25,11523910.0
2018-01-10 11:09:55.272000,31.25,31.2,31.25,11523910.0
2018-01-10 11:10:00.800000,31.25,31.2,31.25,11523910.0
2018-01-10 11:10:08.772000,31.25,31.2,31.25,11523910.0
2018-01-10 11:10:13.411000,31.25,31.2,31.25,11523910.0
2018-01-10 11:10:20.993000,31.25,31.2,31.25,11523910.0
2018-01-10 11:10:26.234000,31.25,31.2,31.25,11523910.0
2018-01-10 11:10:29.921000,31.25,31.2,31.25,11523910.0
2018-01-10 11:10:35.493000,31.25,31.2,31.25,11523910.0
2018-01-10 11:10:40.783000,31.25,31.2,31.25,11549910.0
2018-01-10 11:10:49.040000,31.25,31.2,31.25,11549910.0
2018-01-10 11:10:54.349000,31.25,31.2,31.25,11549910.0
2018-01-10 11:10:58.540000,31.25,31.2,31.25,11549910.0
2018-01-10 11:11:03.601000,31.25,31.2,31.25,11549910.0
2018-01-10 11:11:08.773000,31.25,31.2,31.25,11549910.0
2018-01-10 11:11:14.733000,31.25,31.2,31.25,11549910.0
2018-01-10 11:11:22.553000,31.25,31.2,31.25,11549910.0
2018-01-10 11:11:26.807000,31.25,31.2,31.25,11549910.0
2018-01-10 11:11:31.709000,31.25,31.2,31.25,11549910.0
2018-01-10 11:11:36.561000,31.25,31.2,31.25,11549910.0
2018-01-10 11:11:41.362000,31.25,31.2,31.25,11549910.0
2018-01-10 11:11:46.236000,31.25,31.2,31.25,11549910.0
2018-01-10 11:11:51.751000,31.25,31.2,31.25,11549910.0
2018-01-10 11:11:56.544000,31.25,31.2,31.25,11549910.0
2018-01-10 11:12:00.849000,31.25,31.2,31.25,11549910.0
2018-01-10 11:12:06.226000,31.25,31.2,31.25,11549910.0
2018-01-10 11:12:13.605000,31.25,31.2,31.25,11549910.0
2018-01-10 11:12:18.383000,31.25,31.2,31.25,11549910.0
2018-01-10 11:12:23.225000,31.25,31.2,31.25,11549910.0
2018-01-10 11:12:27.741000,31.25,31.2,31.25,11549910.0
2018-01-10 11:12:30.970000,31.25,31.2,31.25,11549910.0
2018-01-10 11:12:34.900000,31.25,31.2,31.25,11549910.0
2018-01-10 11:12:39.759000,31.25,31.2,31.25,11549910.0
2018-01-10 11:12:44.934000,31.25,31.2,31.25,11549910.0
2018-01-10 11:12:49.928000,31.25,31.2,31.25,11549910.0
2018-01-10 11:12:53.475000,31.25,31.2,31.25,11549910.0
2018-01-10 11:12:57.977000,31.25,31.2,31.25,11549910.0
2018-01-10 11:13:02.978000,31.25,31.2,31.25,11549910.0
2018-01-10 11:13:07.775000,31.25,31.2,31.25,11549910.0
2018-01-10 11:13:12.600000,31.25,31.2,31.25,11549910.0
2018-01-10 11:13:17.462000,31.25,31.2,31.25,11549910.0
2018-01-10 11:13:21.664000,31.25,31.2,31.25,11549910.0
2018-01-10 11:13:26.435000,31.25,31.2,31.25,11549910.0
2018-01-10 11:13:31.211000,31.2,31.2,31.25,11553544.0
2018-01-10 11:13:35.206000,31.2,31.2,31.25,11553544.0
2018-01-10 11:13:39.995000,31.2,31.2,31.25,11553544.0
2018-01-10 11:13:45.550000,31.2,31.2,31.25,11553544.0
2018-01-10 11:13:50.787000,31.2,31.2,31.25,11553544.0
2018-01-10 11:13:55.589000,31.2,31.2,31.25,11553544.0
2018-01-10 11:13:59.973000,31.2,31.2,31.25,11553544.0
2018-01-10 11:14:04.714000,31.2,31.2,31.25,11553544.0
2018-01-10 11:14:09.670000,31.2,31.2,31.25,11553544.0
2018-01-10 11:14:13.571000,31.2,31.2,31.25,11553544.0
2018-01-10 11:14:17.665000,31.2,31.2,31.25,11553544.0
2018-01-10 11:14:22.321000,31.2,31.2,31.25,11553544.0
2018-01-10 11:14:27.159000,31.2,31.2,31.25,11553544.0
2018-01-10 11:14:32.167000,31.25,31.2,31.25,12049044.0
2018-01-10 11:14:35.920000,31.25,31.2,31.25,12049044.0
2018-01-10 11:14:39.934000,31.25,31.2,31.25,12049044.0
2018-01-10 11:14:44.944000,31.25,31.2,31.25,12049044.0
2018-01-10 11:14:48.218000,31.25,31.2,31.25,12049044.0
2018-01-10 11:14:53.415000,31.25,31.2,31.25,12049044.0
2018-01-10 11:14:58.228000,31.25,31.2,31.25,12049044.0
2018-01-10 11:15:02.511000,31.25,31.2,31.25,12049044.0
2018-01-10 11:15:06.908000,31.25,31.2,31.25,12301044.0
2018-01-10 11:15:14.624000,31.25,31.2,31.25,12301044.0
2018-01-10 11:15:19.981000,31.25,31.2,31.25,12301044.0
2018-01-10 11:15:24.542000,31.25,31.2,31.25,12301044.0
2018-01-10 11:15:29.030000,31.25,31.2,31.25,12301044.0
2018-01-10 11:15:33.632000,31.25,31.2,31.25,12301044.0
2018-01-10 11:15:38.984000,31.25,31.2,31.25,12301044.0
2018-01-10 11:15:43.091000,31.25,31.2,31.25,12301044.0
2018-01-10 11:15:48.322000,31.25,31.2,31.25,12301044.0
2018-01-10 11:15:53.100000,31.25,31.2,31.25,12301044.0
2018-01-10 11:15:57.354000,31.25,31.2,31.25,12301044.0
2018-01-10 11:16:02.177000,31.25,31.2,31.25,12301044.0
2018-01-10 11:16:09.937000,31.25,31.2,31.25,12301044.0
2018-01-10 11:16:14.829000,31.25,31.2,31.25,12301044.0
2018-01-10 11:16:23.045000,31.25,31.2,31.25,12301044.0
2018-01-10 11:16:27.823000,31.25,31.2,31.25,12301044.0
2018-01-10 11:16:33.264000,31.25,31.2,31.25,12301044.0
2018-01-10 11:16:37.984000,31.25,31.2,31.25,12301044.0
2018-01-10 11:16:42.235000,31.25,31.2,31.25,12301044.0
2018-01-10 11:16:47.150000,31.25,31.2,31.25,12301044.0
2018-01-10 11:16:52.250000,31.25,31.2,31.25,12301044.0
2018-01-10 11:16:57.070000,31.25,31.2,31.25,12301044.0
2018-01-10 11:17:01.899000,31.25,31.2,31.25,12301044.0
2018-01-10 11:17:06.189000,31.25,31.2,31.25,12301044.0
2018-01-10 11:17:11.263000,31.25,31.2,31.25,12301044.0
2018-01-10 11:17:19.906000,31.25,31.2,31.25,12301044.0
2018-01-10 11:17:24.843000,31.25,31.2,31.25,12301044.0
2018-01-10 11:17:29.776000,31.25,31.2,31.25,12301044.0
2018-01-10 11:17:34.904000,31.25,31.2,31.25,12301044.0
2018-01-10 11:17:39.761000,31.25,31.2,31.25,12301044.0
2018-01-10 11:17:44.768000,31.25,31.2,31.25,12301044.0
2018-01-10 11:17:49.331000,31.25,31.2,31.25,12301044.0
2018-01-10 11:17:54.163000,31.25,31.2,31.25,12301044.0
2018-01-10 11:17:59.053000,31.25,31.25,31.3,12702544.0
2018-01-10 11:18:03.469000,31.25,31.25,31.3,12702544.0
2018-01-10 11:18:08.592000,31.25,31.25,31.3,12702544.0
2018-01-10 11:18:14.770000,31.25,31.25,31.3,12702544.0
2018-01-10 11:18:19.626000,31.25,31.25,31.3,12702544.0
2018-01-10 11:18:24.626000,31.25,31.25,31.3,12702544.0
2018-01-10 11:18:29.377000,31.25,31.25,31.3,12702544.0
2018-01-10 11:18:33.892000,31.25,31.25,31.3,12702544.0
2018-01-10 11:18:38.598000,31.25,31.25,31.3,12702544.0
2018-01-10 11:18:42.904000,31.3,31.25,31.3,12709049.0
2018-01-10 11:18:46.626000,31.3,31.25,31.3,12709049.0
2018-01-10 11:18:51.589000,31.3,31.25,31.3,12709049.0
2018-01-10 11:18:56.130000,31.3,31.25,31.3,12709049.0
2018-01-10 11:19:00.225000,31.3,31.25,31.3,12709049.0
2018-01-10 11:19:04.885000,31.3,31.25,31.3,12709049.0
2018-01-10 11:19:12.136000,31.3,31.25,31.3,12709049.0
2018-01-10 11:19:19.489000,31.3,31.25,31.3,12709049.0
2018-01-10 11:19:23.709000,31.3,31.25,31.3,12709049.0
2018-01-10 11:19:28.738000,31.3,31.25,31.3,12709049.0
2018-01-10 11:19:33.398000,31.3,31.25,31.3,12709049.0
2018-01-10 11:19:38.252000,31.3,31.25,31.3,12709049.0
2018-01-10 11:19:43.205000,31.3,31.25,31.3,12709049.0
2018-01-10 11:19:47.549000,31.3,31.25,31.3,12709049.0
2018-01-10 11:19:52.315000,31.3,31.25,31.3,12709049.0
2018-01-10 11:19:57.656000,31.3,31.25,31.3,12709049.0
2018-01-10 11:20:02.830000,31.3,31.25,31.3,12709049.0
2018-01-10 11:20:08.016000,31.3,31.25,31.3,12713549.0
2018-01-10 11:20:13.813000,31.3,31.25,31.3,12713549.0
2018-01-10 11:20:18.279000,31.3,31.25,31.3,12713549.0
2018-01-10 11:20:22.574000,31.3,31.25,31.3,12713549.0
2018-01-10 11:20:27.891000,31.3,31.25,31.3,12713549.0
2018-01-10 11:20:32.727000,31.3,31.25,31.3,12713549.0
2018-01-10 11:20:36.404000,31.3,31.25,31.3,12713549.0
2018-01-10 11:20:40.852000,31.3,31.25,31.3,12713549.0
2018-01-10 11:20:45.124000,31.3,31.25,31.3,12713549.0
2018-01-10 11:20:49.907000,31.3,31.25,31.3,12713549.0
2018-01-10 11:20:54.833000,31.3,31.25,31.3,12713549.0
2018-01-10 11:20:59.930000,31.3,31.25,31.3,12713549.0
2018-01-10 11:21:04.770000,31.3,31.25,31.3,12713549.0
2018-01-10 11:21:09.379000,31.3,31.25,31.3,12713549.0
2018-01-10 11:21:15.429000,31.3,31.25,31.3,12713549.0
2018-01-10 11:21:19.896000,31.3,31.25,31.3,12713549.0
2018-01-10 11:21:24.699000,31.3,31.25,31.3,12713549.0
2018-01-10 11:21:29.331000,31.3,31.25,31.3,12713549.0
2018-01-10 11:21:33.315000,31.3,31.25,31.3,12713549.0
2018-01-10 11:21:38.174000,31.3,31.25,31.3,12713549.0
2018-01-10 11:21:43.347000,31.3,31.25,31.3,12713549.0
2018-01-10 11:21:47.124000,31.3,31.25,31.3,12713549.0
2018-01-10 11:21:52.065000,31.3,31.25,31.3,12713549.0
2018-01-10 11:21:56.356000,31.3,31.25,31.3,12713549.0
2018-01-10 11:22:00.994000,31.3,31.25,31.3,12713549.0
2018-01-10 11:22:05.993000,31.3,31.25,31.3,12713549.0
2018-01-10 11:22:11.631000,31.3,31.25,31.3,12713549.0
2018-01-10 11:22:16.102000,31.3,31.25,31.3,12713549.0
2018-01-10 11:22:20.035000,31.3,31.25,31.3,12713549.0
2018-01-10 11:22:24.983000,31.3,31.25,31.3,12713549.0
2018-01-10 11:22:29.394000,31.3,31.25,31.3,12713549.0
2018-01-10 11:22:34.098000,31.3,31.25,31.3,12713549.0
2018-01-10 11:22:39.257000,31.3,31.25,31.3,12713549.0
2018-01-10 11:22:44.504000,31.3,31.25,31.3,12713549.0
2018-01-10 11:22:48.707000,31.3,31.25,31.3,12742049.0
2018-01-10 11:22:53.083000,31.3,31.25,31.3,12742049.0
2018-01-10 11:22:57.266000,31.3,31.25,31.3,12742049.0
2018-01-10 11:23:01.460000,31.3,31.25,31.3,12742049.0
2018-01-10 11:23:06.099000,31.3,31.25,31.3,12742049.0
2018-01-10 11:23:10.597000,31.3,31.25,31.3,12742049.0
2018-01-10 11:23:15.490000,31.3,31.25,31.3,12742049.0
2018-01-10 11:23:20.380000,31.3,31.25,31.3,12742049.0
2018-01-10 11:23:25.447000,31.3,31.25,31.3,12742049.0
2018-01-10 11:23:29.552000,31.3,31.25,31.3,12742049.0
2018-01-10 11:23:35.537000,31.3,31.25,31.3,12742049.0
2018-01-10 11:23:38.901000,31.3,31.25,31.3,12742049.0
2018-01-10 11:23:43.677000,31.3,31.25,31.3,12742049.0
2018-01-10 11:23:47.681000,31.3,31.25,31.3,12742049.0
2018-01-10 11:23:52.329000,31.3,31.25,31.3,12742049.0
2018-01-10 11:23:56.616000,31.3,31.25,31.3,12742049.0
2018-01-10 11:24:01.120000,31.3,31.25,31.3,12742049.0
2018-01-10 11:24:05.756000,31.3,31.25,31.3,12742049.0
2018-01-10 11:24:10.401000,31.3,31.25,31.3,12742049.0
2018-01-10 11:24:15.475000,31.3,31.25,31.3,12742049.0
2018-01-10 11:24:20.616000,31.3,31.25,31.3,12742049.0
2018-01-10 11:24:25.069000,31.3,31.25,31.3,12742049.0
2018-01-10 11:24:30.040000,31.3,31.25,31.3,12742049.0
2018-01-10 11:24:34.287000,31.3,31.25,31.3,12742049.0
2018-01-10 11:24:39.458000,31.3,31.25,31.3,12742049.0
2018-01-10 11:24:43.770000,31.3,31.25,31.3,12742049.0
2018-01-10 11:24:48.614000,31.3,31.25,31.3,12742049.0
2018-01-10 11:24:52.049000,31.25,31.25,31.3,12756370.0
2018-01-10 11:24:56.330000,31.25,31.25,31.3,12756370.0
2018-01-10 11:25:00.494000,31.25,31.25,31.3,12756370.0
2018-01-10 11:25:04.838000,31.25,31.25,31.3,12756370.0
2018-01-10 11:25:09.152000,31.25,31.25,31.3,12756370.0
2018-01-10 11:25:14.983000,31.25,31.25,31.3,12756370.0
2018-01-10 11:25:19.931000,31.25,31.25,31.3,12756370.0
2018-01-10 11:25:23.974000,31.25,31.25,31.3,12756370.0
2018-01-10 11:25:28.365000,31.25,31.25,31.3,12756370.0
2018-01-10 11:25:33.062000,31.25,31.25,31.3,12756370.0
2018-01-10 11:25:37.497000,31.25,31.25,31.3,12756370.0
2018-01-10 11:25:41.511000,31.25,31.25,31.3,12756370.0
2018-01-10 11:25:45.548000,31.25,31.25,31.3,12756370.0
2018-01-10 11:25:50.002000,31.25,31.25,31.3,12756370.0
2018-01-10 11:25:54.243000,31.25,31.25,31.3,12793370.0
2018-01-10 11:25:58.946000,31.25,31.25,31.3,12793370.0
2018-01-10 11:26:02.969000,31.25,31.25,31.3,12793370.0
2018-01-10 11:26:08.586000,31.25,31.25,31.3,12793370.0
2018-01-10 11:26:12.895000,31.25,31.25,31.3,12793370.0
2018-01-10 11:26:17.010000,31.25,31.25,31.3,12793370.0
2018-01-10 11:26:22.751000,31.25,31.25,31.3,12793370.0
2018-01-10 11:26:31.191000,31.25,31.25,31.3,12793370.0
2018-01-10 11:26:35.547000,31.3,31.25,31.3,16390870.0
2018-01-10 11:26:39.735000,31.3,31.25,31.3,16390870.0
2018-01-10 11:26:43.585000,31.3,31.25,31.3,16390870.0
2018-01-10 11:26:47.675000,31.3,31.25,31.3,16390870.0
2018-01-10 11:26:52.266000,31.3,31.25,31.3,17091370.0
2018-01-10 11:26:57.266000,31.3,31.25,31.3,17091370.0
2018-01-10 11:27:01.935000,31.3,31.25,31.3,17091370.0
2018-01-10 11:27:06.806000,31.3,31.25,31.3,17091370.0
2018-01-10 11:27:11.069000,31.3,31.25,31.3,17091370.0
2018-01-10 11:27:15.234000,31.3,31.25,31.3,17091370.0
2018-01-10 11:27:19.887000,31.3,31.25,31.3,17091370.0
2018-01-10 11:27:24.416000,31.3,31.25,31.3,17091370.0
2018-01-10 11:27:28.882000,31.3,31.25,31.3,17091370.0
2018-01-10 11:27:33.759000,31.3,31.25,31.3,17091370.0
2018-01-10 11:27:38.618000,31.3,31.25,31.3,17091370.0
2018-01-10 11:27:43.240000,31.3,31.25,31.3,17091370.0
2018-01-10 11:27:48.221000,31.3,31.25,31.3,17091370.0
2018-01-10 11:27:52.969000,31.3,31.25,31.3,17091370.0
2018-01-10 11:27:57.733000,31.25,31.25,31.3,17595919.0
2018-01-10 11:28:02.560000,31.25,31.25,31.3,17595919.0
2018-01-10 11:28:08.118000,31.25,31.25,31.3,17595919.0
2018-01-10 11:28:13.060000,31.25,31.25,31.3,17595919.0
2018-01-10 11:28:21.031000,31.25,31.25,31.3,17595919.0
2018-01-10 11:28:26.231000,31.25,31.25,31.3,17595919.0
2018-01-10 11:28:30.561000,31.25,31.25,31.3,17595919.0
2018-01-10 11:28:35.389000,31.25,31.25,31.3,17595919.0
2018-01-10 11:28:39.761000,31.25,31.25,31.3,17595919.0
2018-01-10 11:28:44.527000,31.25,31.25,31.3,17595919.0
2018-01-10 11:28:49.339000,31.25,31.25,31.3,17595919.0
2018-01-10 11:28:53.683000,31.25,31.25,31.3,17595919.0
2018-01-10 11:28:58.224000,31.25,31.25,31.3,17595919.0
2018-01-10 11:29:03.432000,31.25,31.25,31.3,17595919.0
2018-01-10 11:29:12.430000,31.25,31.25,31.3,17595919.0
2018-01-10 11:29:18.253000,31.3,31.25,31.3,17851399.0
2018-01-10 11:29:22.880000,31.3,31.25,31.3,18250899.0
2018-01-10 11:29:27.406000,31.3,31.25,31.3,19101399.0
2018-01-10 11:29:32.118000,31.3,31.25,31.3,19101399.0
2018-01-10 11:29:37.239000,31.3,31.25,31.3,19101399.0
2018-01-10 11:29:42.128000,31.3,31.25,31.3,19101399.0
2018-01-10 11:29:46.463000,31.3,31.25,31.3,19101399.0
2018-01-10 11:29:51.345000,31.3,31.25,31.3,19101399.0
2018-01-10 11:29:55.464000,31.3,31.3,31.35,19804899.0
2018-01-10 11:30:00.210000,31.3,31.3,31.35,19804899.0
2018-01-10 11:30:05.484000,31.3,31.3,31.35,19804899.0
2018-01-10 11:30:12.440000,31.3,31.3,31.35,19804899.0
2018-01-10 11:30:16.121000,31.3,31.3,31.35,19804899.0
2018-01-10 11:30:21.640000,31.3,31.3,31.35,19804899.0
2018-01-10 11:30:24.845000,31.3,31.3,31.35,19804899.0
2018-01-10 11:30:28.555000,31.3,31.3,31.35,19804899.0
2018-01-10 11:30:32.878000,31.3,31.3,31.35,19804899.0
2018-01-10 11:30:37.048000,31.3,31.3,31.35,19804899.0
2018-01-10 11:30:41.858000,31.3,31.3,31.35,19804899.0
2018-01-10 11:30:45.687000,31.3,31.3,31.35,19804899.0
2018-01-10 11:30:50.813000,31.3,31.3,31.35,19804899.0
2018-01-10 11:30:55.218000,31.3,31.3,31.35,19804899.0
2018-01-10 11:30:59.862000,31.3,31.3,31.35,19804899.0
2018-01-10 11:31:05.358000,31.3,31.3,31.35,19804899.0
2018-01-10 11:31:09.859000,31.3,31.3,31.35,19804899.0
2018-01-10 11:31:13.850000,31.3,31.3,31.35,19804899.0
2018-01-10 11:31:18.718000,31.3,31.3,31.35,19804899.0
2018-01-10 11:31:22.869000,31.3,31.3,31.35,19804899.0
2018-01-10 11:31:27.823000,31.3,31.3,31.35,19804899.0
2018-01-10 11:31:32.434000,31.3,31.3,31.35,19804899.0
2018-01-10 11:31:36.613000,31.35,31.3,31.35,20117399.0
2018-01-10 11:31:41,31.35,31.3,31.35,20117399.0
2018-01-10 11:31:46.737000,31.35,31.3,31.35,20484399.0
2018-01-10 11:31:50.755000,31.35,31.3,31.35,20484399.0
2018-01-10 11:31:55.470000,31.35,31.3,31.35,20484399.0
2018-01-10 11:32:00.112000,31.35,31.3,31.35,20484399.0
2018-01-10 11:32:04.044000,31.35,31.3,31.35,20484399.0
2018-01-10 11:32:08.988000,31.35,31.3,31.35,20484399.0
2018-01-10 11:32:13.276000,31.35,31.3,31.35,20484399.0
2018-01-10 11:32:18.412000,31.35,31.3,31.35,20484399.0
2018-01-10 11:32:23.322000,31.35,31.3,31.35,20484399.0
2018-01-10 11:32:28.055000,31.35,31.3,31.35,20484399.0
2018-01-10 11:32:33.277000,31.35,31.3,31.35,20484399.0
2018-01-10 11:32:37.435000,31.35,31.3,31.35,22584799.0
2018-01-10 11:32:41.424000,31.35,31.3,31.35,22584799.0
2018-01-10 11:32:45.626000,31.35,31.3,31.35,22584799.0
2018-01-10 11:32:50.531000,31.35,31.3,31.35,22584799.0
2018-01-10 11:32:54.374000,,,,
2018-01-10 11:32:59.156000,31.35,31.3,31.35,22584799.0
2018-01-10 11:33:03.274000,31.35,31.3,31.35,22584799.0
2018-01-10 11:33:07.740000,31.35,31.3,31.35,22584799.0
2018-01-10 11:33:12.634000,31.35,31.3,31.35,22584799.0
2018-01-10 11:33:18.212000,31.35,31.3,31.35,22584799.0
2018-01-10 11:33:23.256000,31.35,31.3,31.35,22584799.0
2018-01-10 11:33:27.307000,31.35,31.3,31.35,22584799.0
2018-01-10 11:33:30.677000,31.35,31.3,31.35,22584799.0
2018-01-10 11:33:35.562000,31.35,31.3,31.35,22584799.0
2018-01-10 11:33:40.357000,31.35,31.3,31.35,22584799.0
2018-01-10 11:33:45.299000,31.35,31.3,31.35,22584799.0
2018-01-10 11:33:50.408000,31.35,31.3,31.35,22584799.0
2018-01-10 11:33:55.131000,31.35,31.3,31.35,22588999.0
2018-01-10 11:34:00.391000,31.35,31.3,31.35,22588999.0
2018-01-10 11:34:04.641000,31.35,31.3,31.35,22588999.0
2018-01-10 11:34:09.142000,31.35,31.3,31.35,22588999.0
2018-01-10 11:34:14.207000,31.35,31.3,31.35,22588999.0
2018-01-10 11:34:20.613000,31.35,31.3,31.35,22588999.0
2018-01-10 11:34:25.332000,31.35,31.3,31.35,22588999.0
2018-01-10 11:34:29.768000,31.35,31.3,31.35,22588999.0
2018-01-10 11:34:34.206000,31.35,31.3,31.35,22588999.0
2018-01-10 11:34:39.094000,31.35,31.3,31.35,22588999.0
2018-01-10 11:34:43.161000,31.35,31.3,31.35,22588999.0
2018-01-10 11:34:48.546000,31.35,31.3,31.35,22588999.0
2018-01-10 11:34:53.417000,31.35,31.3,31.35,22588999.0
2018-01-10 11:34:58.223000,31.35,31.3,31.35,22588999.0
2018-01-10 11:35:03.099000,31.35,31.3,31.35,22588999.0
2018-01-10 11:35:08.148000,31.35,31.3,31.35,22588999.0
2018-01-10 11:35:16.786000,31.35,31.3,31.35,22588999.0
2018-01-10 11:35:21.789000,31.3,31.3,31.35,22598359.0
2018-01-10 11:35:26.991000,31.3,31.3,31.35,22598359.0
2018-01-10 11:35:31.148000,31.3,31.3,31.35,22598359.0
2018-01-10 11:35:35.943000,31.3,31.3,31.35,22598359.0
2018-01-10 11:35:40.175000,31.3,31.3,31.35,22598359.0
2018-01-10 11:35:44.861000,31.3,31.3,31.35,22598359.0
2018-01-10 11:35:49.758000,31.3,31.3,31.35,22598359.0
2018-01-10 11:35:53.997000,31.3,31.3,31.35,22598359.0
2018-01-10 11:35:58.849000,31.3,31.3,31.35,22598359.0
2018-01-10 11:36:03.156000,31.3,31.3,31.35,22598359.0
2018-01-10 11:36:07.940000,31.3,31.3,31.35,22598359.0
2018-01-10 11:36:12.735000,31.35,31.3,31.35,22716859.0
2018-01-10 11:36:18.650000,31.35,31.3,31.35,22716859.0
2018-01-10 11:36:23.386000,31.35,31.3,31.35,22716859.0
2018-01-10 11:36:28.152000,31.35,31.3,31.35,22716859.0
2018-01-10 11:36:32.471000,31.35,31.3,31.35,22716859.0
2018-01-10 11:36:36.968000,31.35,31.3,31.35,22716859.0
2018-01-10 11:36:41.584000,31.35,31.3,31.35,22716859.0
2018-01-10 11:36:45.974000,31.35,31.3,31.35,22716859.0
2018-01-10 11:36:50.210000,31.35,31.3,31.35,22716859.0
2018-01-10 11:36:54.865000,31.35,31.3,31.35,22716859.0
2018-01-10 11:36:59.816000,31.35,31.3,31.35,22716859.0
2018-01-10 11:37:08.044000,31.35,31.3,31.35,22716859.0
2018-01-10 11:37:12.392000,31.35,31.3,31.35,22716859.0
2018-01-10 11:37:18.781000,31.35,31.3,31.35,22716859.0
2018-01-10 11:37:22.978000,31.35,31.3,31.35,22716859.0
2018-01-10 11:37:27.665000,31.35,31.3,31.35,22716859.0
2018-01-10 11:37:32.467000,31.35,31.3,31.35,22716859.0
2018-01-10 11:37:36.861000,31.35,31.3,31.35,22716859.0
2018-01-10 11:37:41.663000,31.35,31.3,31.35,22716859.0
2018-01-10 11:37:46.593000,31.35,31.3,31.35,22716859.0
2018-01-10 11:37:50.943000,31.35,31.3,31.35,22716859.0
2018-01-10 11:37:56.007000,31.4,31.35,31.45,23658359.0
2018-01-10 11:38:01.025000,31.4,31.35,31.45,23658359.0
2018-01-10 11:38:05.773000,31.4,31.35,31.45,23658359.0
2018-01-10 11:38:11.590000,31.4,31.35,31.45,23658359.0
2018-01-10 11:38:16.202000,31.4,31.35,31.45,23658359.0
2018-01-10 11:38:19.833000,31.4,31.35,31.45,23658359.0
2018-01-10 11:38:23.906000,31.4,31.35,31.45,23658359.0
2018-01-10 11:38:28.858000,31.4,31.35,31.45,23658359.0
2018-01-10 11:38:32.916000,31.4,31.35,31.45,23658359.0
2018-01-10 11:38:37.056000,31.4,31.35,31.45,23658359.0
2018-01-10 11:38:41.617000,31.4,31.35,31.45,23658359.0
2018-01-10 11:38:45.724000,31.4,31.35,31.45,23658359.0
2018-01-10 11:38:50.385000,31.4,31.35,31.45,23658359.0
2018-01-10 11:38:54.882000,31.4,31.35,31.45,23658359.0
2018-01-10 11:38:59.140000,31.4,31.35,31.45,23658359.0
2018-01-10 11:39:03.925000,31.4,31.35,31.45,23658359.0
2018-01-10 11:39:09.696000,31.4,31.35,31.45,23658359.0
2018-01-10 11:39:13.773000,31.4,31.35,31.45,23658359.0
2018-01-10 11:39:18.386000,31.4,31.35,31.45,23658359.0
2018-01-10 11:39:23.221000,31.4,31.35,31.45,23658359.0
2018-01-10 11:39:27.698000,31.4,31.35,31.45,23658359.0
2018-01-10 11:39:32.342000,31.4,31.35,31.45,23658359.0
2018-01-10 11:39:37.016000,31.4,31.35,31.45,23658359.0
2018-01-10 11:39:41.881000,31.4,31.35,31.45,23658359.0
2018-01-10 11:39:46.525000,31.4,31.35,31.45,23658359.0
2018-01-10 11:39:51.244000,31.4,31.35,31.45,23658359.0
2018-01-10 11:39:55.949000,31.4,31.4,31.45,23666859.0
2018-01-10 11:40:01.051000,31.4,31.4,31.45,23666859.0
2018-01-10 11:40:05.195000,31.4,31.4,31.45,23666859.0
2018-01-10 11:40:13.630000,31.4,31.4,31.45,23666859.0
2018-01-10 11:40:18.536000,31.4,31.4,31.45,23666859.0
2018-01-10 11:40:22.652000,31.4,31.4,31.45,23666859.0
2018-01-10 11:40:27.839000,31.4,31.4,31.45,23666859.0
2018-01-10 11:40:31.954000,31.4,31.4,31.45,23666859.0
2018-01-10 11:40:35.242000,31.4,31.4,31.45,23666859.0
2018-01-10 11:40:39.525000,31.4,31.4,31.45,23666859.0
2018-01-10 11:40:44.445000,31.4,31.4,31.45,23666859.0
2018-01-10 11:40:49.423000,31.4,31.4,31.45,23666859.0
2018-01-10 11:40:54.201000,31.4,31.4,31.45,23666859.0
2018-01-10 11:40:59.553000,31.4,31.4,31.45,23669859.0
2018-01-10 11:41:06.138000,31.4,31.4,31.45,23669859.0
2018-01-10 11:41:15.010000,31.45,31.4,31.5,23769039.0
2018-01-10 11:41:19.381000,31.45,31.4,31.5,23769039.0
2018-01-10 11:41:24.575000,31.45,31.4,31.5,23769039.0
2018-01-10 11:41:29.885000,31.45,31.45,31.5,24739039.0
2018-01-10 11:41:34.221000,31.45,31.45,31.5,24739039.0
2018-01-10 11:41:39.395000,31.45,31.45,31.5,24739039.0
2018-01-10 11:41:43.102000,31.45,31.45,31.5,24739039.0
2018-01-10 11:41:46.748000,31.45,31.45,31.5,25255539.0
2018-01-10 11:41:51.483000,31.45,31.45,31.5,25255539.0
2018-01-10 11:41:56.337000,31.45,31.45,31.5,25255539.0
2018-01-10 11:42:01.185000,31.45,31.45,31.5,25255539.0
2018-01-10 11:42:06.262000,31.45,31.45,31.5,25255539.0
2018-01-10 11:42:11.591000,31.45,31.45,31.5,25255539.0
2018-01-10 11:42:16.215000,31.45,31.45,31.5,25255539.0
2018-01-10 11:42:21.293000,31.45,31.45,31.5,25255539.0
2018-01-10 11:42:25.151000,31.45,31.45,31.5,25255539.0
2018-01-10 11:42:29.889000,31.45,31.45,31.5,25255539.0
2018-01-10 11:42:34.481000,31.45,31.45,31.5,25255539.0
2018-01-10 11:42:38.522000,31.45,31.45,31.5,25255539.0
2018-01-10 11:42:42.725000,31.45,31.45,31.5,25255539.0
2018-01-10 11:42:47.703000,31.45,31.45,31.5,25255539.0
2018-01-10 11:42:52.892000,31.45,31.45,31.5,25255539.0
2018-01-10 11:42:57.975000,31.45,31.45,31.5,25255539.0
2018-01-10 11:43:01.639000,31.45,31.45,31.5,25261039.0
2018-01-10 11:43:07.262000,31.45,31.45,31.5,25261039.0
2018-01-10 11:43:11.437000,31.45,31.45,31.5,25261039.0
2018-01-10 11:43:19.702000,31.45,31.45,31.5,25261039.0
2018-01-10 11:43:24.609000,31.45,31.45,31.5,25261039.0
2018-01-10 11:43:28.952000,31.45,31.45,31.5,25261039.0
2018-01-10 11:43:33.331000,31.45,31.45,31.5,25261039.0
2018-01-10 11:43:38.226000,31.45,31.45,31.5,25261039.0
2018-01-10 11:43:43.032000,31.45,31.45,31.5,25261039.0
2018-01-10 11:43:47.473000,31.45,31.45,31.5,25261039.0
2018-01-10 11:43:51.184000,31.45,31.45,31.5,25261039.0
2018-01-10 11:43:56.325000,31.45,31.45,31.5,25261039.0
2018-01-10 11:44:01.451000,31.45,31.45,31.5,25261039.0
2018-01-10 11:44:09.675000,31.45,31.45,31.5,25261039.0
2018-01-10 11:44:14.555000,31.45,31.45,31.5,25261039.0
2018-01-10 11:44:21.013000,31.45,31.45,31.5,25261039.0
2018-01-10 11:44:25.498000,31.45,31.45,31.5,25261039.0
2018-01-10 11:44:28.934000,31.45,31.45,31.5,25261039.0
2018-01-10 11:44:33.736000,31.45,31.45,31.5,25261039.0
2018-01-10 11:44:38.691000,31.45,31.45,31.5,25268287.0
2018-01-10 11:44:43.346000,31.45,31.45,31.5,25268287.0
2018-01-10 11:44:48.044000,31.45,31.45,31.5,25268287.0
2018-01-10 11:44:52.281000,31.45,31.45,31.5,25268287.0
2018-01-10 11:44:57.250000,31.45,31.45,31.5,25268287.0
2018-01-10 11:45:01.538000,31.45,31.45,31.5,25268287.0
2018-01-10 11:45:06.479000,31.45,31.45,31.5,25268287.0
2018-01-10 11:45:11.441000,31.45,31.45,31.5,25268287.0
2018-01-10 11:45:15.134000,31.45,31.45,31.5,25268287.0
2018-01-10 11:45:19.370000,31.45,31.45,31.5,25268287.0
2018-01-10 11:45:23.511000,31.45,31.45,31.5,25268287.0
2018-01-10 11:45:27.693000,31.45,31.45,31.5,25268287.0
2018-01-10 11:45:32.359000,31.45,31.45,31.5,25268287.0
2018-01-10 11:45:36.160000,31.45,31.45,31.5,25268287.0
2018-01-10 11:45:40.597000,31.45,31.45,31.5,25268287.0
2018-01-10 11:45:44.591000,31.45,31.45,31.5,25268287.0
2018-01-10 11:45:48.331000,31.45,31.45,31.5,25268287.0
2018-01-10 11:45:51.814000,31.45,31.45,31.5,25268287.0
2018-01-10 11:45:54.776000,31.45,31.45,31.5,25268287.0
2018-01-10 11:45:58.088000,31.45,31.45,31.5,25268287.0
2018-01-10 11:46:02.443000,31.45,31.45,31.5,25268287.0
2018-01-10 11:46:06.406000,31.45,31.35,31.45,25268287.0
2018-01-10 11:46:12.045000,31.45,31.35,31.45,25268287.0
2018-01-10 11:46:17.440000,31.45,31.35,31.45,25268287.0
2018-01-10 11:46:22.004000,31.45,31.35,31.45,25268287.0
2018-01-10 11:46:25.702000,31.45,31.35,31.45,25268287.0
2018-01-10 11:46:34.395000,31.45,31.35,31.45,25268287.0
2018-01-10 11:46:38.357000,31.45,31.35,31.45,25268287.0
2018-01-10 11:46:41.799000,31.45,31.35,31.45,25268287.0
2018-01-10 11:46:45.845000,31.45,31.35,31.45,25268287.0
2018-01-10 11:46:49.235000,31.45,31.35,31.45,25268287.0
2018-01-10 11:46:53.257000,31.45,31.35,31.45,25268287.0
2018-01-10 11:46:57.976000,31.45,31.35,31.45,25268287.0
2018-01-10 11:47:01.768000,31.45,31.35,31.45,25268287.0
2018-01-10 11:47:05.407000,31.45,31.35,31.45,25268287.0
2018-01-10 11:47:12.676000,31.45,31.35,31.45,25268287.0
2018-01-10 11:47:18.925000,31.45,31.35,31.45,25268287.0
2018-01-10 11:47:23.269000,31.45,31.35,31.45,25268287.0
2018-01-10 11:47:26.532000,31.45,31.35,31.45,25268287.0
2018-01-10 11:47:30.942000,31.45,31.35,31.45,25268287.0
2018-01-10 11:47:35.438000,31.45,31.35,31.45,25268287.0
2018-01-10 11:47:39.363000,31.45,31.35,31.45,25268287.0
2018-01-10 11:47:43.781000,31.45,31.35,31.45,25268287.0
2018-01-10 11:47:47.471000,31.45,31.35,31.45,25268287.0
2018-01-10 11:47:50.721000,31.45,31.35,31.45,25268287.0
2018-01-10 11:47:54.581000,31.45,31.35,31.45,25268287.0
2018-01-10 11:47:58.568000,31.45,31.35,31.45,25268287.0
2018-01-10 11:48:01.878000,31.45,31.35,31.45,25268287.0
2018-01-10 11:48:05.205000,31.45,31.35,31.45,25268287.0
2018-01-10 11:48:10.090000,31.45,31.35,31.45,25268287.0
2018-01-10 11:48:13.993000,31.45,31.35,31.45,25268287.0
2018-01-10 11:48:17.153000,31.45,31.4,31.45,25314287.0
2018-01-10 11:48:21.156000,31.45,31.4,31.45,25314287.0
2018-01-10 11:48:24.304000,31.45,31.4,31.45,25314287.0
2018-01-10 11:48:28.164000,31.45,31.4,31.45,25314287.0
2018-01-10 11:48:31.865000,31.45,31.4,31.45,25314287.0
2018-01-10 11:48:35.301000,31.45,31.4,31.45,25314287.0
2018-01-10 11:48:39.056000,31.45,31.4,31.45,25314287.0
2018-01-10 11:48:43.025000,31.45,31.4,31.45,25314287.0
2018-01-10 11:48:46.528000,31.45,31.4,31.45,25314287.0
2018-01-10 11:48:49.532000,31.45,31.4,31.45,25314287.0
2018-01-10 11:48:52.444000,31.45,31.4,31.45,25314287.0
2018-01-10 11:48:56.347000,31.45,31.4,31.45,25314287.0
2018-01-10 11:49:00.878000,31.45,31.4,31.45,25314287.0
2018-01-10 11:49:03.897000,31.45,31.4,31.45,25314287.0
2018-01-10 11:49:07.804000,31.45,31.4,31.45,25314287.0
2018-01-10 11:49:11.341000,31.45,31.4,31.45,25314287.0
2018-01-10 11:49:15.087000,31.45,31.4,31.45,25314287.0
2018-01-10 11:49:18.899000,31.45,31.4,31.45,25314287.0
2018-01-10 11:49:23.122000,31.45,31.4,31.45,25314287.0
2018-01-10 11:49:26.580000,31.4,31.4,31.45,25324787.0
2018-01-10 11:49:30.425000,31.4,31.4,31.45,25324787.0
2018-01-10 11:49:34.406000,31.4,31.4,31.45,25324787.0
2018-01-10 11:49:38.048000,31.4,31.4,31.45,25324787.0
2018-01-10 11:49:41.637000,31.4,31.4,31.45,25324787.0
2018-01-10 11:49:45.227000,31.4,31.4,31.45,25324787.0
2018-01-10 11:49:48.920000,31.4,31.4,31.45,25324787.0
2018-01-10 11:49:52.819000,31.4,31.4,31.45,25324787.0
2018-01-10 11:49:56.253000,31.4,31.4,31.45,25324787.0
2018-01-10 11:49:59.946000,31.4,31.4,31.45,25324787.0
2018-01-10 11:50:03.737000,31.4,31.4,31.45,25324787.0
2018-01-10 11:50:07.130000,31.4,31.4,31.45,25324787.0
2018-01-10 11:50:11.524000,31.4,31.4,31.45,25324787.0
2018-01-10 11:50:18.794000,31.4,31.4,31.45,25324787.0
2018-01-10 11:50:22.692000,31.4,31.4,31.45,25324787.0
2018-01-10 11:50:26.411000,31.4,31.4,31.45,25324787.0
2018-01-10 11:50:29.743000,31.4,31.4,31.45,25324787.0
2018-01-10 11:50:33.683000,31.4,31.4,31.45,25324787.0
2018-01-10 11:50:37.674000,31.4,31.4,31.45,25324787.0
2018-01-10 11:50:40.850000,31.4,31.4,31.45,25324787.0
2018-01-10 11:50:44.500000,31.4,31.4,31.45,25324787.0
2018-01-10 11:50:48.661000,31.4,31.4,31.45,25324787.0
2018-01-10 11:50:52.259000,31.4,31.4,31.45,25324787.0
2018-01-10 11:50:56.508000,31.4,31.4,31.45,25431787.0
2018-01-10 11:51:00.287000,31.4,31.4,31.45,25431787.0
2018-01-10 11:51:04.226000,31.4,31.4,31.45,25431787.0
2018-01-10 11:51:08.351000,31.4,31.4,31.45,25431787.0
2018-01-10 11:51:12.417000,31.4,31.4,31.45,25431787.0
2018-01-10 11:51:15.409000,31.4,31.4,31.45,25431787.0
2018-01-10 11:51:18.978000,31.4,31.4,31.45,25431787.0
2018-01-10 11:51:22.538000,31.4,31.4,31.45,25431787.0
2018-01-10 11:51:26.036000,31.4,31.4,31.45,25431787.0
2018-01-10 11:51:29.298000,31.4,31.4,31.45,25431787.0
2018-01-10 11:51:32.954000,31.4,31.4,31.45,25431787.0
2018-01-10 11:51:37.027000,31.4,31.4,31.45,25431787.0
2018-01-10 11:51:40.767000,31.4,31.4,31.45,25431787.0
2018-01-10 11:51:43.706000,31.4,31.4,31.45,25431787.0
2018-01-10 11:51:47.743000,31.4,31.4,31.45,25450287.0
2018-01-10 11:51:51.657000,31.4,31.4,31.45,25450287.0
2018-01-10 11:51:55.308000,31.4,31.4,31.45,25450287.0
2018-01-10 11:51:59.025000,31.4,31.4,31.45,25450287.0
2018-01-10 11:52:03.106000,31.4,31.4,31.45,25450287.0
2018-01-10 11:52:07.107000,31.4,31.4,31.45,25450287.0
2018-01-10 11:52:11.209000,31.4,31.4,31.45,25450287.0
2018-01-10 11:52:17.807000,31.4,31.4,31.45,25450287.0
2018-01-10 11:52:21.352000,31.4,31.4,31.45,25450287.0
2018-01-10 11:52:25.099000,31.4,31.4,31.45,25450287.0
2018-01-10 11:52:28.701000,31.4,31.4,31.45,25450287.0
2018-01-10 11:52:32.147000,31.4,31.4,31.45,25450287.0
2018-01-10 11:52:35.454000,31.4,31.4,31.45,25450287.0
2018-01-10 11:52:39.264000,31.4,31.4,31.45,25450287.0
2018-01-10 11:52:43.042000,31.4,31.4,31.45,25450287.0
2018-01-10 11:52:47.011000,31.4,31.4,31.45,25465287.0
2018-01-10 11:52:50.695000,31.4,31.4,31.45,25465287.0
2018-01-10 11:52:53.870000,31.4,31.4,31.45,25465287.0
2018-01-10 11:52:57.227000,31.4,31.4,31.45,25465287.0
2018-01-10 11:53:01.527000,31.4,31.4,31.45,25465287.0
2018-01-10 11:53:05.297000,31.4,31.4,31.45,25465287.0
2018-01-10 11:53:11.430000,31.4,31.4,31.45,25465287.0
2018-01-10 11:53:17.194000,31.4,31.4,31.45,25465287.0
2018-01-10 11:53:21.227000,31.4,31.4,31.45,25465287.0
2018-01-10 11:53:24.825000,31.4,31.4,31.45,25465287.0
2018-01-10 11:53:28.802000,31.4,31.4,31.45,25465287.0
2018-01-10 11:53:32.639000,31.4,31.4,31.45,25465287.0
2018-01-10 11:53:36.871000,31.4,31.4,31.45,25465287.0
2018-01-10 11:53:40.250000,31.4,31.4,31.45,25465287.0
2018-01-10 11:53:43.979000,31.4,31.4,31.45,25614767.0
2018-01-10 11:53:47.807000,31.4,31.4,31.45,25614767.0
2018-01-10 11:53:51.603000,31.4,31.4,31.45,25614767.0
2018-01-10 11:53:55.659000,31.4,31.4,31.45,25614767.0
2018-01-10 11:53:59.001000,31.4,31.4,31.45,25614767.0
2018-01-10 11:54:02.402000,31.4,31.4,31.45,25614767.0
2018-01-10 11:54:05.664000,31.4,31.4,31.45,25614767.0
2018-01-10 11:54:09.813000,31.4,31.4,31.45,25614767.0
2018-01-10 11:54:13.550000,31.4,31.4,31.45,25614767.0
2018-01-10 11:54:17.480000,31.4,31.4,31.45,25614767.0
2018-01-10 11:54:22.337000,31.4,31.4,31.45,25614767.0
2018-01-10 11:54:26.011000,31.4,31.4,31.45,25614767.0
2018-01-10 11:54:29.288000,31.4,31.4,31.45,25614767.0
2018-01-10 11:54:33.076000,31.4,31.4,31.45,25614767.0
2018-01-10 11:54:36.899000,31.4,31.4,31.45,25614767.0
2018-01-10 11:54:41.121000,31.4,31.4,31.45,25614767.0
2018-01-10 11:54:45.235000,31.4,31.4,31.45,25614767.0
2018-01-10 11:54:49.007000,31.4,31.4,31.45,25614767.0
2018-01-10 11:54:53.406000,31.4,31.4,31.45,25638267.0
2018-01-10 11:54:56.696000,31.4,31.4,31.45,25638267.0
2018-01-10 11:55:00.279000,31.4,31.4,31.45,25638267.0
2018-01-10 11:55:04.743000,,,,
2018-01-10 11:55:13.685000,31.4,31.4,31.45,25638267.0
2018-01-10 11:55:17.999000,31.4,31.4,31.45,25638267.0
2018-01-10 11:55:21.432000,31.4,31.4,31.45,25638267.0
2018-01-10 11:55:24.883000,31.4,31.4,31.45,25638267.0
2018-01-10 11:55:29.028000,31.4,31.4,31.45,25638267.0
2018-01-10 11:55:32.777000,31.4,31.4,31.45,25638267.0
2018-01-10 11:55:36.746000,31.4,31.4,31.45,25638267.0
2018-01-10 11:55:39.964000,31.4,31.4,31.45,25638267.0
2018-01-10 11:55:43.914000,31.4,31.4,31.45,25638267.0
2018-01-10 11:55:47.543000,31.4,31.4,31.45,25638267.0
2018-01-10 11:55:51.753000,31.4,31.4,31.45,25638267.0
2018-01-10 11:55:55.673000,31.4,31.4,31.45,25638267.0
2018-01-10 11:55:59.531000,31.4,31.4,31.45,25638267.0
2018-01-10 11:56:02.700000,31.4,31.4,31.45,25638267.0
2018-01-10 11:56:06.080000,31.4,31.4,31.45,25638267.0
2018-01-10 11:56:09.589000,31.4,31.4,31.45,25638267.0
2018-01-10 11:56:13.124000,31.4,31.4,31.45,25638267.0
2018-01-10 11:56:19.328000,31.4,31.4,31.45,25638267.0
2018-01-10 11:56:23.312000,31.4,31.4,31.45,25638267.0
2018-01-10 11:56:26.745000,31.4,31.4,31.45,25640007.0
2018-01-10 11:56:30.665000,31.4,31.4,31.45,25640007.0
2018-01-10 11:56:34.653000,31.4,31.4,31.45,25640007.0
2018-01-10 11:56:38.178000,31.4,31.4,31.45,25640007.0
2018-01-10 11:56:41.544000,31.4,31.4,31.45,25640007.0
2018-01-10 11:56:45.363000,31.4,31.4,31.45,25640007.0
2018-01-10 11:56:49.015000,31.4,31.4,31.45,25640007.0
2018-01-10 11:56:52.890000,31.4,31.4,31.45,25640007.0
2018-01-10 11:56:56.757000,31.4,31.4,31.45,25640007.0
2018-01-10 11:57:00.611000,31.4,31.4,31.45,25640007.0
2018-01-10 11:57:09.422000,31.4,31.4,31.45,25640007.0
2018-01-10 11:57:15.927000,31.4,31.4,31.45,25640007.0
2018-01-10 11:57:20.124000,31.4,31.4,31.45,25671007.0
2018-01-10 11:57:24.236000,31.4,31.4,31.45,25671007.0
2018-01-10 11:57:27.663000,31.4,31.4,31.45,25671007.0
2018-01-10 11:57:31.169000,31.4,31.4,31.45,25671007.0
2018-01-10 11:57:35.045000,31.4,31.4,31.45,25671007.0
2018-01-10 11:57:38.552000,31.4,31.4,31.45,25671007.0
2018-01-10 11:57:41.840000,31.4,31.4,31.45,25671007.0
2018-01-10 11:57:44.874000,31.4,31.4,31.45,25671007.0
2018-01-10 11:57:49.018000,31.4,31.4,31.45,25671007.0
2018-01-10 11:57:52.585000,31.4,31.4,31.45,25671007.0
2018-01-10 11:57:56.736000,31.4,31.4,31.45,25671007.0
2018-01-10 11:58:00.546000,31.4,31.4,31.45,25671007.0
2018-01-10 11:58:04.391000,31.4,31.4,31.45,25671007.0
2018-01-10 11:58:12.435000,31.4,31.4,31.45,25685707.0
2018-01-10 11:58:18.963000,31.4,31.4,31.45,25685707.0
2018-01-10 11:58:22.437000,31.4,31.4,31.45,25685707.0
2018-01-10 11:58:26.356000,31.4,31.4,31.45,25685707.0
2018-01-10 11:58:30.328000,31.4,31.4,31.45,25685707.0
2018-01-10 11:58:34.286000,31.4,31.4,31.45,25685707.0
2018-01-10 11:58:38.143000,31.4,31.4,31.45,25685707.0
2018-01-10 11:58:42.263000,31.4,31.4,31.45,25685707.0
2018-01-10 11:58:45.889000,31.4,31.4,31.45,25685707.0
2018-01-10 11:58:50.063000,31.4,31.4,31.45,25685707.0
2018-01-10 11:58:53.284000,31.4,31.4,31.45,25685707.0
2018-01-10 11:58:56.781000,31.4,31.4,31.45,25685707.0
2018-01-10 11:59:00.500000,31.4,31.4,31.45,25685707.0
2018-01-10 11:59:05.904000,31.4,31.4,31.45,25685707.0
2018-01-10 11:59:09.838000,31.4,31.4,31.45,25739207.0
2018-01-10 11:59:13.651000,31.4,31.4,31.45,25739207.0
2018-01-10 11:59:21.014000,31.4,31.4,31.45,25739207.0
2018-01-10 11:59:24.933000,31.4,31.4,31.45,25739207.0
2018-01-10 11:59:28.530000,31.4,31.4,31.45,25739207.0
2018-01-10 11:59:32.014000,31.4,31.4,31.45,25739207.0
2018-01-10 11:59:35.949000,31.4,31.4,31.45,25739207.0
2018-01-10 11:59:39.215000,31.4,31.4,31.45,25739207.0
2018-01-10 11:59:43.113000,31.4,31.4,31.45,25739207.0
2018-01-10 11:59:47.016000,31.4,31.4,31.45,25739207.0
2018-01-10 11:59:50.445000,31.4,31.4,31.45,25739207.0
2018-01-10 11:59:54.258000,31.4,31.4,31.45,25739207.0
2018-01-10 11:59:58.206000,31.4,31.4,31.45,25739207.0
2018-01-10 12:00:01.625000,31.4,31.4,31.45,25739207.0
2018-01-10 12:00:05.566000,31.4,31.4,31.45,25739207.0
2018-01-10 12:00:09.363000,31.4,31.4,31.45,25739207.0
2018-01-10 12:00:13.594000,31.4,31.4,31.45,25739207.0
2018-01-10 12:00:17.505000,31.4,31.4,31.45,25739207.0
2018-01-10 12:00:22.989000,31.4,31.4,31.45,25739207.0
2018-01-10 12:00:26.579000,31.4,31.4,31.45,25739207.0
2018-01-10 12:00:30.103000,31.4,31.4,31.45,25739207.0
