time,price,bid,ask,volume
2018-01-24 13:00:56.211000,5.0,4.99,5.0,2013300.0
2018-01-24 13:00:58.931000,5.0,4.99,5.0,2013300.0
2018-01-24 13:01:01.786000,5.0,4.99,5.0,2013300.0
2018-01-24 13:01:04.508000,5.0,4.99,5.0,2013300.0
2018-01-24 13:01:07.153000,5.0,4.99,5.0,2013300.0
2018-01-24 13:01:09.841000,5.0,4.99,5.0,2013300.0
2018-01-24 13:01:12.375000,5.0,4.99,5.0,2013300.0
2018-01-24 13:01:14.993000,5.0,4.99,5.0,2013300.0
2018-01-24 13:01:17.560000,5.0,4.99,5.0,2013300.0
2018-01-24 13:01:20.288000,5.0,4.99,5.0,2013300.0
2018-01-24 13:01:22.863000,5.0,4.99,5.0,2013300.0
2018-01-24 13:01:25.668000,5.0,4.99,5.0,2013300.0
2018-01-24 13:01:28.091000,5.0,4.99,5.0,2013300.0
2018-01-24 13:01:30.853000,5.0,4.99,5.0,2013300.0
2018-01-24 13:01:33.621000,5.0,4.99,5.0,2013300.0
2018-01-24 13:01:36.224000,5.0,4.99,5.0,2013300.0
2018-01-24 13:01:38.990000,5.0,4.99,5.0,2013300.0
2018-01-24 13:01:41.525000,5.0,4.99,5.0,2013300.0
2018-01-24 13:01:44.248000,5.0,4.99,5.0,2013300.0
2018-01-24 13:01:47.003000,5.0,4.99,5.0,2013300.0
2018-01-24 13:01:49.553000,5.0,4.99,5.0,2013300.0
2018-01-24 13:01:52.575000,5.0,4.99,5.0,2013300.0
2018-01-24 13:01:55.167000,5.0,4.99,5.0,2013300.0
2018-01-24 13:01:58.153000,5.0,4.99,5.0,2013300.0
2018-01-24 13:02:00.886000,5.0,4.99,5.0,2013300.0
2018-01-24 13:02:03.391000,5.0,4.99,5.0,2013300.0
2018-01-24 13:02:06.129000,5.0,4.99,5.0,2013300.0
2018-01-24 13:02:08.689000,5.0,4.99,5.0,2013300.0
2018-01-24 13:02:11.229000,5.0,4.99,5.0,2013300.0
2018-01-24 13:02:13.935000,5.0,4.99,5.0,2013300.0
2018-01-24 13:02:16.590000,5.0,4.99,5.0,2013300.0
2018-01-24 13:02:19.098000,5.0,4.99,5.0,2013300.0
2018-01-24 13:02:21.699000,5.0,4.99,5.0,2013300.0
2018-01-24 13:02:24.497000,5.0,4.99,5.0,2013300.0
2018-01-24 13:02:26.966000,5.0,4.99,5.0,2013300.0
2018-01-24 13:02:29.438000,5.0,4.99,5.0,2013300.0
2018-01-24 13:02:31.810000,5.0,4.99,5.0,2013300.0
2018-01-24 13:02:34.423000,5.0,4.99,5.0,2013300.0
2018-01-24 13:02:37.543000,5.0,4.99,5.0,2013300.0
2018-01-24 13:02:40.201000,5.0,4.99,5.0,2013300.0
2018-01-24 13:02:42.749000,5.0,4.99,5.0,2013300.0
2018-01-24 13:02:45.418000,5.0,4.99,5.0,2013300.0
2018-01-24 13:02:47.982000,5.0,4.99,5.0,2013300.0
2018-01-24 13:02:50.465000,5.0,4.99,5.0,2013300.0
2018-01-24 13:02:53.106000,5.0,4.99,5.0,2013300.0
2018-01-24 13:02:55.685000,5.0,4.99,5.0,2013300.0
2018-01-24 13:02:58.384000,5.0,4.99,5.0,2013300.0
2018-01-24 13:03:00.842000,5.0,4.99,5.0,2013300.0
2018-01-24 13:03:03.459000,5.0,4.99,5.0,2013300.0
2018-01-24 13:03:05.949000,5.0,4.99,5.0,2013300.0
2018-01-24 13:03:08.953000,5.0,4.99,5.0,2013300.0
2018-01-24 13:03:11.655000,5.0,4.99,5.0,2013300.0
2018-01-24 13:03:14.169000,5.0,4.99,5.0,2013300.0
2018-01-24 13:03:16.704000,5.0,4.99,5.0,2013300.0
2018-01-24 13:03:19.241000,5.0,4.99,5.0,2013300.0
2018-01-24 13:03:22.235000,5.0,4.99,5.0,2013300.0
2018-01-24 13:03:25.222000,5.0,4.99,5.0,2013300.0
2018-01-24 13:03:27.845000,5.0,4.99,5.0,2013300.0
2018-01-24 13:03:30.812000,5.0,4.99,5.0,2013300.0
2018-01-24 13:03:33.440000,5.0,4.99,5.0,2013300.0
2018-01-24 13:03:35.840000,5.0,4.99,5.0,2013300.0
2018-01-24 13:03:38.484000,5.0,4.99,5.0,2013300.0
2018-01-24 13:03:41.157000,5.0,4.99,5.0,2013300.0
2018-01-24 13:03:43.548000,5.0,4.99,5.0,2013300.0
2018-01-24 13:03:46.217000,5.0,4.99,5.0,2013300.0
2018-01-24 13:03:48.566000,5.0,4.99,5.0,2013300.0
2018-01-24 13:03:51.139000,5.0,4.99,5.0,2013300.0
2018-01-24 13:03:53.674000,5.0,4.99,5.0,2013300.0
2018-01-24 13:03:56.221000,5.0,4.99,5.0,2013300.0
2018-01-24 13:03:59.050000,5.0,4.99,5.0,2013300.0
2018-01-24 13:04:01.473000,5.0,4.99,5.0,2013300.0
2018-01-24 13:04:04.141000,5.0,4.99,5.0,2013300.0
2018-01-24 13:04:06.529000,5.0,4.99,5.0,2013300.0
2018-01-24 13:04:09.264000,5.0,4.99,5.0,2013300.0
2018-01-24 13:04:11.687000,5.0,4.99,5.0,2013300.0
2018-01-24 13:04:14.167000,5.0,4.99,5.0,2013300.0
2018-01-24 13:04:16.812000,5.0,4.99,5.0,2013300.0
2018-01-24 13:04:19.378000,5.0,4.99,5.0,2013300.0
2018-01-24 13:04:21.796000,5.0,4.99,5.0,2013300.0
2018-01-24 13:04:24.377000,5.0,4.99,5.0,2013300.0
2018-01-24 13:04:26.842000,5.0,4.99,5.0,2013300.0
2018-01-24 13:04:29.216000,5.0,4.99,5.0,2013300.0
2018-01-24 13:04:31.875000,5.0,4.99,5.0,2013300.0
2018-01-24 13:04:34.473000,5.0,4.99,5.0,2013300.0
2018-01-24 13:04:37.131000,5.0,4.99,5.0,2013300.0
2018-01-24 13:04:39.656000,5.0,4.99,5.0,2013300.0
2018-01-24 13:04:42.063000,5.0,4.99,5.0,2013300.0
2018-01-24 13:04:44.605000,5.0,4.99,5.0,2013300.0
2018-01-24 13:04:47.126000,5.0,4.99,5.0,2013300.0
2018-01-24 13:04:49.818000,5.0,4.99,5.0,2013300.0
2018-01-24 13:04:52.335000,5.0,4.99,5.0,2013300.0
2018-01-24 13:04:54.757000,5.0,4.99,5.0,2013300.0
2018-01-24 13:04:57.350000,5.0,4.99,5.0,2013300.0
2018-01-24 13:04:59.915000,5.0,4.99,5.0,2013300.0
2018-01-24 13:05:02.269000,5.0,4.99,5.0,2058300.0
2018-01-24 13:05:04.851000,5.0,4.99,5.0,2058300.0
2018-01-24 13:05:07.127000,5.0,4.99,5.0,2058300.0
2018-01-24 13:05:10.024000,5.0,4.99,5.0,2058300.0
2018-01-24 13:05:12.419000,5.0,4.99,5.0,2058300.0
2018-01-24 13:05:14.943000,5.0,4.99,5.0,2058300.0
2018-01-24 13:05:17.488000,5.0,4.99,5.0,2058300.0
2018-01-24 13:05:20.035000,5.0,4.99,5.0,2058300.0
2018-01-24 13:05:22.556000,5.0,4.99,5.0,2058300.0
2018-01-24 13:05:25.134000,5.0,4.99,5.0,2058300.0
2018-01-24 13:05:27.844000,5.0,4.99,5.0,2058300.0
2018-01-24 13:05:30.467000,5.0,4.99,5.0,2058300.0
2018-01-24 13:05:33.166000,5.0,4.99,5.0,2058300.0
2018-01-24 13:05:35.762000,5.0,4.99,5.0,2058300.0
2018-01-24 13:05:38.306000,5.0,4.99,5.0,2058300.0
2018-01-24 13:05:40.760000,5.0,4.99,5.0,2058300.0
2018-01-24 13:05:43.253000,5.0,4.99,5.0,2058300.0
2018-01-24 13:05:45.681000,5.0,4.99,5.0,2058300.0
2018-01-24 13:05:48.318000,5.0,4.99,5.0,2058300.0
2018-01-24 13:05:50.844000,5.0,4.99,5.0,2058300.0
2018-01-24 13:05:53.342000,5.0,4.99,5.0,2058300.0
2018-01-24 13:05:55.860000,5.0,4.99,5.0,2058300.0
2018-01-24 13:05:58.256000,5.0,4.99,5.0,2058300.0
2018-01-24 13:06:00.660000,5.0,4.99,5.0,2058300.0
2018-01-24 13:06:03.016000,5.0,4.99,5.0,2058300.0
2018-01-24 13:06:05.573000,5.0,4.99,5.0,2058300.0
2018-01-24 13:06:08.007000,5.0,4.99,5.0,2058300.0
2018-01-24 13:06:10.542000,5.0,4.99,5.0,2058300.0
2018-01-24 13:06:12.980000,5.0,4.99,5.0,2058300.0
2018-01-24 13:06:15.679000,5.0,4.99,5.0,2058300.0
2018-01-24 13:06:18.201000,5.0,4.99,5.0,2058300.0
2018-01-24 13:06:20.941000,5.0,4.99,5.0,2058300.0
2018-01-24 13:06:23.528000,5.0,4.99,5.0,2058300.0
2018-01-24 13:06:26.050000,5.0,4.99,5.0,2058300.0
2018-01-24 13:06:28.444000,5.0,4.99,5.0,2058300.0
2018-01-24 13:06:30.939000,5.0,4.99,5.0,2058300.0
2018-01-24 13:06:33.379000,5.0,4.99,5.0,2058300.0
2018-01-24 13:06:35.923000,5.0,4.99,5.0,2058300.0
2018-01-24 13:06:38.412000,5.0,4.99,5.0,2058300.0
2018-01-24 13:06:40.939000,5.0,4.99,5.0,2058300.0
2018-01-24 13:06:43.333000,5.0,4.99,5.0,2058300.0
2018-01-24 13:06:45.789000,5.0,4.99,5.0,2058300.0
2018-01-24 13:06:48.504000,5.0,4.99,5.0,2058300.0
2018-01-24 13:06:51.064000,5.0,4.99,5.0,2058300.0
2018-01-24 13:06:53.413000,5.0,4.99,5.0,2058300.0
2018-01-24 13:06:55.925000,5.0,4.99,5.0,2058300.0
2018-01-24 13:06:58.444000,5.0,4.99,5.0,2058300.0
2018-01-24 13:07:00.858000,5.0,4.99,5.0,2058300.0
2018-01-24 13:07:03.398000,5.0,4.99,5.0,2059900.0
2018-01-24 13:07:05.840000,5.0,4.99,5.0,2059900.0
2018-01-24 13:07:08.535000,5.0,4.99,5.0,2059900.0
2018-01-24 13:07:11.317000,5.0,4.99,5.0,2059900.0
2018-01-24 13:07:13.887000,5.0,4.99,5.0,2059900.0
2018-01-24 13:07:16.659000,5.0,4.99,5.0,2059900.0
2018-01-24 13:07:19.116000,4.99,4.98,5.0,2249400.0
2018-01-24 13:07:21.801000,4.99,4.98,5.0,2249400.0
2018-01-24 13:07:24.367000,4.99,4.98,5.0,2249400.0
2018-01-24 13:07:27.034000,4.99,4.98,5.0,2249400.0
2018-01-24 13:07:29.646000,4.99,4.98,5.0,2249400.0
2018-01-24 13:07:32.209000,4.99,4.98,5.0,2249400.0
2018-01-24 13:07:34.697000,4.99,4.98,5.0,2249400.0
2018-01-24 13:07:37.248000,4.99,4.98,5.0,2249400.0
2018-01-24 13:07:39.764000,4.99,4.98,5.0,2249400.0
2018-01-24 13:07:42.308000,4.99,4.98,5.0,2249400.0
2018-01-24 13:07:44.912000,4.99,4.98,5.0,2249400.0
2018-01-24 13:07:47.129000,4.99,4.98,5.0,2249400.0
2018-01-24 13:07:49.587000,4.99,4.98,5.0,2249400.0
2018-01-24 13:07:52.231000,4.99,4.98,5.0,2249400.0
2018-01-24 13:07:54.721000,4.99,4.98,5.0,2249400.0
2018-01-24 13:07:57.337000,4.99,4.98,4.99,2249400.0
2018-01-24 13:07:59.958000,4.99,4.98,4.99,2249400.0
2018-01-24 13:08:02.587000,4.99,4.98,4.99,2249400.0
2018-01-24 13:08:05.295000,4.99,4.98,4.99,2249400.0
2018-01-24 13:08:07.942000,4.99,4.98,4.99,2249400.0
2018-01-24 13:08:10.834000,4.99,4.98,4.99,2249400.0
2018-01-24 13:08:13.712000,4.99,4.98,4.99,2249400.0
2018-01-24 13:08:16.165000,4.99,4.98,4.99,2249400.0
2018-01-24 13:08:18.524000,4.99,4.98,4.99,2249400.0
2018-01-24 13:08:21.017000,4.99,4.98,4.99,2249400.0
2018-01-24 13:08:23.603000,4.99,4.98,4.99,2249400.0
2018-01-24 13:08:26.132000,4.99,4.98,4.99,2249400.0
2018-01-24 13:08:28.686000,4.99,4.98,4.99,2249400.0
2018-01-24 13:08:31.075000,4.99,4.98,4.99,2249400.0
2018-01-24 13:08:33.668000,4.99,4.98,4.99,2249400.0
2018-01-24 13:08:36.426000,4.99,4.98,4.99,2249400.0
2018-01-24 13:08:38.952000,4.99,4.98,4.99,2249400.0
2018-01-24 13:08:41.423000,4.99,4.98,4.99,2249400.0
2018-01-24 13:08:43.814000,4.99,4.98,4.99,2249400.0
2018-01-24 13:08:46.336000,4.99,4.98,4.99,2249400.0
2018-01-24 13:08:48.883000,4.99,4.98,4.99,2249400.0
2018-01-24 13:08:51.598000,4.99,4.98,4.99,2249400.0
2018-01-24 13:08:54.195000,4.99,4.98,4.99,2249400.0
2018-01-24 13:08:56.686000,4.99,4.98,4.99,2249400.0
2018-01-24 13:08:59.146000,4.99,4.98,4.99,2249400.0
2018-01-24 13:09:01.583000,4.99,4.98,4.99,2249400.0
2018-01-24 13:09:03.951000,4.99,4.98,4.99,2249400.0
2018-01-24 13:09:06.489000,4.99,4.98,4.99,2249400.0
2018-01-24 13:09:09.043000,4.99,4.98,4.99,2249400.0
2018-01-24 13:09:11.567000,4.99,4.98,4.99,2249400.0
2018-01-24 13:09:14.039000,4.99,4.98,5.0,2448500.0
2018-01-24 13:09:16.567000,4.99,4.98,5.0,2448500.0
2018-01-24 13:09:18.977000,4.99,4.98,5.0,2448500.0
2018-01-24 13:09:21.646000,4.99,4.98,5.0,2448500.0
2018-01-24 13:09:24.197000,4.99,4.98,5.0,2448500.0
2018-01-24 13:09:26.883000,4.99,4.98,5.0,2448500.0
2018-01-24 13:09:29.320000,4.99,4.98,5.0,2448500.0
2018-01-24 13:09:32.053000,4.99,4.98,5.0,2448500.0
2018-01-24 13:09:34.675000,4.99,4.98,5.0,2448500.0
2018-01-24 13:09:37.244000,4.99,4.98,5.0,2448500.0
2018-01-24 13:09:39.854000,4.99,4.98,5.0,2448500.0
2018-01-24 13:09:42.549000,4.99,4.98,5.0,2448500.0
2018-01-24 13:09:45.226000,4.99,4.98,5.0,2448500.0
2018-01-24 13:09:47.693000,4.99,4.98,5.0,2448500.0
2018-01-24 13:09:50.102000,4.99,4.98,5.0,2448500.0
2018-01-24 13:09:52.741000,4.99,4.98,5.0,2448500.0
2018-01-24 13:09:55.165000,4.99,4.98,5.0,2448500.0
2018-01-24 13:09:57.775000,4.99,4.98,5.0,2448500.0
2018-01-24 13:10:00.419000,4.99,4.98,5.0,2448500.0
2018-01-24 13:10:02.961000,4.99,4.98,5.0,2448500.0
2018-01-24 13:10:05.557000,4.99,4.98,5.0,2448500.0
2018-01-24 13:10:07.961000,4.99,4.98,5.0,2448500.0
2018-01-24 13:10:10.433000,4.99,4.98,5.0,2448500.0
2018-01-24 13:10:12.856000,4.99,4.98,5.0,2448500.0
2018-01-24 13:10:15.394000,4.99,4.98,5.0,2448500.0
2018-01-24 13:10:17.975000,4.99,4.98,5.0,2448500.0
2018-01-24 13:10:20.639000,4.99,4.98,5.0,2448500.0
2018-01-24 13:10:22.931000,4.99,4.98,5.0,2448500.0
2018-01-24 13:10:25.469000,4.99,4.98,5.0,2448500.0
2018-01-24 13:10:28.132000,4.99,4.98,5.0,2448500.0
2018-01-24 13:10:30.722000,4.99,4.98,5.0,2448500.0
2018-01-24 13:10:33.015000,4.99,4.98,5.0,2448500.0
2018-01-24 13:10:35.596000,4.99,4.98,5.0,2448500.0
2018-01-24 13:10:38.087000,4.99,4.98,5.0,2448500.0
2018-01-24 13:10:40.650000,4.99,4.98,5.0,2448500.0
2018-01-24 13:10:43.231000,4.99,4.98,5.0,2448500.0
2018-01-24 13:10:45.764000,4.99,4.98,5.0,2448500.0
2018-01-24 13:10:48.429000,4.99,4.98,5.0,2448500.0
2018-01-24 13:10:51.603000,4.99,4.98,5.0,2448500.0
2018-01-24 13:10:54.216000,4.99,4.98,5.0,2448500.0
2018-01-24 13:10:56.586000,4.99,4.98,5.0,2448500.0
2018-01-24 13:10:59.139000,4.99,4.98,5.0,2448500.0
2018-01-24 13:11:01.462000,4.99,4.98,5.0,2448500.0
2018-01-24 13:11:04.097000,4.99,4.98,5.0,2448500.0
2018-01-24 13:11:06.603000,4.99,4.98,5.0,2448500.0
2018-01-24 13:11:09.137000,4.99,4.98,5.0,2448500.0
2018-01-24 13:11:11.476000,4.99,4.98,5.0,2448500.0
2018-01-24 13:11:13.995000,4.99,4.98,5.0,2448500.0
2018-01-24 13:11:16.349000,4.99,4.98,5.0,2448500.0
2018-01-24 13:11:18.758000,4.99,4.98,5.0,2448500.0
2018-01-24 13:11:21.212000,4.99,4.98,5.0,2448500.0
2018-01-24 13:11:23.707000,4.99,4.98,5.0,2448500.0
2018-01-24 13:11:26.431000,4.99,4.98,5.0,2448500.0
2018-01-24 13:11:28.988000,4.99,4.98,5.0,2448500.0
2018-01-24 13:11:31.603000,4.99,4.98,5.0,2448500.0
2018-01-24 13:11:34.216000,4.99,4.98,5.0,2448500.0
2018-01-24 13:11:36.617000,4.99,4.98,5.0,2448500.0
2018-01-24 13:11:39.073000,4.99,4.98,5.0,2448500.0
2018-01-24 13:11:41.325000,4.99,4.98,5.0,2448500.0
2018-01-24 13:11:43.805000,4.99,4.98,5.0,2448500.0
2018-01-24 13:11:46.348000,4.99,4.98,5.0,2448500.0
2018-01-24 13:11:48.840000,4.99,4.98,5.0,2448500.0
2018-01-24 13:11:51.525000,4.99,4.98,5.0,2448500.0
2018-01-24 13:11:54.041000,4.99,4.98,5.0,2448500.0
2018-01-24 13:11:56.773000,4.99,4.98,5.0,2448500.0
2018-01-24 13:11:59.261000,4.99,4.98,5.0,2448500.0
2018-01-24 13:12:01.806000,4.99,4.98,5.0,2448500.0
2018-01-24 13:12:04.315000,4.99,4.98,5.0,2448500.0
2018-01-24 13:12:06.853000,4.99,4.98,5.0,2448500.0
2018-01-24 13:12:09.209000,4.99,4.98,5.0,2448500.0
2018-01-24 13:12:11.683000,4.99,4.98,5.0,2448500.0
2018-01-24 13:12:14.053000,4.99,4.98,5.0,2448500.0
2018-01-24 13:12:16.509000,4.99,4.98,5.0,2448500.0
2018-01-24 13:12:18.996000,4.99,4.98,5.0,2448500.0
2018-01-24 13:12:21.509000,4.99,4.98,5.0,2448500.0
2018-01-24 13:12:24.126000,4.99,4.98,5.0,2448500.0
2018-01-24 13:12:26.525000,4.99,4.98,5.0,2448500.0
2018-01-24 13:12:28.793000,4.99,4.98,5.0,2448500.0
2018-01-24 13:12:31.279000,4.99,4.98,5.0,2448500.0
2018-01-24 13:12:33.825000,4.99,4.98,5.0,2448500.0
2018-01-24 13:12:36.349000,4.99,4.98,5.0,2448500.0
2018-01-24 13:12:39.059000,4.99,4.98,5.0,2448500.0
2018-01-24 13:12:41.652000,4.99,4.98,5.0,2448500.0
2018-01-24 13:12:44.109000,4.99,4.98,5.0,2448500.0
2018-01-24 13:12:46.837000,4.99,4.98,5.0,2448500.0
2018-01-24 13:12:49.466000,4.99,4.98,5.0,2448500.0
2018-01-24 13:12:51.949000,4.99,4.98,5.0,2448500.0
2018-01-24 13:12:54.844000,4.99,4.98,5.0,2448500.0
2018-01-24 13:12:57.535000,4.99,4.98,5.0,2448500.0
2018-01-24 13:13:00.508000,4.99,4.98,5.0,2448500.0
2018-01-24 13:13:03.096000,4.99,4.98,5.0,2448500.0
2018-01-24 13:13:05.632000,4.99,4.98,5.0,2448500.0
2018-01-24 13:13:08.176000,4.99,4.98,5.0,2448500.0
2018-01-24 13:13:10.904000,4.99,4.98,5.0,2448500.0
2018-01-24 13:13:13.138000,4.99,4.98,5.0,2448500.0
2018-01-24 13:13:15.829000,4.99,4.98,5.0,2448500.0
2018-01-24 13:13:18.280000,4.99,4.98,5.0,2448500.0
2018-01-24 13:13:21.222000,4.99,4.98,5.0,2448500.0
2018-01-24 13:13:23.912000,4.99,4.98,5.0,2448500.0
2018-01-24 13:13:26.297000,4.99,4.98,5.0,2448500.0
2018-01-24 13:13:28.782000,4.99,4.98,5.0,2448500.0
2018-01-24 13:13:31.278000,4.99,4.98,5.0,2448500.0
2018-01-24 13:13:33.698000,4.99,4.98,5.0,2448500.0
2018-01-24 13:13:36.291000,4.99,4.98,5.0,2448500.0
2018-01-24 13:13:38.758000,4.99,4.98,5.0,2448500.0
2018-01-24 13:13:41.121000,4.99,4.98,5.0,2448500.0
2018-01-24 13:13:43.787000,4.99,4.98,5.0,2448500.0
2018-01-24 13:13:46.275000,4.99,4.98,5.0,2448500.0
2018-01-24 13:13:48.827000,4.99,4.98,5.0,2448500.0
2018-01-24 13:13:51.317000,4.99,4.98,5.0,2448500.0
2018-01-24 13:13:53.864000,4.99,4.98,5.0,2448500.0
2018-01-24 13:13:56.415000,4.99,4.98,5.0,2448500.0
2018-01-24 13:13:58.812000,4.99,4.98,5.0,2448500.0
2018-01-24 13:14:01.332000,4.99,4.98,5.0,2448500.0
2018-01-24 13:14:03.749000,4.99,4.99,5.0,2449000.0
2018-01-24 13:14:06.237000,4.99,4.99,5.0,2449000.0
2018-01-24 13:14:08.626000,4.99,4.99,5.0,2449000.0
2018-01-24 13:14:11.133000,4.99,4.99,5.0,2449000.0
2018-01-24 13:14:13.657000,4.99,4.99,5.0,2449000.0
2018-01-24 13:14:15.957000,4.99,4.99,5.0,2449000.0
2018-01-24 13:14:18.406000,4.99,4.99,5.0,2449000.0
2018-01-24 13:14:21.034000,4.99,4.99,5.0,2449000.0
2018-01-24 13:14:23.782000,4.99,4.99,5.0,2449000.0
2018-01-24 13:14:26.160000,4.99,4.99,5.0,2449000.0
2018-01-24 13:14:28.866000,4.99,4.99,5.0,2449000.0
2018-01-24 13:14:31.353000,4.99,4.99,5.0,2449000.0
2018-01-24 13:14:33.749000,4.99,4.99,5.0,2449000.0
2018-01-24 13:14:36.472000,4.99,4.99,5.0,2449000.0
2018-01-24 13:14:39.029000,4.99,4.99,5.0,2449000.0
2018-01-24 13:14:41.701000,4.99,4.99,5.0,2449000.0
2018-01-24 13:14:44.205000,4.99,4.99,5.0,2449000.0
2018-01-24 13:14:46.627000,4.99,4.99,5.0,2449000.0
2018-01-24 13:14:49.069000,4.99,4.99,5.0,2449000.0
2018-01-24 13:14:51.606000,4.99,4.99,5.0,2449000.0
2018-01-24 13:14:54.376000,4.99,4.99,5.0,2449000.0
2018-01-24 13:14:57.013000,4.99,4.99,5.0,2449000.0
2018-01-24 13:14:59.501000,4.99,4.99,5.0,2449000.0
2018-01-24 13:15:02.028000,4.99,4.99,5.0,2449000.0
2018-01-24 13:15:04.515000,4.99,4.99,5.0,2449000.0
2018-01-24 13:15:07.162000,4.99,4.99,5.0,2449000.0
2018-01-24 13:16:24.833000,,,,
2018-01-24 13:16:39.888000,,,,
2018-01-24 13:16:46.474000,4.99,4.99,5.0,2464000.0
2018-01-24 13:16:49.128000,4.99,4.99,5.0,2464000.0
2018-01-24 13:16:51.984000,4.99,4.99,5.0,2464000.0
2018-01-24 13:16:54.486000,4.99,4.99,5.0,2464000.0
2018-01-24 13:16:57.111000,4.99,4.99,5.0,2464000.0
2018-01-24 13:16:59.808000,4.99,4.99,5.0,2464000.0
2018-01-24 13:17:02.413000,4.99,4.99,5.0,2464000.0
2018-01-24 13:17:04.979000,4.99,4.99,5.0,2464000.0
2018-01-24 13:17:07.611000,4.99,4.99,5.0,2464000.0
2018-01-24 13:17:10.302000,4.99,4.99,5.0,2464000.0
2018-01-24 13:17:12.830000,4.99,4.99,5.0,2464000.0
2018-01-24 13:17:15.474000,4.99,4.99,5.0,2464000.0
2018-01-24 13:17:18.097000,4.99,4.99,5.0,2464000.0
2018-01-24 13:17:20.616000,4.99,4.99,5.0,2464000.0
2018-01-24 13:17:23.164000,4.99,4.99,5.0,2464000.0
2018-01-24 13:17:25.698000,4.99,4.99,5.0,2464000.0
2018-01-24 13:17:28.161000,4.99,4.99,5.0,2464000.0
2018-01-24 13:17:30.727000,4.99,4.99,5.0,2464000.0
2018-01-24 13:17:33.158000,4.99,4.99,5.0,2464000.0
2018-01-24 13:17:35.765000,4.99,4.99,5.0,2464000.0
2018-01-24 13:17:38.644000,4.99,4.99,5.0,2464000.0
2018-01-24 13:17:41.186000,4.99,4.99,5.0,2464000.0
2018-01-24 13:17:43.881000,4.99,4.99,5.0,2464000.0
2018-01-24 13:17:46.269000,4.99,4.99,5.0,2464000.0
2018-01-24 13:17:49.020000,4.99,4.99,5.0,2464000.0
2018-01-24 13:17:51.445000,4.99,4.99,5.0,2464000.0
2018-01-24 13:17:53.792000,4.99,4.99,5.0,2464000.0
2018-01-24 13:17:56.498000,4.99,4.99,5.0,2464000.0
2018-01-24 13:17:59.067000,4.99,4.99,5.0,2464000.0
2018-01-24 13:18:01.590000,4.99,4.99,5.0,2464000.0
2018-01-24 13:18:03.927000,4.99,4.99,5.0,2464000.0
2018-01-24 13:18:06.462000,4.99,4.99,5.0,2464000.0
2018-01-24 13:18:08.931000,4.99,4.99,5.0,2464000.0
2018-01-24 13:18:22.502000,4.99,4.99,5.0,2464000.0
2018-01-24 13:18:25.068000,4.99,4.99,5.0,2464000.0
2018-01-24 13:18:27.585000,4.99,4.99,5.0,2464000.0
2018-01-24 13:18:30.142000,4.99,4.99,5.0,2464000.0
2018-01-24 13:18:32.847000,4.99,4.99,5.0,2464000.0
2018-01-24 13:18:35.304000,4.99,4.99,5.0,2464000.0
2018-01-24 13:18:37.851000,4.99,4.99,5.0,2464000.0
2018-01-24 13:18:40.464000,4.99,4.99,5.0,2464000.0
2018-01-24 13:18:43.132000,4.99,4.99,5.0,2464000.0
2018-01-24 13:18:45.735000,4.99,4.99,5.0,2464000.0
2018-01-24 13:18:48.529000,4.99,4.99,5.0,2464000.0
2018-01-24 13:18:51.172000,4.99,4.99,5.0,2464000.0
2018-01-24 13:18:53.608000,4.99,4.99,5.0,2464000.0
2018-01-24 13:18:56.164000,4.99,4.99,5.0,2464000.0
2018-01-24 13:18:58.855000,4.99,4.99,5.0,2464000.0
2018-01-24 13:19:01.391000,4.99,4.99,5.0,2464000.0
2018-01-24 13:19:04.166000,4.99,4.99,5.0,2464000.0
2018-01-24 13:19:06.607000,4.99,4.99,5.0,2464000.0
2018-01-24 13:19:09.213000,4.99,4.99,5.0,2464000.0
2018-01-24 13:19:11.682000,4.99,4.99,5.0,2464000.0
2018-01-24 13:19:14.278000,4.99,4.99,5.0,2464000.0
2018-01-24 13:19:16.826000,4.99,4.99,5.0,2464000.0
2018-01-24 13:19:19.342000,4.99,4.99,5.0,2464000.0
2018-01-24 13:19:21.580000,4.99,4.99,5.0,2464000.0
2018-01-24 13:19:24.226000,4.99,4.99,5.0,2464000.0
2018-01-24 13:19:26.527000,4.99,4.99,5.0,2464000.0
2018-01-24 13:19:29.036000,4.99,4.99,5.0,2464000.0
2018-01-24 13:19:31.215000,4.99,4.99,5.0,2464000.0
2018-01-24 13:19:33.663000,4.99,4.99,5.0,2464000.0
2018-01-24 13:19:35.963000,4.99,4.99,5.0,2464000.0
2018-01-24 13:19:41.300000,4.99,4.99,5.0,2464000.0
2018-01-24 13:19:43.508000,4.99,4.99,5.0,2464000.0
2018-01-24 13:19:45.956000,4.99,4.99,5.0,2464000.0
2018-01-24 13:19:48.566000,4.99,4.99,5.0,2464000.0
2018-01-24 13:19:50.867000,4.99,4.99,5.0,2464000.0
2018-01-24 13:19:53.149000,4.99,4.99,5.0,2464000.0
2018-01-24 13:19:55.465000,4.99,4.99,5.0,2464000.0
2018-01-24 13:19:57.896000,4.99,4.99,5.0,2464000.0
2018-01-24 13:20:00.149000,4.99,4.99,5.0,2464000.0
2018-01-24 13:20:02.615000,4.99,4.99,5.0,2464000.0
2018-01-24 13:20:05.009000,4.99,4.99,5.0,2464000.0
2018-01-24 13:20:07.462000,4.99,4.99,5.0,2464000.0
2018-01-24 13:20:09.681000,5.0,4.99,5.0,2474000.0
2018-01-24 13:20:12.108000,5.0,4.99,5.0,2474000.0
2018-01-24 13:20:14.335000,5.0,4.99,5.0,2474000.0
2018-01-24 13:20:16.542000,5.0,4.99,5.0,2474000.0
2018-01-24 13:20:18.961000,5.0,4.99,5.0,2474000.0
2018-01-24 13:20:21.205000,5.0,4.99,5.0,2474000.0
2018-01-24 13:20:23.441000,5.0,4.99,5.0,2474000.0
2018-01-24 13:20:25.586000,5.0,4.99,5.0,2474000.0
2018-01-24 13:20:28.021000,5.0,4.99,5.0,2474000.0
2018-01-24 13:20:30.355000,5.0,4.99,5.0,2474000.0
2018-01-24 13:20:32.647000,5.0,4.99,5.0,2474000.0
2018-01-24 13:20:34.915000,5.0,4.99,5.0,2474000.0
2018-01-24 13:20:37.336000,5.0,4.99,5.0,2474000.0
2018-01-24 13:20:39.617000,5.0,4.99,5.0,2474000.0
2018-01-24 13:20:42.106000,5.0,4.99,5.0,2474000.0
2018-01-24 13:20:44.323000,5.0,4.99,5.0,2474000.0
2018-01-24 13:20:46.598000,5.0,4.99,5.0,2474000.0
2018-01-24 13:20:48.961000,5.0,4.99,5.0,2474000.0
2018-01-24 13:20:51.059000,5.0,4.99,5.0,2474000.0
2018-01-24 13:20:53.399000,5.0,4.99,5.0,2474000.0
2018-01-24 13:20:55.679000,5.0,4.99,5.0,2474000.0
2018-01-24 13:20:57.896000,5.0,4.99,5.0,2474000.0
2018-01-24 13:21:00.056000,5.0,4.99,5.0,2474000.0
2018-01-24 13:21:02.835000,5.0,4.99,5.0,2474000.0
2018-01-24 13:21:05.246000,5.0,4.99,5.0,2474000.0
2018-01-24 13:21:07.709000,5.0,4.99,5.0,2474000.0
2018-01-24 13:21:10.281000,5.0,4.99,5.0,2474000.0
2018-01-24 13:21:13.165000,5.0,4.99,5.0,2474000.0
2018-01-24 13:21:15.653000,5.0,4.99,5.0,2474000.0
2018-01-24 13:21:18.212000,5.0,4.99,5.0,2474000.0
2018-01-24 13:21:20.747000,5.0,4.99,5.0,2474000.0
2018-01-24 13:21:23.431000,5.0,4.99,5.0,2474000.0
2018-01-24 13:21:26.245000,5.0,4.99,5.0,2474000.0
2018-01-24 13:21:30.150000,5.0,4.99,5.0,2474000.0
2018-01-24 13:21:32.648000,5.0,4.99,5.0,2474000.0
2018-01-24 13:21:35.308000,5.0,4.99,5.0,2474000.0
2018-01-24 13:21:37.790000,5.0,4.99,5.0,2514000.0
2018-01-24 13:21:40.287000,5.0,4.99,5.0,2514000.0
2018-01-24 13:21:43.072000,5.0,4.99,5.0,2514000.0
2018-01-24 13:21:45.515000,5.0,4.99,5.0,2514000.0
2018-01-24 13:21:48.175000,5.0,4.99,5.0,2514000.0
2018-01-24 13:21:50.574000,5.0,4.99,5.0,2514000.0
2018-01-24 13:21:53.149000,5.0,4.99,5.0,2514000.0
2018-01-24 13:21:55.591000,5.0,4.99,5.0,2514000.0
2018-01-24 13:21:57.916000,5.0,4.99,5.0,2514000.0
2018-01-24 13:22:00.294000,5.0,4.99,5.0,2514000.0
2018-01-24 13:22:03.101000,5.0,4.99,5.0,2514000.0
2018-01-24 13:22:05.625000,5.0,4.99,5.0,2514000.0
2018-01-24 13:22:07.900000,5.0,4.99,5.0,2514000.0
2018-01-24 13:22:10.507000,5.0,4.98,5.0,2514000.0
2018-01-24 13:22:13.261000,5.0,4.98,5.0,2514000.0
2018-01-24 13:22:15.781000,5.0,4.98,5.0,2514000.0
2018-01-24 13:22:18.328000,5.0,4.98,5.0,2514000.0
2018-01-24 13:22:20.956000,5.0,4.98,5.0,2514000.0
2018-01-24 13:22:23.433000,5.0,4.98,5.0,2514000.0
2018-01-24 13:22:25.827000,5.0,4.98,5.0,2514000.0
2018-01-24 13:22:28.245000,5.0,4.98,5.0,2514000.0
2018-01-24 13:22:30.795000,5.0,4.98,5.0,2514000.0
2018-01-24 13:22:33.024000,5.0,4.98,5.0,2514000.0
2018-01-24 13:22:35.534000,5.0,4.98,5.0,2514000.0
2018-01-24 13:22:38.296000,5.0,4.98,5.0,2514000.0
2018-01-24 13:22:40.828000,5.0,4.98,5.0,2514000.0
2018-01-24 13:22:43.279000,5.0,4.98,5.0,2514000.0
2018-01-24 13:22:45.829000,5.0,4.98,5.0,2514000.0
2018-01-24 13:22:48.434000,4.99,4.99,5.0,2567000.0
2018-01-24 13:22:50.928000,4.99,4.99,5.0,2567000.0
2018-01-24 13:22:53.260000,4.99,4.99,5.0,2567000.0
2018-01-24 13:22:55.901000,4.99,4.99,5.0,2567000.0
2018-01-24 13:22:58.417000,4.99,4.99,5.0,2567000.0
2018-01-24 13:23:00.999000,4.99,4.99,5.0,2567000.0
2018-01-24 13:23:03.849000,4.99,4.99,5.0,2567000.0
2018-01-24 13:23:06.430000,4.99,4.99,5.0,2567000.0
2018-01-24 13:23:08.979000,4.99,4.99,5.0,2567000.0
2018-01-24 13:23:11.539000,4.99,4.99,5.0,2567000.0
2018-01-24 13:23:14.208000,4.99,4.99,5.0,2567000.0
2018-01-24 13:23:16.618000,4.99,4.99,5.0,2567000.0
2018-01-24 13:23:19.244000,4.99,4.99,5.0,2567000.0
2018-01-24 13:23:21.857000,4.99,4.99,5.0,2567000.0
2018-01-24 13:23:24.513000,4.99,4.99,5.0,2567000.0
2018-01-24 13:23:26.954000,4.99,4.99,5.0,2567000.0
2018-01-24 13:23:29.267000,4.99,4.99,5.0,2567000.0
2018-01-24 13:23:31.809000,4.99,4.99,5.0,2567000.0
2018-01-24 13:23:34.277000,4.99,4.99,5.0,2567000.0
2018-01-24 13:23:36.765000,4.99,4.99,5.0,2567000.0
2018-01-24 13:23:39.122000,4.99,4.99,5.0,2567000.0
2018-01-24 13:23:41.594000,4.99,4.99,5.0,2567000.0
2018-01-24 13:23:44.062000,4.99,4.99,5.0,2567000.0
2018-01-24 13:23:46.512000,4.99,4.98,5.0,2567000.0
2018-01-24 13:23:49.062000,4.99,4.98,5.0,2567000.0
2018-01-24 13:23:51.652000,4.99,4.98,5.0,2567000.0
2018-01-24 13:23:54.110000,4.99,4.98,5.0,2567000.0
2018-01-24 13:23:56.506000,4.99,4.98,5.0,2567000.0
2018-01-24 13:23:58.966000,4.99,4.98,5.0,2567000.0
2018-01-24 13:24:01.860000,4.99,4.98,5.0,2567000.0
2018-01-24 13:24:04.456000,4.99,4.98,5.0,2567000.0
2018-01-24 13:24:06.800000,4.99,4.98,5.0,2567000.0
2018-01-24 13:24:09.372000,4.99,4.98,5.0,2567000.0
2018-01-24 13:24:11.813000,4.99,4.98,5.0,2567000.0
2018-01-24 13:24:14.248000,4.99,4.98,5.0,2567000.0
2018-01-24 13:24:16.724000,4.99,4.98,5.0,2567000.0
2018-01-24 13:24:19.312000,4.99,4.98,5.0,2567000.0
2018-01-24 13:24:22.065000,4.99,4.98,5.0,2567000.0
2018-01-24 13:24:24.593000,4.99,4.99,5.0,2567000.0
2018-01-24 13:24:27.049000,4.99,4.99,5.0,2567000.0
2018-01-24 13:24:29.451000,4.99,4.99,5.0,2567000.0
2018-01-24 13:24:31.910000,4.99,4.99,5.0,2567000.0
2018-01-24 13:24:34.575000,4.99,4.99,5.0,2567000.0
2018-01-24 13:24:37.015000,4.99,4.99,5.0,2567000.0
2018-01-24 13:24:39.622000,4.99,4.99,5.0,2567000.0
2018-01-24 13:24:42.269000,4.99,4.99,5.0,2567000.0
2018-01-24 13:24:45.065000,4.99,4.99,5.0,2567000.0
2018-01-24 13:24:47.638000,4.99,4.99,5.0,2567000.0
2018-01-24 13:24:50.190000,4.99,4.99,5.0,2567000.0
2018-01-24 13:24:52.794000,4.99,4.99,5.0,2567000.0
2018-01-24 13:24:55.287000,4.99,4.99,5.0,2567000.0
2018-01-24 13:24:57.731000,4.99,4.99,5.0,2567000.0
2018-01-24 13:25:00.297000,4.99,4.99,5.0,2567000.0
2018-01-24 13:25:02.936000,4.99,4.99,5.0,2567000.0
2018-01-24 13:25:05.783000,4.99,4.99,5.0,2567000.0
2018-01-24 13:25:08.545000,4.99,4.98,4.99,2567000.0
2018-01-24 13:25:11.064000,4.99,4.98,4.99,2567000.0
2018-01-24 13:25:14.046000,4.99,4.98,4.99,2567000.0
2018-01-24 13:25:16.570000,4.99,4.98,4.99,2567000.0
2018-01-24 13:25:19.140000,4.99,4.98,4.99,2567000.0
2018-01-24 13:25:21.569000,4.99,4.98,4.99,2567000.0
2018-01-24 13:25:24.017000,4.99,4.98,4.99,2567000.0
2018-01-24 13:25:26.515000,4.99,4.98,4.99,2567000.0
2018-01-24 13:25:29.143000,4.99,4.98,4.99,2567000.0
2018-01-24 13:25:31.724000,4.99,4.98,4.99,2567000.0
2018-01-24 13:25:34.234000,4.99,4.98,4.99,2567000.0
2018-01-24 13:25:36.550000,4.99,4.98,4.99,2567000.0
2018-01-24 13:25:39.078000,4.99,4.98,4.99,2567000.0
2018-01-24 13:25:41.510000,4.99,4.98,4.99,2567000.0
2018-01-24 13:25:43.951000,4.99,4.98,4.99,2567000.0
2018-01-24 13:25:46.501000,4.99,4.98,4.99,2567000.0
2018-01-24 13:25:49.266000,4.99,4.98,4.99,2567000.0
2018-01-24 13:25:51.829000,4.99,4.98,4.99,2567000.0
2018-01-24 13:25:54.452000,4.99,4.98,4.99,2567000.0
2018-01-24 13:25:56.970000,4.99,4.98,4.99,2567000.0
2018-01-24 13:25:59.579000,4.99,4.98,4.99,2567000.0
2018-01-24 13:26:02.158000,4.99,4.98,4.99,2567000.0
2018-01-24 13:26:04.724000,4.99,4.98,4.99,2567000.0
2018-01-24 13:26:07.292000,4.99,4.98,4.99,2567000.0
2018-01-24 13:26:09.680000,4.99,4.98,4.99,2567000.0
2018-01-24 13:26:12.166000,4.99,4.98,4.99,2567000.0
2018-01-24 13:26:14.702000,4.99,4.98,4.99,2567000.0
2018-01-24 13:26:17.246000,4.99,4.98,4.99,2567000.0
2018-01-24 13:26:19.767000,4.99,4.98,4.99,2567000.0
2018-01-24 13:26:22.278000,4.99,4.98,4.99,2567000.0
2018-01-24 13:26:24.901000,4.99,4.98,4.99,2567000.0
2018-01-24 13:26:27.413000,4.99,4.98,4.99,2567000.0
2018-01-24 13:26:29.801000,4.99,4.98,4.99,2567000.0
2018-01-24 13:26:32.288000,4.99,4.98,4.99,2567000.0
2018-01-24 13:26:34.695000,4.99,4.98,4.99,2567000.0
2018-01-24 13:26:37.214000,4.99,4.98,4.99,2567000.0
2018-01-24 13:26:39.813000,4.99,4.98,4.99,2567000.0
2018-01-24 13:26:42.486000,4.99,4.98,4.99,2567000.0
2018-01-24 13:26:45.079000,4.99,4.98,4.99,2567000.0
2018-01-24 13:26:47.674000,4.99,4.98,4.99,2567000.0
2018-01-24 13:26:50.109000,4.99,4.98,4.99,2567000.0
2018-01-24 13:26:52.701000,4.99,4.98,4.99,2567000.0
2018-01-24 13:26:55.176000,4.99,4.98,4.99,2567000.0
2018-01-24 13:26:57.584000,4.99,4.98,4.99,2567000.0
2018-01-24 13:27:00.152000,4.99,4.98,4.99,2567000.0
2018-01-24 13:27:02.680000,4.99,4.98,4.99,2567000.0
2018-01-24 13:27:05.228000,4.99,4.98,4.99,2567000.0
2018-01-24 13:27:07.683000,4.99,4.98,4.99,2567000.0
2018-01-24 13:27:10.259000,4.99,4.98,4.99,2567000.0
2018-01-24 13:27:12.615000,4.99,4.98,4.99,2567000.0
2018-01-24 13:27:15.044000,4.99,4.98,4.99,2567000.0
2018-01-24 13:27:17.294000,4.99,4.98,4.99,2567000.0
2018-01-24 13:27:19.688000,4.99,4.98,4.99,2567000.0
2018-01-24 13:27:22.299000,4.99,4.98,4.99,2567000.0
2018-01-24 13:27:24.919000,4.99,4.98,4.99,2567000.0
2018-01-24 13:27:27.495000,4.99,4.98,4.99,2567000.0
2018-01-24 13:27:30.187000,4.99,4.98,4.99,2567000.0
2018-01-24 13:27:32.587000,4.99,4.98,4.99,2577000.0
2018-01-24 13:27:35.053000,4.99,4.98,4.99,2577000.0
2018-01-24 13:27:37.564000,4.99,4.98,4.99,2577000.0
2018-01-24 13:27:40.163000,4.99,4.98,4.99,2577000.0
2018-01-24 13:27:42.842000,4.99,4.98,4.99,2577000.0
2018-01-24 13:27:45.372000,4.99,4.98,4.99,2577000.0
2018-01-24 13:27:48.253000,4.99,4.98,4.99,2577000.0
2018-01-24 13:27:50.756000,4.99,4.98,4.99,2577000.0
2018-01-24 13:27:53.288000,4.99,4.98,4.99,2577000.0
2018-01-24 13:27:55.773000,4.99,4.98,4.99,2577000.0
2018-01-24 13:27:58.205000,4.99,4.98,4.99,2577000.0
2018-01-24 13:28:00.645000,4.99,4.98,4.99,2577000.0
2018-01-24 13:28:03.376000,4.99,4.98,4.99,2577000.0
2018-01-24 13:28:06.285000,4.99,4.98,4.99,2577000.0
2018-01-24 13:28:08.709000,4.99,4.98,4.99,2577000.0
2018-01-24 13:28:11.152000,4.99,4.98,4.99,2577000.0
2018-01-24 13:28:13.673000,4.99,4.98,4.99,2577000.0
2018-01-24 13:28:16.188000,4.99,4.98,4.99,2577000.0
2018-01-24 13:28:18.673000,4.99,4.98,4.99,2577000.0
2018-01-24 13:28:21.333000,4.99,4.98,4.99,2577000.0
2018-01-24 13:28:23.896000,4.99,4.98,4.99,2577000.0
2018-01-24 13:28:26.245000,4.99,4.98,4.99,2577000.0
2018-01-24 13:28:29.066000,4.99,4.98,4.99,2577000.0
2018-01-24 13:28:31.830000,4.99,4.98,4.99,2577000.0
2018-01-24 13:28:34.461000,4.99,4.98,4.99,2577000.0
2018-01-24 13:28:37.142000,4.99,4.98,4.99,2577000.0
2018-01-24 13:28:39.478000,4.99,4.98,4.99,2577000.0
2018-01-24 13:28:42.087000,4.99,4.98,4.99,2577000.0
2018-01-24 13:28:44.598000,4.99,4.98,4.99,2577000.0
2018-01-24 13:28:47.196000,4.99,4.98,4.99,2577000.0
2018-01-24 13:28:49.684000,4.99,4.98,4.99,2577000.0
2018-01-24 13:28:52.063000,4.99,4.98,4.99,2577000.0
2018-01-24 13:28:54.747000,4.99,4.98,4.99,2577000.0
2018-01-24 13:28:57.569000,4.99,4.98,4.99,2577000.0
2018-01-24 13:29:00.156000,4.99,4.98,4.99,2577000.0
2018-01-24 13:29:02.476000,4.99,4.98,4.99,2577000.0
2018-01-24 13:29:04.989000,4.99,4.98,4.99,2577000.0
2018-01-24 13:29:07.517000,4.99,4.98,4.99,2577000.0
2018-01-24 13:29:10.060000,4.99,4.98,4.99,2577000.0
2018-01-24 13:29:12.657000,4.99,4.98,4.99,2577000.0
2018-01-24 13:29:15.067000,4.99,4.98,4.99,2577000.0
2018-01-24 13:29:17.595000,4.99,4.98,4.99,2577000.0
2018-01-24 13:29:20.160000,4.99,4.98,4.99,2577000.0
2018-01-24 13:29:22.569000,4.99,4.98,4.99,2577000.0
2018-01-24 13:29:25.097000,4.99,4.98,4.99,2577000.0
2018-01-24 13:29:27.888000,4.99,4.98,4.99,2577000.0
2018-01-24 13:29:30.307000,4.99,4.98,4.99,2577000.0
2018-01-24 13:29:32.860000,4.99,4.98,4.99,2577000.0
2018-01-24 13:29:35.525000,4.99,4.98,4.99,2577000.0
2018-01-24 13:29:38.379000,4.99,4.98,4.99,2577000.0
2018-01-24 13:29:40.997000,4.99,4.98,4.99,2577000.0
2018-01-24 13:29:43.577000,4.99,4.98,4.99,2577000.0
2018-01-24 13:29:46.055000,4.99,4.98,4.99,2577000.0
2018-01-24 13:29:48.693000,4.99,4.98,4.99,2577000.0
2018-01-24 13:29:51.219000,4.99,4.98,4.99,2577000.0
2018-01-24 13:29:53.615000,4.99,4.98,4.99,2577000.0
2018-01-24 13:29:56.015000,4.99,4.98,4.99,2577000.0
2018-01-24 13:29:58.510000,4.99,4.98,4.99,2577000.0
2018-01-24 13:30:01.104000,4.99,4.98,4.99,2577000.0
2018-01-24 13:30:04.117000,4.99,4.98,4.99,2577000.0
2018-01-24 13:30:06.573000,4.99,4.98,4.99,2577000.0
2018-01-24 13:30:09.385000,4.99,4.98,4.99,2577000.0
2018-01-24 13:30:11.919000,4.99,4.98,4.99,2577000.0
2018-01-24 13:30:14.399000,4.99,4.98,4.99,2577000.0
2018-01-24 13:30:16.947000,4.99,4.98,4.99,2577000.0
2018-01-24 13:30:19.333000,4.99,4.98,4.99,2577000.0
2018-01-24 13:30:21.961000,4.99,4.98,4.99,2577000.0
2018-01-24 13:30:24.539000,4.99,4.98,4.99,2577000.0
2018-01-24 13:30:26.839000,4.99,4.98,4.99,2577000.0
2018-01-24 13:30:29.352000,4.99,4.98,4.99,2577000.0
2018-01-24 13:30:31.813000,4.99,4.98,4.99,2577000.0
2018-01-24 13:30:34.587000,4.99,4.98,4.99,2577000.0
2018-01-24 13:30:37.262000,4.99,4.98,4.99,2577000.0
2018-01-24 13:30:39.760000,4.99,4.98,4.99,2577000.0
2018-01-24 13:30:42.379000,4.99,4.98,4.99,2577000.0
2018-01-24 13:30:45.026000,4.99,4.98,4.99,2577000.0
2018-01-24 13:30:47.467000,4.99,4.98,4.99,2577000.0
2018-01-24 13:30:50.120000,4.99,4.98,4.99,2577000.0
2018-01-24 13:30:52.775000,4.99,4.98,4.99,2577000.0
2018-01-24 13:30:55.439000,4.99,4.98,4.99,2577000.0
2018-01-24 13:30:57.986000,4.99,4.98,4.99,2577000.0
2018-01-24 13:31:00.646000,4.99,4.98,4.99,2577000.0
2018-01-24 13:31:03.023000,4.99,4.98,4.99,2577000.0
2018-01-24 13:31:06.012000,4.99,4.98,4.99,2577000.0
2018-01-24 13:31:08.481000,4.99,4.98,4.99,2577000.0
2018-01-24 13:31:11.005000,4.99,4.98,4.99,2577000.0
2018-01-24 13:31:13.603000,4.99,4.98,4.99,2577000.0
2018-01-24 13:31:15.904000,4.99,4.98,4.99,2577000.0
2018-01-24 13:31:18.274000,4.99,4.98,4.99,2577000.0
2018-01-24 13:31:20.824000,4.99,4.98,4.99,2577000.0
2018-01-24 13:31:23.477000,4.99,4.98,4.99,2577000.0
2018-01-24 13:31:25.953000,4.99,4.98,4.99,2577000.0
2018-01-24 13:31:28.413000,4.99,4.98,4.99,2577000.0
2018-01-24 13:31:30.791000,4.99,4.98,4.99,2577000.0
2018-01-24 13:31:33.413000,4.99,4.98,4.99,2577000.0
2018-01-24 13:31:35.970000,4.99,4.98,4.99,2577000.0
2018-01-24 13:31:38.429000,4.99,4.98,4.99,2577000.0
2018-01-24 13:31:40.744000,4.99,4.98,4.99,2577000.0
2018-01-24 13:31:43.478000,4.99,4.98,4.99,2577000.0
2018-01-24 13:31:46.028000,4.99,4.98,4.99,2577000.0
2018-01-24 13:31:48.868000,4.99,4.98,4.99,2577000.0
2018-01-24 13:31:51.450000,4.99,4.98,4.99,2577000.0
2018-01-24 13:31:53.851000,4.99,4.98,4.99,2577000.0
2018-01-24 13:31:56.282000,4.99,4.98,4.99,2577000.0
2018-01-24 13:31:58.977000,4.99,4.98,4.99,2577000.0
2018-01-24 13:32:01.396000,4.99,4.98,4.99,2577000.0
2018-01-24 13:32:03.899000,4.99,4.98,4.99,2577000.0
2018-01-24 13:32:06.621000,4.99,4.98,4.99,2577000.0
2018-01-24 13:32:09.088000,4.99,4.98,4.99,2577000.0
2018-01-24 13:32:11.541000,4.99,4.98,4.99,2577000.0
2018-01-24 13:32:14.071000,4.99,4.98,4.99,2577000.0
2018-01-24 13:32:16.684000,4.99,4.98,4.99,2577000.0
2018-01-24 13:32:19.268000,4.99,4.98,4.99,2577000.0
2018-01-24 13:32:21.940000,4.99,4.98,4.99,2577000.0
2018-01-24 13:32:24.511000,4.99,4.98,4.99,2577000.0
2018-01-24 13:32:27.125000,4.99,4.98,4.99,2577000.0
2018-01-24 13:32:29.731000,4.99,4.98,4.99,2577000.0
2018-01-24 13:32:32.296000,4.99,4.98,4.99,2577000.0
2018-01-24 13:32:35.008000,4.99,4.98,4.99,2577000.0
2018-01-24 13:32:37.826000,4.99,4.98,4.99,2577000.0
2018-01-24 13:32:40.341000,4.99,4.98,4.99,2577000.0
2018-01-24 13:32:42.876000,4.99,4.98,4.99,2577000.0
2018-01-24 13:32:45.302000,4.99,4.98,4.99,2577000.0
2018-01-24 13:32:47.855000,4.99,4.98,4.99,2577000.0
2018-01-24 13:32:50.561000,4.99,4.98,4.99,2577000.0
2018-01-24 13:32:53.264000,4.99,4.98,4.99,2577000.0
2018-01-24 13:32:55.654000,4.99,4.98,4.99,2577000.0
2018-01-24 13:32:58.185000,4.99,4.98,4.99,2577000.0
2018-01-24 13:33:00.761000,4.99,4.98,4.99,2577000.0
2018-01-24 13:33:03.185000,4.99,4.98,4.99,2577000.0
2018-01-24 13:33:05.718000,4.99,4.98,4.99,2577000.0
2018-01-24 13:33:08.401000,4.99,4.98,4.99,2577000.0
2018-01-24 13:33:10.981000,4.99,4.98,4.99,2577000.0
2018-01-24 13:33:13.557000,4.99,4.98,4.99,2577000.0
2018-01-24 13:33:16.013000,4.99,4.98,4.99,2577000.0
2018-01-24 13:33:18.540000,4.99,4.98,4.99,2577000.0
2018-01-24 13:33:21.171000,4.99,4.98,4.99,2577000.0
2018-01-24 13:33:23.681000,4.99,4.98,4.99,2577000.0
2018-01-24 13:33:26.591000,4.99,4.98,4.99,2577000.0
2018-01-24 13:33:29.181000,4.99,4.98,4.99,2577000.0
2018-01-24 13:33:31.731000,4.99,4.98,4.99,2577000.0
2018-01-24 13:33:34.216000,4.99,4.98,4.99,2577000.0
2018-01-24 13:33:36.657000,4.99,4.98,4.99,2577000.0
2018-01-24 13:33:39.167000,4.99,4.98,4.99,2577000.0
2018-01-24 13:33:41.608000,4.99,4.98,4.99,2577000.0
2018-01-24 13:33:44.278000,4.99,4.98,4.99,2577000.0
2018-01-24 13:33:46.820000,4.99,4.98,4.99,2577000.0
2018-01-24 13:33:49.309000,4.99,4.98,4.99,2577000.0
2018-01-24 13:33:51.560000,4.99,4.98,4.99,2577000.0
2018-01-24 13:33:54.230000,4.99,4.98,4.99,2577000.0
2018-01-24 13:33:56.813000,4.99,4.98,4.99,2577000.0
2018-01-24 13:33:59.234000,4.99,4.98,4.99,2577000.0
2018-01-24 13:34:01.974000,4.99,4.98,4.99,2577000.0
2018-01-24 13:34:04.448000,4.99,4.98,4.99,2577000.0
2018-01-24 13:34:07.139000,4.99,4.98,4.99,2577000.0
2018-01-24 13:34:09.621000,4.99,4.98,4.99,2577000.0
2018-01-24 13:34:12.329000,4.99,4.98,4.99,2577000.0
2018-01-24 13:34:14.871000,4.99,4.98,4.99,2577000.0
2018-01-24 13:34:17.196000,4.99,4.98,4.99,2577000.0
2018-01-24 13:34:19.842000,4.99,4.98,4.99,2577000.0
2018-01-24 13:34:22.220000,4.99,4.98,4.99,2577000.0
2018-01-24 13:34:24.668000,4.99,4.98,4.99,2577000.0
2018-01-24 13:34:27.671000,4.99,4.98,4.99,2577000.0
2018-01-24 13:34:30.234000,4.99,4.98,4.99,2577000.0
2018-01-24 13:34:32.813000,4.99,4.98,4.99,2577000.0
2018-01-24 13:34:35.341000,4.99,4.98,4.99,2577000.0
2018-01-24 13:34:37.923000,4.99,4.98,4.99,2577000.0
2018-01-24 13:34:40.562000,4.99,4.98,4.99,2577000.0
2018-01-24 13:34:43.065000,4.99,4.98,4.99,2577000.0
2018-01-24 13:34:45.660000,4.99,4.98,4.99,2577000.0
2018-01-24 13:34:48.278000,4.99,4.98,4.99,2577000.0
2018-01-24 13:34:50.751000,4.99,4.98,4.99,2577000.0
2018-01-24 13:34:53.176000,4.99,4.98,4.99,2577000.0
2018-01-24 13:34:55.688000,4.99,4.98,4.99,2577000.0
2018-01-24 13:34:58.098000,4.99,4.98,4.99,2577000.0
2018-01-24 13:35:00.844000,4.99,4.98,4.99,2577000.0
2018-01-24 13:35:03.472000,4.99,4.98,4.99,2577000.0
2018-01-24 13:35:05.892000,4.99,4.98,4.99,2577000.0
2018-01-24 13:35:08.574000,4.99,4.98,4.99,2577000.0
2018-01-24 13:35:11.078000,4.99,4.98,4.99,2577000.0
2018-01-24 13:35:13.545000,4.99,4.98,4.99,2577000.0
2018-01-24 13:35:16.204000,4.99,4.98,4.99,2577000.0
2018-01-24 13:35:18.655000,4.99,4.98,4.99,2577000.0
2018-01-24 13:35:21.539000,4.99,4.98,4.99,2577000.0
2018-01-24 13:35:24.031000,4.99,4.98,4.99,2577000.0
2018-01-24 13:35:26.424000,4.99,4.98,4.99,2577000.0
2018-01-24 13:35:28.904000,4.99,4.98,4.99,2577000.0
2018-01-24 13:35:31.390000,4.99,4.98,4.99,2577000.0
2018-01-24 13:35:33.981000,4.99,4.98,4.99,2577000.0
2018-01-24 13:35:36.673000,4.99,4.98,4.99,2577000.0
2018-01-24 13:35:39.425000,4.99,4.98,4.99,2577000.0
2018-01-24 13:35:42.066000,4.99,4.98,4.99,2577000.0
2018-01-24 13:35:44.674000,4.99,4.98,4.99,2577000.0
2018-01-24 13:35:47.506000,4.99,4.98,4.99,2577000.0
2018-01-24 13:35:49.716000,4.99,4.98,4.99,2577000.0
2018-01-24 13:35:52.260000,4.99,4.98,4.99,2577000.0
2018-01-24 13:35:54.999000,4.99,4.98,4.99,2577000.0
2018-01-24 13:35:57.456000,4.99,4.98,4.99,2577000.0
2018-01-24 13:35:59.998000,4.99,4.98,4.99,2577000.0
2018-01-24 13:36:02.408000,4.99,4.98,4.99,2577000.0
2018-01-24 13:36:05.265000,4.99,4.98,4.99,2577000.0
2018-01-24 13:36:07.799000,4.99,4.98,4.99,2577000.0
2018-01-24 13:36:10.425000,4.99,4.98,4.99,2577000.0
2018-01-24 13:36:12.732000,4.99,4.98,4.99,2577000.0
2018-01-24 13:36:15.467000,4.99,4.98,4.99,2577000.0
2018-01-24 13:36:17.983000,4.99,4.98,4.99,2577000.0
2018-01-24 13:36:20.647000,4.99,4.98,4.99,2577000.0
2018-01-24 13:36:23.304000,4.99,4.98,4.99,2577000.0
2018-01-24 13:36:25.754000,4.99,4.98,4.99,2577000.0
2018-01-24 13:36:28.311000,4.99,4.98,4.99,2577000.0
2018-01-24 13:36:30.908000,4.99,4.98,4.99,2577000.0
2018-01-24 13:36:33.645000,4.99,4.98,4.99,2577000.0
2018-01-24 13:36:36.133000,4.99,4.98,4.99,2577000.0
2018-01-24 13:36:38.495000,4.99,4.98,4.99,2577000.0
2018-01-24 13:36:41.347000,4.99,4.98,4.99,2577000.0
2018-01-24 13:36:44.736000,4.99,4.98,4.99,2577000.0
2018-01-24 13:36:47.692000,4.99,4.98,4.99,2577000.0
2018-01-24 13:36:50.456000,4.99,4.98,4.99,2577000.0
2018-01-24 13:36:54.517000,4.99,4.98,4.99,2577000.0
2018-01-24 13:37:01.808000,4.99,4.98,4.99,2577000.0
2018-01-24 13:37:05.969000,4.99,4.98,4.99,2577000.0
2018-01-24 13:37:10.330000,4.99,4.98,4.99,2577000.0
2018-01-24 13:37:13.509000,4.99,4.98,4.99,2577000.0
2018-01-24 13:37:16.327000,4.99,4.98,4.99,2577000.0
2018-01-24 13:37:19.332000,4.99,4.98,4.99,2577000.0
2018-01-24 13:37:22.335000,4.99,4.98,4.99,2577000.0
2018-01-24 13:37:25.459000,4.99,4.98,4.99,2577000.0
2018-01-24 13:37:29.562000,4.99,4.98,4.99,2577000.0
2018-01-24 13:37:33.560000,4.99,4.98,4.99,2577000.0
2018-01-24 13:37:38.182000,4.99,4.98,4.99,2577000.0
2018-01-24 13:37:42.223000,4.99,4.98,4.99,2577000.0
2018-01-24 13:37:48.491000,4.99,4.98,4.99,2577000.0
2018-01-24 13:37:51.818000,4.99,4.98,4.99,2577000.0
2018-01-24 13:37:55.065000,4.99,4.98,4.99,2577000.0
2018-01-24 13:37:58.278000,4.99,4.98,4.99,2577000.0
2018-01-24 13:38:01.537000,4.99,4.98,4.99,2577000.0
2018-01-24 13:38:04.632000,4.99,4.98,4.99,2577000.0
2018-01-24 13:38:07.916000,4.99,4.98,4.99,2577000.0
2018-01-24 13:38:11.051000,4.99,4.98,4.99,2577000.0
2018-01-24 13:38:14.410000,4.99,4.98,4.99,2577000.0
2018-01-24 13:38:17.413000,4.99,4.98,4.99,2577000.0
2018-01-24 13:38:22.024000,4.99,4.98,4.99,2577000.0
2018-01-24 13:38:25.490000,4.99,4.98,4.99,2577000.0
2018-01-24 13:38:30.199000,4.99,4.98,4.99,2577000.0
2018-01-24 13:38:34.720000,4.99,4.98,4.99,2577000.0
2018-01-24 13:38:38.508000,4.99,4.98,4.99,2577000.0
2018-01-24 13:38:41.362000,4.99,4.98,4.99,2577000.0
2018-01-24 13:38:44.475000,4.99,4.98,4.99,2577000.0
2018-01-24 13:38:48.688000,4.99,4.98,4.99,2577000.0
2018-01-24 13:38:51.644000,4.99,4.98,4.99,2577000.0
2018-01-24 13:38:55.068000,4.99,4.98,4.99,2577000.0
2018-01-24 13:38:57.909000,4.99,4.98,4.99,2577000.0
2018-01-24 13:39:00.738000,4.99,4.98,4.99,2577000.0
2018-01-24 13:39:03.668000,4.99,4.98,4.99,2577000.0
2018-01-24 13:39:06.639000,4.99,4.98,4.99,2577000.0
2018-01-24 13:39:09.584000,4.99,4.98,4.99,2577000.0
2018-01-24 13:39:12.891000,4.99,4.98,4.99,2577000.0
2018-01-24 13:39:15.785000,4.99,4.98,4.99,2577000.0
2018-01-24 13:39:18.690000,4.99,4.98,4.99,2577000.0
2018-01-24 13:39:21.648000,4.99,4.98,4.99,2577000.0
2018-01-24 13:39:24.558000,4.99,4.98,4.99,2577000.0
2018-01-24 13:39:27.493000,4.99,4.98,4.99,2627000.0
2018-01-24 13:39:30.472000,4.99,4.98,4.99,2627000.0
2018-01-24 13:39:33.225000,4.99,4.98,4.99,2627000.0
2018-01-24 13:39:36.263000,4.99,4.98,4.99,2627000.0
2018-01-24 13:39:39.242000,4.99,4.98,4.99,2627000.0
2018-01-24 13:39:42.402000,4.99,4.98,4.99,2627000.0
2018-01-24 13:39:45.522000,4.99,4.98,4.99,2627000.0
2018-01-24 13:39:48.401000,4.99,4.98,4.99,2627000.0
2018-01-24 13:39:51.219000,4.99,4.98,4.99,2627000.0
2018-01-24 13:39:53.988000,4.99,4.98,4.99,2627000.0
2018-01-24 13:39:57.086000,4.99,4.98,4.99,2627000.0
2018-01-24 13:40:00.163000,4.99,4.98,4.99,2627000.0
2018-01-24 13:40:03.198000,4.99,4.98,4.99,2627000.0
2018-01-24 13:40:06.445000,4.99,4.98,4.99,2627000.0
2018-01-24 13:40:09.369000,4.99,4.98,4.99,2627000.0
2018-01-24 13:40:12.247000,4.99,4.98,4.99,2627000.0
2018-01-24 13:40:15.133000,4.99,4.98,4.99,2627000.0
2018-01-24 13:40:18.203000,4.99,4.98,4.99,2627000.0
2018-01-24 13:40:21.087000,4.99,4.98,4.99,2627000.0
2018-01-24 13:40:24.021000,4.99,4.98,4.99,2627000.0
2018-01-24 13:40:26.947000,4.99,4.98,4.99,2627000.0
2018-01-24 13:40:29.571000,4.99,4.98,4.99,2627000.0
2018-01-24 13:40:32.427000,4.99,4.98,4.99,2627000.0
2018-01-24 13:40:35.209000,4.99,4.98,4.99,2627000.0
2018-01-24 13:40:38.065000,4.99,4.98,4.99,2627000.0
2018-01-24 13:40:41.204000,4.99,4.98,4.99,2627000.0
2018-01-24 13:40:43.814000,4.99,4.98,4.99,2627000.0
2018-01-24 13:40:46.295000,4.99,4.98,4.99,2627000.0
2018-01-24 13:40:48.976000,4.99,4.98,4.99,2627000.0
2018-01-24 13:40:51.561000,4.99,4.98,4.99,2627000.0
2018-01-24 13:40:54.451000,4.99,4.98,4.99,2627000.0
2018-01-24 13:40:57.537000,4.99,4.98,4.99,2627000.0
2018-01-24 13:41:00.364000,4.99,4.98,4.99,2637000.0
2018-01-24 13:41:02.972000,4.99,4.98,4.99,2637000.0
2018-01-24 13:41:06.133000,4.99,4.98,4.99,2637000.0
2018-01-24 13:41:09.789000,4.99,4.98,4.99,2637000.0
2018-01-24 13:41:16.584000,4.99,4.98,4.99,2637000.0
2018-01-24 13:41:20.540000,4.99,4.98,4.99,2637000.0
2018-01-24 13:41:25.980000,4.99,4.98,4.99,2637000.0
2018-01-24 13:41:30.556000,4.99,4.98,4.99,2637000.0
2018-01-24 13:41:33.440000,4.99,4.98,4.99,2637000.0
2018-01-24 13:41:36.656000,4.99,4.98,4.99,2637000.0
2018-01-24 13:41:39.866000,4.99,4.98,4.99,2637000.0
2018-01-24 13:41:43.104000,4.99,4.98,4.99,2637000.0
2018-01-24 13:41:46.941000,4.99,4.98,4.99,2637000.0
2018-01-24 13:41:51.139000,4.99,4.98,4.99,2637000.0
2018-01-24 13:41:54.569000,4.99,4.98,4.99,2637000.0
2018-01-24 13:41:58.628000,4.99,4.98,4.99,2637000.0
2018-01-24 13:42:01.517000,4.99,4.98,4.99,2637000.0
2018-01-24 13:42:04.462000,4.99,4.98,4.99,2637000.0
2018-01-24 13:42:07.501000,4.99,4.98,4.99,2637000.0
2018-01-24 13:42:11.405000,4.99,4.98,4.99,2637000.0
2018-01-24 13:42:14.197000,4.99,4.98,4.99,2637000.0
2018-01-24 13:42:17.153000,4.99,4.98,4.99,2637000.0
2018-01-24 13:42:20.448000,4.99,4.98,4.99,2637000.0
2018-01-24 13:42:23.443000,4.99,4.98,4.99,2637000.0
2018-01-24 13:42:26.349000,4.99,4.98,4.99,2637000.0
2018-01-24 13:42:30.308000,4.99,4.98,4.99,2637000.0
2018-01-24 13:42:37.152000,4.99,4.98,4.99,2637000.0
2018-01-24 13:42:40.082000,4.99,4.98,4.99,2637000.0
2018-01-24 13:42:42.913000,4.99,4.98,4.99,2637000.0
2018-01-24 13:42:45.965000,4.99,4.98,4.99,2637000.0
2018-01-24 13:42:49.156000,4.99,4.98,4.99,2637000.0
2018-01-24 13:42:51.877000,4.99,4.98,4.99,2637000.0
2018-01-24 13:42:54.776000,4.99,4.98,4.99,2637000.0
2018-01-24 13:42:57.722000,4.99,4.98,4.99,2637000.0
2018-01-24 13:43:00.745000,4.99,4.98,4.99,2637000.0
2018-01-24 13:43:03.673000,4.99,4.98,4.99,2637000.0
2018-01-24 13:43:07.015000,4.99,4.98,4.99,2637000.0
2018-01-24 13:43:10.308000,4.99,4.98,4.99,2637000.0
2018-01-24 13:43:13.661000,4.99,4.98,4.99,2637000.0
2018-01-24 13:43:16.792000,4.99,4.98,4.99,2637000.0
2018-01-24 13:43:20.276000,4.99,4.98,4.99,2637000.0
2018-01-24 13:43:23.248000,4.99,4.98,4.99,2637000.0
2018-01-24 13:43:26.184000,4.99,4.98,4.99,2637000.0
2018-01-24 13:43:29.115000,4.99,4.98,4.99,2637000.0
2018-01-24 13:43:32.050000,4.99,4.98,4.99,2637000.0
2018-01-24 13:43:35.026000,4.99,4.98,4.99,2637000.0
2018-01-24 13:43:37.952000,4.99,4.98,4.99,2637000.0
2018-01-24 13:43:40.731000,4.99,4.98,4.99,2637000.0
2018-01-24 13:43:43.594000,4.99,4.98,4.99,2637000.0
2018-01-24 13:43:46.469000,4.99,4.98,4.99,2637000.0
2018-01-24 13:43:49.354000,4.99,4.98,4.99,2637000.0
2018-01-24 13:43:52.248000,4.99,4.98,4.99,2637000.0
2018-01-24 13:43:55.041000,4.99,4.98,4.99,2637000.0
2018-01-24 13:43:58.016000,4.99,4.98,4.99,2637000.0
2018-01-24 13:44:00.935000,4.99,4.98,4.99,2637000.0
2018-01-24 13:44:03.648000,4.99,4.98,4.99,2637000.0
2018-01-24 13:44:06.538000,4.99,4.98,4.99,2637000.0
2018-01-24 13:44:09.746000,4.99,4.98,4.99,2637000.0
2018-01-24 13:44:12.641000,4.99,4.98,4.99,2637000.0
2018-01-24 13:44:15.560000,4.99,4.98,4.99,2637000.0
2018-01-24 13:44:18.260000,4.99,4.98,4.99,2637000.0
2018-01-24 13:44:20.981000,4.99,4.98,4.99,2637000.0
2018-01-24 13:44:23.907000,4.99,4.98,4.99,2637000.0
2018-01-24 13:44:26.857000,4.99,4.98,4.99,2637000.0
2018-01-24 13:44:29.729000,4.99,4.98,4.99,2637000.0
2018-01-24 13:44:32.686000,4.99,4.98,4.99,2637000.0
2018-01-24 13:44:35.434000,4.99,4.98,4.99,2637000.0
2018-01-24 13:44:38.507000,4.99,4.98,4.99,2637000.0
2018-01-24 13:44:41.367000,4.99,4.98,4.99,2637000.0
2018-01-24 13:44:44.174000,4.99,4.98,4.99,2637000.0
2018-01-24 13:44:47.043000,4.99,4.98,4.99,2637000.0
2018-01-24 13:44:49.888000,4.99,4.98,4.99,2637000.0
2018-01-24 13:44:52.852000,4.99,4.98,4.99,2637000.0
2018-01-24 13:44:55.630000,4.99,4.98,4.99,2637000.0
2018-01-24 13:44:58.391000,4.99,4.98,4.99,2637000.0
2018-01-24 13:45:01.278000,4.99,4.98,4.99,2637000.0
2018-01-24 13:45:04.153000,4.99,4.98,4.99,2637000.0
2018-01-24 13:45:07.123000,4.99,4.98,4.99,2637000.0
2018-01-24 13:45:10.090000,4.99,4.98,4.99,2637000.0
2018-01-24 13:45:13.203000,4.99,4.98,4.99,2637000.0
2018-01-24 13:45:15.921000,4.99,4.98,4.99,2637000.0
2018-01-24 13:45:18.798000,4.98,4.98,4.99,2643000.0
2018-01-24 13:45:21.643000,4.98,4.98,4.99,2643000.0
2018-01-24 13:45:24.482000,4.98,4.98,4.99,2643000.0
2018-01-24 13:45:27.625000,4.98,4.98,4.99,2643000.0
2018-01-24 13:45:30.794000,4.98,4.98,4.99,2643000.0
2018-01-24 13:45:33.563000,4.98,4.98,4.99,2643000.0
2018-01-24 13:45:36.383000,4.98,4.98,4.99,2643000.0
2018-01-24 13:45:40.169000,4.98,4.98,4.99,2643000.0
2018-01-24 13:45:42.984000,4.98,4.98,4.99,2643000.0
2018-01-24 13:45:45.857000,4.98,4.98,4.99,2643000.0
2018-01-24 13:45:48.704000,4.98,4.98,4.99,2643000.0
2018-01-24 13:45:51.603000,4.98,4.98,4.99,2643000.0
2018-01-24 13:45:54.359000,4.98,4.98,4.99,2643000.0
2018-01-24 13:45:57.611000,4.98,4.98,4.99,2643000.0
2018-01-24 13:46:00.749000,4.98,4.98,4.99,2643000.0
2018-01-24 13:46:04.018000,4.98,4.98,4.99,2643000.0
2018-01-24 13:46:07.112000,4.98,4.98,4.99,2643000.0
2018-01-24 13:46:10.187000,4.98,4.98,4.99,2643000.0
2018-01-24 13:46:13.111000,4.98,4.98,4.99,2643000.0
2018-01-24 13:46:15.956000,4.98,4.98,4.99,2643000.0
2018-01-24 13:46:18.819000,4.98,4.98,4.99,2643000.0
2018-01-24 13:46:21.524000,4.98,4.98,4.99,2643000.0
2018-01-24 13:46:24.387000,4.98,4.98,4.99,2643000.0
2018-01-24 13:46:27.319000,4.98,4.98,4.99,2643000.0
2018-01-24 13:46:30.328000,4.98,4.98,4.99,2643000.0
2018-01-24 13:46:33.081000,4.98,4.98,4.99,2643000.0
2018-01-24 13:46:36.032000,4.98,4.98,4.99,2643000.0
2018-01-24 13:46:39.036000,4.98,4.98,4.99,2643000.0
2018-01-24 13:46:41.914000,4.98,4.98,4.99,2643000.0
2018-01-24 13:46:44.780000,4.98,4.98,4.99,2643000.0
2018-01-24 13:46:47.902000,4.98,4.98,4.99,2643000.0
2018-01-24 13:46:50.796000,4.98,4.98,4.99,2643000.0
2018-01-24 13:46:53.980000,4.98,4.98,4.99,2643000.0
2018-01-24 13:46:57.270000,4.98,4.98,4.99,2643000.0
2018-01-24 13:47:00.359000,4.98,4.98,4.99,2643000.0
2018-01-24 13:47:03.415000,4.98,4.98,4.99,2643000.0
2018-01-24 13:47:08.507000,4.98,4.98,4.99,2643000.0
2018-01-24 13:47:12.895000,4.98,4.98,4.99,2643000.0
2018-01-24 13:47:18.428000,4.98,4.98,4.99,2643000.0
2018-01-24 13:47:24.308000,4.98,4.98,4.99,2643000.0
2018-01-24 13:47:27.847000,4.98,4.98,4.99,2643000.0
2018-01-24 13:47:31.082000,4.98,4.98,4.99,2643000.0
2018-01-24 13:47:34.303000,4.98,4.98,4.99,2643000.0
2018-01-24 13:47:37.333000,4.98,4.98,4.99,2643000.0
2018-01-24 13:47:40.734000,4.98,4.98,4.99,2643000.0
2018-01-24 13:47:43.910000,4.98,4.98,4.99,2643000.0
2018-01-24 13:47:46.966000,4.98,4.98,4.99,2643000.0
2018-01-24 13:47:49.941000,4.98,4.98,4.99,2643000.0
2018-01-24 13:47:53.305000,4.98,4.98,4.99,2643000.0
2018-01-24 13:47:56.366000,4.98,4.98,4.99,2643000.0
2018-01-24 13:47:59.545000,4.98,4.98,4.99,2643000.0
2018-01-24 13:48:02.511000,4.98,4.98,4.99,2643000.0
2018-01-24 13:48:05.485000,4.98,4.98,4.99,2643000.0
2018-01-24 13:48:08.844000,4.98,4.98,4.99,2643000.0
2018-01-24 13:48:12.097000,4.98,4.98,4.99,2643000.0
2018-01-24 13:48:15.348000,4.98,4.98,4.99,2643000.0
2018-01-24 13:48:18.327000,4.98,4.98,4.99,2643000.0
2018-01-24 13:48:20.798000,4.98,4.98,4.99,2643000.0
2018-01-24 13:48:23.395000,4.98,4.98,4.99,2643000.0
2018-01-24 13:48:26.127000,4.98,4.98,4.99,2643000.0
2018-01-24 13:48:28.669000,4.98,4.98,4.99,2643000.0
2018-01-24 13:48:31.478000,4.98,4.98,4.99,2643000.0
2018-01-24 13:48:34.107000,4.98,4.98,4.99,2643000.0
2018-01-24 13:48:36.800000,4.98,4.98,4.99,2643000.0
2018-01-24 13:48:39.316000,4.98,4.98,4.99,2643000.0
2018-01-24 13:48:41.880000,4.98,4.98,4.99,2643000.0
2018-01-24 13:48:44.658000,4.98,4.98,4.99,2643000.0
2018-01-24 13:48:47.318000,4.98,4.98,4.99,2643000.0
2018-01-24 13:48:50.081000,4.98,4.98,4.99,2643000.0
2018-01-24 13:48:52.697000,4.98,4.98,4.99,2643000.0
2018-01-24 13:48:55.222000,4.98,4.98,4.99,2643000.0
2018-01-24 13:48:57.975000,4.98,4.98,4.99,2643000.0
2018-01-24 13:49:00.598000,4.98,4.98,4.99,2643000.0
2018-01-24 13:49:03.414000,4.98,4.98,4.99,2643000.0
2018-01-24 13:49:05.886000,4.98,4.98,4.99,2643000.0
2018-01-24 13:49:08.451000,4.98,4.98,4.99,2643000.0
2018-01-24 13:49:11.086000,4.98,4.98,4.99,2643000.0
2018-01-24 13:49:13.823000,4.98,4.98,4.99,2643000.0
2018-01-24 13:49:16.724000,4.98,4.98,4.99,2643000.0
2018-01-24 13:49:19.368000,4.98,4.98,4.99,2643000.0
2018-01-24 13:49:22.115000,4.98,4.98,4.99,2643000.0
2018-01-24 13:49:24.924000,4.98,4.98,4.99,2643000.0
2018-01-24 13:49:27.646000,4.98,4.98,4.99,2643000.0
2018-01-24 13:49:30.348000,4.98,4.98,4.99,2643000.0
2018-01-24 13:49:33.133000,4.98,4.98,4.99,2643000.0
2018-01-24 13:49:35.914000,4.98,4.98,4.99,2643000.0
2018-01-24 13:49:38.533000,4.98,4.98,4.99,2643000.0
2018-01-24 13:49:41.317000,4.98,4.98,4.99,2643000.0
2018-01-24 13:49:43.775000,4.98,4.98,4.99,2643000.0
2018-01-24 13:49:46.516000,4.98,4.98,4.99,2643000.0
2018-01-24 13:49:49.285000,4.98,4.98,4.99,2643000.0
2018-01-24 13:49:51.988000,4.98,4.98,4.99,2643000.0
2018-01-24 13:49:54.535000,4.98,4.98,4.99,2643000.0
2018-01-24 13:49:57.179000,4.98,4.98,4.99,2643000.0
2018-01-24 13:49:59.691000,4.98,4.98,4.99,2643000.0
2018-01-24 13:50:02.256000,4.98,4.98,4.99,2643000.0
2018-01-24 13:50:05.222000,4.98,4.98,4.99,2643000.0
2018-01-24 13:50:07.913000,4.98,4.98,4.99,2643000.0
2018-01-24 13:50:10.694000,4.98,4.98,4.99,2643000.0
2018-01-24 13:50:13.792000,4.98,4.98,4.99,2643000.0
2018-01-24 13:50:16.685000,4.99,4.98,4.99,2653000.0
2018-01-24 13:50:19.266000,4.99,4.98,4.99,2653000.0
2018-01-24 13:50:22.051000,4.99,4.98,4.99,2653000.0
2018-01-24 13:50:24.545000,4.99,4.98,4.99,2653000.0
2018-01-24 13:50:27.232000,4.99,4.98,4.99,2653000.0
2018-01-24 13:50:29.878000,4.99,4.98,4.99,2653000.0
2018-01-24 13:50:32.341000,4.99,4.98,4.99,2653000.0
2018-01-24 13:50:34.821000,4.99,4.98,4.99,2653000.0
2018-01-24 13:50:37.337000,4.99,4.98,4.99,2653000.0
2018-01-24 13:50:40.553000,4.99,4.98,4.99,2653000.0
2018-01-24 13:50:43.353000,4.99,4.98,4.99,2653000.0
2018-01-24 13:50:45.957000,4.99,4.98,4.99,2653000.0
2018-01-24 13:50:48.492000,4.99,4.98,4.99,2653000.0
2018-01-24 13:50:51.225000,4.99,4.98,4.99,2653000.0
2018-01-24 13:50:53.990000,4.99,4.98,4.99,2653000.0
2018-01-24 13:50:56.679000,4.99,4.98,4.99,2653000.0
2018-01-24 13:50:59.448000,4.99,4.98,4.99,2653000.0
2018-01-24 13:51:02.618000,4.99,4.98,4.99,2653000.0
2018-01-24 13:51:05.177000,4.99,4.98,4.99,2653000.0
2018-01-24 13:51:08.055000,4.99,4.98,4.99,2653000.0
2018-01-24 13:51:10.631000,4.99,4.98,4.99,2653000.0
2018-01-24 13:51:13.315000,4.99,4.98,4.99,2653000.0
2018-01-24 13:51:15.819000,4.99,4.98,4.99,2653000.0
2018-01-24 13:51:18.635000,4.99,4.98,4.99,2653000.0
2018-01-24 13:51:21.301000,4.99,4.98,4.99,2653000.0
2018-01-24 13:51:23.945000,4.99,4.98,4.99,2653000.0
2018-01-24 13:51:26.491000,4.99,4.98,4.99,2653000.0
2018-01-24 13:51:29.163000,4.99,4.98,4.99,2653000.0
2018-01-24 13:51:31.948000,4.99,4.98,4.99,2653000.0
2018-01-24 13:51:34.657000,4.99,4.98,4.99,2653000.0
2018-01-24 13:51:37.198000,4.99,4.98,4.99,2653000.0
2018-01-24 13:51:39.698000,4.99,4.98,4.99,2653000.0
2018-01-24 13:51:42.353000,4.99,4.98,4.99,2653000.0
2018-01-24 13:51:44.926000,4.99,4.98,4.99,2653000.0
2018-01-24 13:51:47.548000,4.99,4.98,4.99,2653000.0
2018-01-24 13:51:50.102000,4.99,4.98,4.99,2653000.0
2018-01-24 13:51:52.823000,4.99,4.98,4.99,2653000.0
2018-01-24 13:51:55.402000,4.99,4.98,4.99,2653000.0
2018-01-24 13:51:57.984000,4.99,4.98,4.99,2653000.0
2018-01-24 13:52:00.684000,4.99,4.98,4.99,2653000.0
2018-01-24 13:52:03.544000,4.99,4.98,4.99,2653000.0
2018-01-24 13:52:06.224000,4.99,4.98,4.99,2653000.0
2018-01-24 13:52:08.571000,4.99,4.98,4.99,2653000.0
2018-01-24 13:52:11.494000,4.99,4.98,4.99,2653000.0
2018-01-24 13:52:14.201000,4.99,4.98,4.99,2653000.0
2018-01-24 13:52:16.808000,4.99,4.98,4.99,2653000.0
2018-01-24 13:52:19.809000,4.99,4.98,4.99,2653000.0
2018-01-24 13:52:22.494000,4.99,4.98,4.99,2653000.0
2018-01-24 13:52:24.987000,4.99,4.98,4.99,2653000.0
2018-01-24 13:52:27.869000,4.99,4.98,4.99,2653000.0
2018-01-24 13:52:30.806000,4.99,4.98,4.99,2653000.0
2018-01-24 13:52:33.528000,4.99,4.98,4.99,2653000.0
2018-01-24 13:52:36.273000,4.99,4.98,4.99,2653000.0
2018-01-24 13:52:39.683000,4.99,4.98,4.99,2653000.0
2018-01-24 13:52:42.352000,4.99,4.98,4.99,2653000.0
2018-01-24 13:52:45.256000,4.99,4.98,4.99,2653000.0
2018-01-24 13:52:47.900000,4.99,4.98,4.99,2653000.0
2018-01-24 13:52:50.695000,4.99,4.98,4.99,2653000.0
2018-01-24 13:52:53.402000,4.99,4.98,4.99,2663000.0
2018-01-24 13:52:56.070000,4.99,4.98,4.99,2663000.0
2018-01-24 13:52:58.745000,4.99,4.98,4.99,2663000.0
2018-01-24 13:53:01.480000,4.99,4.98,4.99,2663000.0
2018-01-24 13:53:04.053000,4.99,4.98,4.99,2663000.0
2018-01-24 13:53:06.809000,4.99,4.98,4.99,2663000.0
2018-01-24 13:53:09.471000,4.99,4.98,4.99,2663000.0
2018-01-24 13:53:12.215000,4.99,4.98,4.99,2663000.0
2018-01-24 13:53:14.940000,4.99,4.98,4.99,2663000.0
2018-01-24 13:53:18.089000,4.99,4.98,4.99,2663000.0
2018-01-24 13:53:20.648000,4.99,4.98,5.0,2663000.0
2018-01-24 13:53:23.182000,4.99,4.98,5.0,2663000.0
2018-01-24 13:53:26.351000,4.99,4.98,5.0,2663000.0
2018-01-24 13:53:28.844000,4.99,4.98,5.0,2663000.0
2018-01-24 13:53:31.402000,4.99,4.98,5.0,2663000.0
2018-01-24 13:53:34.333000,4.99,4.98,5.0,2663000.0
2018-01-24 13:53:38.076000,4.99,4.98,5.0,2663000.0
2018-01-24 13:53:40.746000,4.99,4.98,5.0,2663000.0
2018-01-24 13:53:43.546000,4.99,4.98,5.0,2663000.0
2018-01-24 13:53:46.530000,4.99,4.98,5.0,2663000.0
2018-01-24 13:53:49.439000,4.99,4.98,5.0,2663000.0
2018-01-24 13:53:52.089000,4.99,4.98,5.0,2663000.0
2018-01-24 13:53:54.687000,4.99,4.98,5.0,2663000.0
2018-01-24 13:53:57.323000,4.99,4.98,5.0,2663000.0
2018-01-24 13:54:02.008000,4.99,4.98,5.0,2663000.0
2018-01-24 13:54:04.711000,4.99,4.98,5.0,2663000.0
2018-01-24 13:54:07.486000,4.99,4.98,5.0,2663000.0
2018-01-24 13:54:10.044000,4.99,4.98,5.0,2663000.0
2018-01-24 13:54:12.934000,4.99,4.98,5.0,2663000.0
2018-01-24 13:54:15.605000,4.99,4.98,5.0,2663000.0
2018-01-24 13:54:18.476000,4.99,4.98,5.0,2663000.0
2018-01-24 13:54:21.357000,4.99,4.98,5.0,2663000.0
2018-01-24 13:54:24.205000,4.99,4.98,5.0,2663000.0
2018-01-24 13:54:26.792000,4.99,4.98,5.0,2663000.0
2018-01-24 13:54:29.526000,4.99,4.98,5.0,2663000.0
2018-01-24 13:54:32.403000,4.99,4.98,5.0,2663000.0
2018-01-24 13:54:35.183000,4.99,4.98,5.0,2663000.0
2018-01-24 13:54:37.967000,4.99,4.98,5.0,2663000.0
2018-01-24 13:54:40.462000,4.99,4.98,5.0,2663000.0
2018-01-24 13:54:42.934000,4.99,4.98,5.0,2663000.0
2018-01-24 13:54:45.855000,4.99,4.98,5.0,2663000.0
2018-01-24 13:54:48.435000,4.99,4.98,5.0,2663000.0
2018-01-24 13:54:51.112000,4.99,4.98,5.0,2663000.0
2018-01-24 13:54:54.819000,4.99,4.98,5.0,2663000.0
2018-01-24 13:54:57.436000,4.99,4.98,5.0,2663000.0
2018-01-24 13:54:59.927000,4.99,4.98,5.0,2663000.0
2018-01-24 13:55:02.437000,4.99,4.98,5.0,2663000.0
2018-01-24 13:55:05.124000,4.99,4.98,5.0,2663000.0
2018-01-24 13:55:07.514000,4.99,4.98,5.0,2663000.0
2018-01-24 13:55:14.201000,,,,
2018-01-24 13:55:17.202000,4.99,4.98,5.0,2663000.0
2018-01-24 13:55:19.845000,4.99,4.98,5.0,2663000.0
2018-01-24 13:55:22.662000,4.99,4.98,5.0,2663000.0
2018-01-24 13:55:25.172000,4.99,4.98,5.0,2663000.0
2018-01-24 13:55:27.762000,4.99,4.98,5.0,2663000.0
2018-01-24 13:55:30.421000,4.99,4.98,5.0,2663000.0
2018-01-24 13:55:33.040000,4.99,4.98,5.0,2663000.0
2018-01-24 13:55:35.465000,4.99,4.98,5.0,2663000.0
2018-01-24 13:55:38.186000,4.99,4.98,5.0,2663000.0
2018-01-24 13:55:41.918000,4.99,4.98,5.0,2663000.0
2018-01-24 13:55:44.984000,4.99,4.98,5.0,2663000.0
2018-01-24 13:55:47.532000,4.99,4.98,5.0,2663000.0
2018-01-24 13:55:50.340000,4.99,4.98,5.0,2663000.0
2018-01-24 13:55:52.984000,4.99,4.98,5.0,2663000.0
2018-01-24 13:55:55.982000,4.99,4.98,5.0,2663000.0
2018-01-24 13:55:59.886000,4.99,4.98,5.0,2663000.0
2018-01-24 13:56:02.767000,4.99,4.98,5.0,2663000.0
2018-01-24 13:56:05.287000,4.99,4.98,5.0,2663000.0
2018-01-24 13:56:07.907000,4.99,4.98,5.0,2663000.0
2018-01-24 13:56:11.139000,4.99,4.98,5.0,2663000.0
2018-01-24 13:56:13.749000,4.99,4.98,5.0,2663000.0
2018-01-24 13:56:16.498000,4.99,4.98,5.0,2663000.0
2018-01-24 13:56:19.322000,4.99,4.98,5.0,2663000.0
2018-01-24 13:56:22.001000,4.99,4.98,5.0,2663000.0
2018-01-24 13:56:24.788000,4.99,4.98,5.0,2663000.0
2018-01-24 13:56:27.453000,4.99,4.98,5.0,2663000.0
2018-01-24 13:56:30.094000,4.99,4.98,5.0,2663000.0
2018-01-24 13:56:32.674000,4.99,4.98,5.0,2663000.0
2018-01-24 13:56:35.372000,4.99,4.98,5.0,2663000.0
2018-01-24 13:56:38.125000,4.99,4.98,5.0,2663000.0
2018-01-24 13:56:40.546000,4.99,4.98,5.0,2663000.0
2018-01-24 13:56:46.326000,4.99,4.98,5.0,2663000.0
2018-01-24 13:56:49.595000,4.99,4.98,5.0,2663000.0
2018-01-24 13:56:52.171000,4.99,4.98,5.0,2663000.0
2018-01-24 13:56:54.876000,4.99,4.98,5.0,2663000.0
2018-01-24 13:56:57.568000,4.99,4.98,5.0,2663000.0
2018-01-24 13:57:00.033000,4.99,4.98,5.0,2663000.0
2018-01-24 13:57:02.583000,4.99,4.98,5.0,2663000.0
2018-01-24 13:57:05.400000,4.99,4.98,5.0,2663000.0
2018-01-24 13:57:07.898000,4.99,4.98,5.0,2663000.0
2018-01-24 13:57:10.261000,4.99,4.98,5.0,2663000.0
2018-01-24 13:57:12.751000,4.99,4.98,5.0,2663000.0
2018-01-24 13:57:15.936000,4.99,4.98,5.0,2663000.0
2018-01-24 13:57:18.549000,4.99,4.98,5.0,2663000.0
2018-01-24 13:57:21.186000,4.99,4.98,5.0,2663000.0
2018-01-24 13:57:24.141000,4.99,4.98,5.0,2663000.0
2018-01-24 13:57:26.922000,4.99,4.98,5.0,2663000.0
2018-01-24 13:57:29.463000,4.99,4.98,5.0,2663000.0
2018-01-24 13:57:32.252000,4.99,4.98,5.0,2663000.0
2018-01-24 13:57:34.896000,4.98,4.98,4.99,2679000.0
2018-01-24 13:57:37.673000,4.98,4.98,4.99,2679000.0
2018-01-24 13:57:40.443000,4.98,4.98,4.99,2679000.0
2018-01-24 13:57:42.998000,4.98,4.98,4.99,2679000.0
2018-01-24 13:57:45.717000,4.98,4.98,4.99,2679000.0
2018-01-24 13:57:48.428000,4.98,4.98,4.99,2679000.0
2018-01-24 13:57:51.469000,4.98,4.98,4.99,2679000.0
2018-01-24 13:57:55.214000,4.98,4.98,4.99,2679000.0
2018-01-24 13:57:57.861000,4.98,4.98,4.99,2679000.0
2018-01-24 13:58:00.497000,4.98,4.98,4.99,2679000.0
2018-01-24 13:58:03.285000,4.98,4.98,4.99,2679000.0
2018-01-24 13:58:05.971000,4.98,4.98,4.99,2679000.0
2018-01-24 13:58:08.684000,4.98,4.98,4.99,2679000.0
2018-01-24 13:58:12.629000,4.98,4.98,4.99,2679000.0
2018-01-24 13:58:15.687000,4.98,4.98,4.99,2679000.0
2018-01-24 13:58:18.395000,4.98,4.98,4.99,2679000.0
2018-01-24 13:58:23.308000,4.98,4.98,4.99,2679000.0
2018-01-24 13:58:26.625000,4.98,4.98,4.99,2679000.0
2018-01-24 13:58:30.286000,4.98,4.98,4.99,2679000.0
2018-01-24 13:58:33.615000,4.98,4.98,4.99,2679000.0
2018-01-24 13:58:37.847000,4.98,4.98,4.99,2679000.0
2018-01-24 13:58:41.551000,4.98,4.98,4.99,2679000.0
2018-01-24 13:58:44.724000,4.98,4.98,4.99,2679000.0
2018-01-24 13:58:47.911000,4.98,4.98,4.99,2679000.0
2018-01-24 13:58:51.173000,4.98,4.98,4.99,2679000.0
2018-01-24 13:58:54.760000,4.98,4.98,4.99,2679000.0
2018-01-24 13:58:57.995000,4.98,4.98,4.99,2679000.0
2018-01-24 13:59:01.128000,4.98,4.98,4.99,2679000.0
2018-01-24 13:59:04.385000,4.98,4.98,4.99,2679000.0
2018-01-24 13:59:07.677000,4.98,4.98,4.99,2679000.0
2018-01-24 13:59:11.033000,4.98,4.98,4.99,2679000.0
2018-01-24 13:59:14.318000,4.98,4.98,4.99,2679000.0
2018-01-24 13:59:17.494000,4.98,4.98,4.99,2679000.0
2018-01-24 13:59:21.080000,4.98,4.98,4.99,2679000.0
2018-01-24 13:59:30.006000,4.98,4.98,4.99,2679000.0
2018-01-24 13:59:38.795000,4.98,4.98,4.99,2679000.0
2018-01-24 13:59:51.800000,4.98,4.98,4.99,2679000.0
2018-01-24 14:00:30.345000,4.98,4.98,4.99,2679000.0
2018-01-24 14:00:36.813000,4.98,4.98,4.99,2679000.0
2018-01-24 14:00:43.601000,4.98,4.98,4.99,2679000.0
2018-01-24 14:00:47.352000,4.98,4.98,4.99,2679000.0
2018-01-24 14:00:50.721000,4.98,4.98,4.99,2679000.0
2018-01-24 14:00:54.069000,4.98,4.98,4.99,2679000.0
2018-01-24 14:00:57.613000,4.98,4.98,4.99,2679000.0
2018-01-24 14:01:01.006000,4.98,4.98,4.99,2679000.0
2018-01-24 14:01:04.150000,4.98,4.98,4.99,2679000.0
2018-01-24 14:01:07.392000,4.98,4.98,4.99,2679000.0
2018-01-24 14:01:10.831000,4.98,4.98,4.99,2679000.0
2018-01-24 14:01:13.975000,4.98,4.98,4.99,2679000.0
2018-01-24 14:01:17.508000,4.98,4.98,4.99,2679000.0
2018-01-24 14:01:21.193000,4.98,4.98,4.99,2679000.0
2018-01-24 14:01:24.531000,4.98,4.98,4.99,2679000.0
2018-01-24 14:01:27.963000,4.98,4.98,4.99,2679000.0
2018-01-24 14:01:31.347000,4.98,4.98,4.99,2679000.0
2018-01-24 14:01:34.914000,4.98,4.98,4.99,2679000.0
2018-01-24 14:01:38.337000,4.98,4.98,4.99,2679000.0
2018-01-24 14:01:41.756000,4.98,4.98,4.99,2679000.0
2018-01-24 14:01:45.025000,4.98,4.98,4.99,2679000.0
2018-01-24 14:01:48.202000,4.98,4.98,4.99,2679000.0
2018-01-24 14:01:51.552000,4.98,4.98,4.99,2679000.0
2018-01-24 14:01:55.009000,4.98,4.98,4.99,2679000.0
2018-01-24 14:01:58.416000,4.98,4.98,4.99,2679000.0
2018-01-24 14:02:01.770000,4.98,4.98,4.99,2679000.0
2018-01-24 14:02:05.055000,4.98,4.98,4.99,2679000.0
2018-01-24 14:02:08.460000,4.98,4.98,4.99,2679000.0
2018-01-24 14:02:12.040000,4.98,4.98,4.99,2679000.0
2018-01-24 14:02:15.603000,4.98,4.98,4.99,2679000.0
2018-01-24 14:02:19.409000,4.98,4.98,4.99,2679000.0
2018-01-24 14:02:22.808000,4.98,4.98,4.99,2679000.0
2018-01-24 14:02:26.084000,4.98,4.98,4.99,2679000.0
2018-01-24 14:02:29.728000,4.98,4.98,4.99,2679000.0
2018-01-24 14:02:32.979000,4.98,4.98,4.99,2679000.0
2018-01-24 14:02:36.558000,4.98,4.98,4.99,2679000.0
2018-01-24 14:02:40.036000,4.98,4.98,4.99,2679000.0
2018-01-24 14:02:43.433000,4.98,4.98,4.99,2679000.0
2018-01-24 14:02:46.656000,4.99,4.98,4.99,2699000.0
2018-01-24 14:02:49.956000,4.99,4.98,4.99,2699000.0
2018-01-24 14:02:53.464000,4.99,4.98,4.99,2699000.0
2018-01-24 14:02:57.060000,4.99,4.98,4.99,2699000.0
2018-01-24 14:03:00.282000,4.99,4.98,4.99,2699000.0
2018-01-24 14:03:03.589000,4.99,4.98,4.99,2699000.0
2018-01-24 14:03:06.899000,,,,
2018-01-24 14:03:10.295000,4.99,4.98,4.99,2699000.0
2018-01-24 14:03:13.775000,4.99,4.98,4.99,2699000.0
2018-01-24 14:03:17.719000,4.99,4.98,4.99,2699000.0
2018-01-24 14:03:20.930000,4.99,4.98,4.99,2699000.0
2018-01-24 14:03:24.204000,4.99,4.98,4.99,2699000.0
2018-01-24 14:03:27.242000,4.99,4.98,4.99,2699000.0
2018-01-24 14:03:30.807000,4.99,4.98,4.99,2699000.0
2018-01-24 14:03:34.108000,4.99,4.98,4.99,2699000.0
2018-01-24 14:03:37.291000,4.99,4.98,4.99,2699000.0
2018-01-24 14:03:40.498000,4.99,4.98,4.99,2699000.0
2018-01-24 14:03:43.714000,4.99,4.98,4.99,2699000.0
2018-01-24 14:03:46.930000,4.99,4.98,4.99,2699000.0
2018-01-24 14:03:50.162000,4.99,4.98,4.99,2699000.0
2018-01-24 14:03:53.623000,4.99,4.98,4.99,2699000.0
2018-01-24 14:03:56.852000,4.99,4.98,4.99,2699000.0
2018-01-24 14:04:00.077000,4.99,4.98,4.99,2699000.0
2018-01-24 14:04:03.180000,4.99,4.98,4.99,2699000.0
2018-01-24 14:04:06.259000,4.99,4.98,4.99,2699000.0
2018-01-24 14:04:09.388000,4.99,4.98,4.99,2699000.0
2018-01-24 14:04:12.684000,4.99,4.98,4.99,2699000.0
2018-01-24 14:04:16.400000,4.99,4.98,4.99,2699000.0
2018-01-24 14:04:19.468000,4.99,4.98,4.99,2699000.0
2018-01-24 14:04:22.643000,4.99,4.98,4.99,2699000.0
2018-01-24 14:04:26.028000,4.99,4.98,4.99,2699000.0
2018-01-24 14:04:29.209000,4.99,4.98,4.99,2699000.0
2018-01-24 14:04:32.464000,4.99,4.98,4.99,2699000.0
2018-01-24 14:04:35.803000,4.99,4.98,4.99,2699000.0
2018-01-24 14:04:39.109000,4.99,4.98,4.99,2699000.0
2018-01-24 14:04:42.418000,4.99,4.98,4.99,2699000.0
2018-01-24 14:04:45.618000,4.99,4.98,4.99,2699000.0
2018-01-24 14:04:48.935000,4.99,4.98,4.99,2699000.0
2018-01-24 14:04:52.425000,4.99,4.98,4.99,2699000.0
2018-01-24 14:04:55.663000,4.99,4.98,4.99,2699000.0
2018-01-24 14:04:58.953000,4.99,4.98,4.99,2699000.0
2018-01-24 14:05:02.139000,4.99,4.98,4.99,2699000.0
2018-01-24 14:05:05.577000,4.99,4.98,4.99,2699000.0
2018-01-24 14:05:08.622000,4.99,4.98,4.99,2699000.0
2018-01-24 14:05:11.540000,4.99,4.98,4.99,2699000.0
2018-01-24 14:05:14.707000,4.99,4.98,4.99,2699000.0
2018-01-24 14:05:18.011000,4.99,4.98,4.99,2699000.0
2018-01-24 14:05:21.356000,4.99,4.98,4.99,2699000.0
2018-01-24 14:05:24.406000,4.99,4.98,4.99,2699000.0
2018-01-24 14:05:27.722000,4.99,4.98,4.99,2699000.0
2018-01-24 14:05:30.936000,4.99,4.98,4.99,2699000.0
2018-01-24 14:05:34.360000,4.99,4.98,4.99,2699000.0
2018-01-24 14:05:37.445000,4.99,4.98,4.99,2699000.0
2018-01-24 14:05:41.056000,4.99,4.98,4.99,2699000.0
2018-01-24 14:05:44.238000,4.99,4.98,4.99,2699000.0
2018-01-24 14:05:47.686000,4.99,4.98,4.99,2699000.0
2018-01-24 14:05:50.924000,4.99,4.98,4.99,2699000.0
2018-01-24 14:05:54.335000,4.99,4.98,4.99,2699000.0
2018-01-24 14:05:57.466000,4.99,4.98,4.99,2699000.0
2018-01-24 14:06:00.704000,4.99,4.98,4.99,2699000.0
2018-01-24 14:06:04.094000,4.99,4.98,4.99,2699000.0
2018-01-24 14:06:07.512000,4.99,4.98,4.99,2699000.0
2018-01-24 14:06:10.716000,4.99,4.98,4.99,2699000.0
2018-01-24 14:06:14.353000,4.99,4.98,4.99,2699000.0
2018-01-24 14:06:17.578000,4.99,4.98,4.99,2699000.0
2018-01-24 14:06:20.800000,4.99,4.98,4.99,2699000.0
2018-01-24 14:06:24.188000,4.99,4.98,4.99,2699000.0
2018-01-24 14:06:27.585000,4.99,4.98,4.99,2699000.0
2018-01-24 14:06:30.965000,4.99,4.98,4.99,2699000.0
2018-01-24 14:06:34.062000,4.99,4.98,4.99,2699000.0
2018-01-24 14:06:37.184000,4.99,4.98,4.99,2699000.0
2018-01-24 14:06:40.613000,4.99,4.98,4.99,2699000.0
2018-01-24 14:06:43.517000,4.99,4.98,4.99,2699000.0
2018-01-24 14:06:46.635000,4.99,4.98,4.99,2699000.0
2018-01-24 14:06:49.717000,4.99,4.98,4.99,2699000.0
2018-01-24 14:06:52.749000,4.99,4.98,4.99,2699000.0
2018-01-24 14:06:55.659000,4.99,4.98,4.99,2699000.0
2018-01-24 14:06:58.931000,4.99,4.98,4.99,2699000.0
2018-01-24 14:07:02.245000,4.99,4.98,4.99,2699000.0
2018-01-24 14:07:05.596000,4.99,4.98,4.99,2699000.0
2018-01-24 14:07:08.629000,4.99,4.98,4.99,2699000.0
2018-01-24 14:07:12.109000,4.99,4.98,4.99,2699000.0
2018-01-24 14:07:15.078000,4.99,4.98,4.99,2699000.0
2018-01-24 14:07:18.859000,4.99,4.98,4.99,2699000.0
2018-01-24 14:07:22.060000,4.99,4.98,4.99,2699000.0
2018-01-24 14:07:25.148000,4.99,4.98,4.99,2699000.0
2018-01-24 14:07:28.500000,4.99,4.98,4.99,2699000.0
2018-01-24 14:07:31.968000,4.99,4.98,4.99,2699000.0
2018-01-24 14:07:35.371000,4.99,4.98,4.99,2699000.0
2018-01-24 14:07:38.612000,4.99,4.98,4.99,2699000.0
2018-01-24 14:07:41.969000,4.99,4.98,4.99,2699000.0
2018-01-24 14:07:45.144000,4.99,4.98,4.99,2699000.0
2018-01-24 14:07:49.325000,4.99,4.98,4.99,2699000.0
2018-01-24 14:07:52.795000,4.99,4.98,4.99,2699000.0
2018-01-24 14:07:56.216000,4.99,4.98,4.99,2699000.0
2018-01-24 14:08:00.258000,4.99,4.98,4.99,2699000.0
2018-01-24 14:08:03.720000,4.99,4.98,4.99,2699000.0
2018-01-24 14:08:07.047000,4.99,4.98,4.99,2699000.0
2018-01-24 14:08:10.363000,4.99,4.98,4.99,2699000.0
2018-01-24 14:08:13.587000,4.99,4.98,4.99,2699000.0
2018-01-24 14:08:17.032000,4.99,4.98,4.99,2699000.0
2018-01-24 14:08:19.834000,4.99,4.98,4.99,2699000.0
2018-01-24 14:08:22.455000,4.99,4.98,4.99,2699000.0
2018-01-24 14:08:24.880000,4.99,4.98,4.99,2699000.0
2018-01-24 14:08:27.641000,4.99,4.98,4.99,2699000.0
2018-01-24 14:08:30.477000,4.99,4.98,4.99,2699000.0
2018-01-24 14:08:33.280000,4.99,4.98,4.99,2699000.0
2018-01-24 14:08:35.847000,4.99,4.98,4.99,2699000.0
2018-01-24 14:08:38.396000,4.99,4.98,4.99,2699000.0
2018-01-24 14:08:41.039000,4.99,4.98,4.99,2699000.0
2018-01-24 14:08:43.722000,4.99,4.98,4.99,2699000.0
2018-01-24 14:08:46.674000,4.99,4.98,4.99,2699000.0
2018-01-24 14:08:49.521000,4.99,4.98,4.99,2699000.0
2018-01-24 14:08:52.255000,4.99,4.98,4.99,2699000.0
2018-01-24 14:08:55.146000,4.99,4.98,4.99,2699000.0
2018-01-24 14:08:57.985000,4.99,4.98,4.99,2699000.0
2018-01-24 14:09:00.926000,4.99,4.98,4.99,2699000.0
2018-01-24 14:09:03.424000,4.99,4.98,4.99,2699000.0
2018-01-24 14:09:06.147000,4.99,4.98,4.99,2699000.0
2018-01-24 14:09:08.926000,4.99,4.98,4.99,2699000.0
2018-01-24 14:09:11.534000,4.99,4.98,4.99,2699000.0
2018-01-24 14:09:14.177000,4.99,4.98,4.99,2699000.0
2018-01-24 14:09:17.034000,4.99,4.98,4.99,2699000.0
2018-01-24 14:09:19.444000,4.99,4.98,4.99,2699000.0
2018-01-24 14:09:22.031000,4.99,4.98,4.99,2699000.0
2018-01-24 14:09:25.040000,4.99,4.98,4.99,2699000.0
2018-01-24 14:09:28.508000,4.99,4.98,4.99,2699000.0
2018-01-24 14:09:31.243000,4.99,4.98,4.99,2699000.0
2018-01-24 14:09:33.974000,4.99,4.98,4.99,2699000.0
2018-01-24 14:09:36.721000,4.99,4.98,4.99,2699000.0
2018-01-24 14:09:39.537000,4.99,4.98,4.99,2699000.0
2018-01-24 14:09:42.401000,4.99,4.98,4.99,2699000.0
2018-01-24 14:09:45.058000,4.99,4.98,4.99,2699000.0
2018-01-24 14:09:47.831000,4.99,4.98,4.99,2699000.0
2018-01-24 14:09:50.524000,4.99,4.98,4.99,2699000.0
2018-01-24 14:09:53.176000,4.99,4.98,4.99,2699000.0
2018-01-24 14:09:55.726000,4.99,4.98,4.99,2699000.0
2018-01-24 14:09:58.505000,4.99,4.98,4.99,2699000.0
2018-01-24 14:10:01.188000,4.99,4.98,4.99,2699000.0
2018-01-24 14:10:04.051000,4.99,4.98,4.99,2699000.0
2018-01-24 14:10:07.283000,4.99,4.98,4.99,2699000.0
2018-01-24 14:10:09.943000,4.99,4.98,4.99,2699000.0
2018-01-24 14:10:12.644000,4.99,4.98,4.99,2699000.0
2018-01-24 14:10:15.447000,4.99,4.98,4.99,2699000.0
2018-01-24 14:10:18.112000,4.99,4.98,4.99,2699000.0
2018-01-24 14:10:21.193000,4.99,4.98,4.99,2699000.0
2018-01-24 14:10:23.866000,4.99,4.98,4.99,2699000.0
2018-01-24 14:10:26.722000,4.99,4.98,4.99,2699000.0
2018-01-24 14:10:29.416000,4.99,4.98,4.99,2699000.0
2018-01-24 14:10:32.145000,4.99,4.98,4.99,2699000.0
2018-01-24 14:10:34.716000,4.99,4.98,4.99,2699000.0
2018-01-24 14:10:37.364000,4.99,4.98,4.99,2699000.0
2018-01-24 14:10:39.976000,4.99,4.98,4.99,2699000.0
2018-01-24 14:10:42.538000,4.99,4.98,4.99,2699000.0
2018-01-24 14:10:45.275000,4.99,4.98,4.99,2699000.0
2018-01-24 14:10:47.785000,4.99,4.98,4.99,2699000.0
2018-01-24 14:10:50.585000,4.99,4.98,4.99,2699000.0
2018-01-24 14:10:53.164000,4.99,4.98,4.99,2699000.0
2018-01-24 14:10:56.082000,4.99,4.98,4.99,2699000.0
2018-01-24 14:10:58.695000,4.99,4.98,4.99,2699000.0
2018-01-24 14:11:01.486000,4.99,4.98,4.99,2699000.0
2018-01-24 14:11:04.164000,4.99,4.98,4.99,2699000.0
2018-01-24 14:11:06.661000,4.99,4.98,4.99,2699000.0
2018-01-24 14:11:09.305000,4.99,4.98,4.99,2699000.0
2018-01-24 14:11:12.022000,4.99,4.98,4.99,2699000.0
2018-01-24 14:11:14.857000,4.99,4.98,4.99,2699000.0
2018-01-24 14:11:17.818000,4.99,4.98,4.99,2699000.0
2018-01-24 14:11:20.548000,4.99,4.98,4.99,2699000.0
2018-01-24 14:11:23.320000,4.99,4.98,4.99,2699000.0
2018-01-24 14:11:26.105000,4.99,4.98,4.99,2699000.0
2018-01-24 14:11:28.624000,4.99,4.98,4.99,2699000.0
2018-01-24 14:11:31.323000,4.99,4.98,4.99,2699000.0
2018-01-24 14:11:34.078000,4.99,4.98,4.99,2699000.0
2018-01-24 14:11:36.605000,4.99,4.98,4.99,2699000.0
2018-01-24 14:11:39.160000,4.99,4.98,4.99,2699000.0
2018-01-24 14:11:41.959000,4.99,4.98,4.99,2699000.0
2018-01-24 14:11:44.760000,4.99,4.98,4.99,2699000.0
2018-01-24 14:11:47.649000,4.99,4.98,4.99,2699000.0
2018-01-24 14:11:50.527000,4.99,4.98,4.99,2699000.0
2018-01-24 14:11:53.227000,4.99,4.98,4.99,2699000.0
2018-01-24 14:11:55.902000,4.99,4.98,4.99,2699000.0
2018-01-24 14:11:58.652000,4.99,4.98,4.99,2699000.0
2018-01-24 14:12:01.303000,4.99,4.98,4.99,2699000.0
2018-01-24 14:12:03.868000,4.99,4.98,4.99,2699000.0
2018-01-24 14:12:06.911000,4.99,4.98,4.99,2699000.0
2018-01-24 14:12:09.570000,4.99,4.98,4.99,2699000.0
2018-01-24 14:12:12.373000,4.99,4.98,4.99,2699000.0
2018-01-24 14:12:15.132000,4.99,4.98,4.99,2699000.0
2018-01-24 14:12:17.583000,4.99,4.98,4.99,2699000.0
2018-01-24 14:12:20.321000,4.99,4.98,4.99,2699000.0
2018-01-24 14:12:22.993000,4.99,4.98,4.99,2699000.0
2018-01-24 14:12:25.784000,4.99,4.98,4.99,2699000.0
2018-01-24 14:12:28.483000,4.99,4.98,4.99,2699000.0
2018-01-24 14:12:31.205000,4.99,4.98,4.99,2699000.0
2018-01-24 14:12:33.792000,4.99,4.98,4.99,2699000.0
2018-01-24 14:12:36.404000,4.99,4.98,4.99,2699000.0
2018-01-24 14:12:38.948000,4.99,4.98,4.99,2699000.0
2018-01-24 14:12:41.523000,4.99,4.98,4.99,2699000.0
2018-01-24 14:12:44.261000,4.99,4.98,4.99,2699000.0
2018-01-24 14:12:46.896000,4.99,4.98,4.99,2699000.0
2018-01-24 14:12:49.330000,4.99,4.98,4.99,2699000.0
2018-01-24 14:12:51.835000,4.99,4.98,4.99,2699000.0
2018-01-24 14:12:54.964000,4.99,4.98,4.99,2699000.0
2018-01-24 14:12:57.752000,4.99,4.98,4.99,2699000.0
2018-01-24 14:13:00.521000,4.99,4.98,4.99,2699000.0
2018-01-24 14:13:03.404000,4.99,4.98,4.99,2699000.0
2018-01-24 14:13:06.337000,4.99,4.98,4.99,2699000.0
2018-01-24 14:13:09.033000,4.99,4.98,4.99,2699000.0
2018-01-24 14:13:11.734000,4.99,4.98,4.99,2699000.0
2018-01-24 14:13:14.347000,4.99,4.98,4.99,2699000.0
2018-01-24 14:13:17.023000,4.99,4.98,4.99,2699000.0
2018-01-24 14:13:19.574000,4.99,4.98,4.99,2699000.0
2018-01-24 14:13:22.431000,4.99,4.98,4.99,2699000.0
2018-01-24 14:13:25.215000,4.99,4.98,4.99,2699000.0
2018-01-24 14:13:28.172000,4.99,4.98,4.99,2699000.0
2018-01-24 14:13:30.886000,4.99,4.98,4.99,2699000.0
2018-01-24 14:13:33.432000,4.99,4.98,4.99,2699000.0
2018-01-24 14:13:36.026000,4.99,4.98,4.99,2699000.0
2018-01-24 14:13:39.681000,4.99,4.98,4.99,2699000.0
2018-01-24 14:13:43.292000,4.99,4.98,4.99,2699000.0
2018-01-24 14:13:48.197000,4.99,4.98,4.99,2699000.0
2018-01-24 14:13:51.828000,4.99,4.98,4.99,2699000.0
2018-01-24 14:13:55.411000,4.99,4.98,4.99,2699000.0
2018-01-24 14:13:58.887000,4.99,4.98,4.99,2699000.0
2018-01-24 14:14:02.241000,4.99,4.98,4.99,2699000.0
2018-01-24 14:14:05.854000,4.99,4.98,4.99,2699000.0
2018-01-24 14:14:08.215000,,,,
2018-01-24 14:14:11.573000,4.99,4.98,4.99,2699000.0
2018-01-24 14:14:14.900000,4.99,4.98,4.99,2699000.0
2018-01-24 14:14:18.317000,4.99,4.98,4.99,2699000.0
2018-01-24 14:14:21.700000,4.99,4.98,4.99,2699000.0
2018-01-24 14:14:25.330000,4.99,4.98,4.99,2699000.0
2018-01-24 14:14:28.976000,4.99,4.98,4.99,2699000.0
2018-01-24 14:14:32.197000,4.99,4.98,4.99,2699000.0
2018-01-24 14:14:35.575000,4.99,4.98,4.99,2699000.0
2018-01-24 14:14:38.948000,4.99,4.98,4.99,2699000.0
2018-01-24 14:14:42.211000,4.99,4.98,4.99,2699000.0
2018-01-24 14:14:45.729000,4.99,4.98,4.99,2699000.0
2018-01-24 14:14:48.952000,4.99,4.98,4.99,2699000.0
2018-01-24 14:14:52.041000,4.99,4.98,4.99,2699000.0
2018-01-24 14:14:55.107000,4.99,4.98,4.99,2699000.0
2018-01-24 14:14:58.373000,4.99,4.98,4.99,2699000.0
2018-01-24 14:15:01.735000,4.99,4.98,4.99,2699000.0
2018-01-24 14:15:04.887000,4.99,4.98,4.99,2699000.0
2018-01-24 14:15:08.045000,4.99,4.98,4.99,2699000.0
2018-01-24 14:15:11.705000,4.99,4.98,4.99,2699000.0
2018-01-24 14:15:15.095000,4.99,4.98,4.99,2699000.0
2018-01-24 14:15:19.715000,4.99,4.98,4.99,2699000.0
2018-01-24 14:15:23.078000,4.99,4.98,4.99,2699000.0
2018-01-24 14:15:26.237000,4.99,4.98,4.99,2699000.0
2018-01-24 14:15:29.875000,4.99,4.98,4.99,2699000.0
2018-01-24 14:15:33.183000,4.99,4.98,4.99,2699000.0
2018-01-24 14:15:36.486000,4.99,4.98,4.99,2699000.0
2018-01-24 14:15:39.604000,4.99,4.98,4.99,2699000.0
2018-01-24 14:15:42.782000,4.99,4.98,4.99,2699000.0
2018-01-24 14:15:45.910000,4.99,4.98,4.99,2699000.0
2018-01-24 14:15:48.960000,4.99,4.98,4.99,2699000.0
2018-01-24 14:15:52.136000,4.99,4.98,4.99,2699000.0
2018-01-24 14:15:55.494000,4.99,4.98,4.99,2699000.0
2018-01-24 14:15:58.464000,4.99,4.98,4.99,2699000.0
2018-01-24 14:16:01.854000,4.99,4.98,4.99,2699000.0
2018-01-24 14:16:05.156000,4.99,4.98,4.99,2699000.0
2018-01-24 14:16:08.436000,4.99,4.98,4.99,2699000.0
2018-01-24 14:16:11.643000,4.98,4.98,4.99,2709000.0
2018-01-24 14:16:14.812000,4.98,4.98,4.99,2709000.0
2018-01-24 14:16:18.121000,4.98,4.98,4.99,2709000.0
2018-01-24 14:16:21.171000,4.98,4.98,4.99,2709000.0
2018-01-24 14:16:24.314000,4.98,4.98,4.99,2709000.0
2018-01-24 14:16:27.444000,4.98,4.98,4.99,2709000.0
2018-01-24 14:16:30.718000,4.98,4.98,4.99,2709000.0
2018-01-24 14:16:33.875000,4.98,4.98,4.99,2709000.0
2018-01-24 14:16:37.372000,4.98,4.98,4.99,2709000.0
2018-01-24 14:16:40.594000,4.98,4.98,4.99,2709000.0
2018-01-24 14:16:43.873000,4.98,4.98,4.99,2709000.0
2018-01-24 14:16:47.233000,4.98,4.98,4.99,2709000.0
2018-01-24 14:16:50.488000,4.98,4.98,4.99,2709000.0
2018-01-24 14:16:53.767000,4.98,4.98,4.99,2709000.0
2018-01-24 14:16:56.761000,4.98,4.98,4.99,2709000.0
2018-01-24 14:16:59.860000,4.98,4.98,4.99,2709000.0
2018-01-24 14:17:03.249000,4.98,4.98,4.99,2709000.0
2018-01-24 14:17:06.796000,4.98,4.98,4.99,2709000.0
2018-01-24 14:17:10.109000,4.98,4.98,4.99,2709000.0
2018-01-24 14:17:13.422000,4.98,4.98,4.99,2709000.0
2018-01-24 14:17:16.669000,4.98,4.98,4.99,2709000.0
2018-01-24 14:17:20.276000,4.98,4.98,4.99,2711000.0
2018-01-24 14:17:24.203000,4.98,4.98,4.99,2711000.0
2018-01-24 14:17:27.280000,4.98,4.98,4.99,2711000.0
2018-01-24 14:17:30.471000,4.98,4.98,4.99,2711000.0
2018-01-24 14:17:33.795000,4.98,4.98,4.99,2711000.0
2018-01-24 14:17:36.942000,4.98,4.98,4.99,2711000.0
2018-01-24 14:17:40.363000,4.98,4.98,4.99,2711000.0
2018-01-24 14:17:43.728000,4.98,4.98,4.99,2711000.0
2018-01-24 14:17:46.915000,4.98,4.98,4.99,2711000.0
2018-01-24 14:17:50.168000,4.98,4.98,4.99,2711000.0
2018-01-24 14:17:54.767000,4.98,4.98,4.99,2711000.0
2018-01-24 14:17:57.909000,4.98,4.98,4.99,2711000.0
2018-01-24 14:18:01.131000,4.98,4.98,4.99,2711000.0
2018-01-24 14:18:04.323000,4.98,4.98,4.99,2711000.0
2018-01-24 14:18:07.578000,4.98,4.98,4.99,2711000.0
2018-01-24 14:18:10.878000,4.98,4.98,4.99,2711000.0
2018-01-24 14:18:14.202000,4.98,4.98,4.99,2711000.0
2018-01-24 14:18:18.281000,4.98,4.98,4.99,2711000.0
2018-01-24 14:18:21.440000,4.98,4.98,4.99,2711000.0
2018-01-24 14:18:24.797000,4.98,4.98,4.99,2711000.0
2018-01-24 14:18:27.952000,4.98,4.98,4.99,2711000.0
2018-01-24 14:18:31.215000,4.98,4.98,4.99,2711000.0
2018-01-24 14:18:34.426000,4.98,4.98,4.99,2711000.0
2018-01-24 14:18:37.750000,4.98,4.98,4.99,2711000.0
2018-01-24 14:18:41.129000,4.98,4.98,4.99,2711000.0
2018-01-24 14:18:44.302000,4.98,4.98,4.99,2711000.0
2018-01-24 14:18:47.485000,4.98,4.98,4.99,2711000.0
2018-01-24 14:18:51.357000,4.98,4.98,4.99,2711000.0
2018-01-24 14:18:54.557000,4.98,4.98,4.99,2711000.0
2018-01-24 14:18:58.958000,4.98,4.98,4.99,2711000.0
2018-01-24 14:19:02.360000,4.98,4.98,4.99,2711000.0
2018-01-24 14:19:05.558000,4.98,4.98,4.99,2711000.0
2018-01-24 14:19:08.782000,4.98,4.98,4.99,2711000.0
2018-01-24 14:19:12.106000,4.98,4.98,4.99,2711000.0
2018-01-24 14:19:15.386000,4.99,4.98,4.99,2716000.0
2018-01-24 14:19:18.692000,4.99,4.98,4.99,2716000.0
2018-01-24 14:19:22.057000,4.99,4.98,4.99,2716000.0
2018-01-24 14:19:25.302000,4.99,4.98,4.99,2716000.0
2018-01-24 14:19:28.595000,,,,
2018-01-24 14:19:32.190000,4.99,4.98,4.99,2716000.0
2018-01-24 14:19:35.896000,4.99,4.98,4.99,2716000.0
2018-01-24 14:19:38.971000,4.99,4.98,4.99,2716000.0
2018-01-24 14:19:42.391000,4.99,4.98,4.99,2716000.0
2018-01-24 14:19:45.394000,4.99,4.98,4.99,2716000.0
2018-01-24 14:19:48.659000,4.99,4.98,4.99,2716000.0
2018-01-24 14:19:51.964000,4.99,4.98,4.99,2716000.0
2018-01-24 14:19:55.209000,4.99,4.98,4.99,2716000.0
2018-01-24 14:19:58.345000,4.99,4.98,4.99,2716000.0
2018-01-24 14:20:01.555000,4.99,4.98,4.99,2716000.0
2018-01-24 14:20:05.019000,4.99,4.98,4.99,2716000.0
2018-01-24 14:20:08.439000,4.99,4.98,4.99,2716000.0
2018-01-24 14:20:11.560000,4.99,4.98,4.99,2716000.0
2018-01-24 14:20:14.885000,4.99,4.98,4.99,2716000.0
2018-01-24 14:20:17.973000,4.99,4.98,4.99,2716000.0
2018-01-24 14:20:21.323000,4.99,4.98,4.99,2716000.0
2018-01-24 14:20:24.459000,4.99,4.98,4.99,2716000.0
2018-01-24 14:20:27.722000,4.99,4.98,4.99,2716000.0
2018-01-24 14:20:31.226000,4.99,4.98,4.99,2716000.0
2018-01-24 14:20:34.399000,4.99,4.98,4.99,2716000.0
2018-01-24 14:20:37.770000,4.99,4.98,4.99,2716000.0
2018-01-24 14:20:42.549000,4.99,4.98,4.99,2716000.0
2018-01-24 14:20:45.739000,4.99,4.98,4.99,2716000.0
2018-01-24 14:20:48.800000,4.99,4.98,4.99,2716000.0
2018-01-24 14:20:53.302000,4.99,4.98,4.99,2716000.0
2018-01-24 14:20:56.462000,4.99,4.98,4.99,2716000.0
2018-01-24 14:20:59.598000,4.99,4.98,4.99,2716000.0
2018-01-24 14:21:02.510000,4.99,4.98,4.99,2716000.0
2018-01-24 14:21:05.931000,4.99,4.98,4.99,2716000.0
2018-01-24 14:21:09.117000,4.99,4.98,4.99,2716000.0
2018-01-24 14:21:12.120000,4.99,4.98,4.99,2716000.0
2018-01-24 14:21:15.344000,4.99,4.98,4.99,2716000.0
2018-01-24 14:21:18.566000,4.99,4.98,4.99,2716000.0
2018-01-24 14:21:21.562000,4.99,4.98,4.99,2716000.0
2018-01-24 14:21:24.591000,4.99,4.98,4.99,2716000.0
2018-01-24 14:21:27.615000,4.99,4.98,4.99,2716000.0
2018-01-24 14:21:30.853000,4.99,4.98,4.99,2716000.0
2018-01-24 14:21:33.863000,4.99,4.98,4.99,2716000.0
2018-01-24 14:21:36.987000,4.99,4.98,4.99,2716000.0
2018-01-24 14:21:40.150000,4.99,4.98,4.99,2716000.0
2018-01-24 14:21:44.819000,4.99,4.98,4.99,2716000.0
2018-01-24 14:21:49.947000,4.99,4.98,4.99,2716000.0
2018-01-24 14:21:55.262000,4.99,4.98,4.99,2716000.0
2018-01-24 14:21:58.911000,4.99,4.98,4.99,2716000.0
2018-01-24 14:22:02.483000,4.99,4.98,4.99,2716000.0
2018-01-24 14:22:07.270000,4.99,4.98,4.99,2716000.0
2018-01-24 14:22:19.657000,4.99,4.98,4.99,2716000.0
2018-01-24 14:22:24.692000,4.99,4.98,4.99,2716000.0
2018-01-24 14:22:30.649000,4.99,4.98,4.99,2716000.0
2018-01-24 14:22:37.199000,4.99,4.98,4.99,2716000.0
2018-01-24 14:22:40.746000,4.99,4.98,4.99,2716000.0
2018-01-24 14:22:44.138000,4.99,4.98,4.99,2716000.0
2018-01-24 14:22:47.351000,4.99,4.98,4.99,2716000.0
2018-01-24 14:22:50.587000,4.99,4.98,4.99,2716000.0
2018-01-24 14:22:53.898000,4.99,4.98,4.99,2716000.0
2018-01-24 14:22:57.199000,4.99,4.98,4.99,2716000.0
2018-01-24 14:23:00.301000,4.99,4.98,4.99,2716000.0
2018-01-24 14:23:03.195000,4.99,4.98,4.99,2716000.0
2018-01-24 14:23:06.107000,4.99,4.98,4.99,2716000.0
2018-01-24 14:23:09.171000,4.99,4.98,4.99,2716000.0
2018-01-24 14:23:11.943000,4.99,4.98,4.99,2716000.0
2018-01-24 14:23:14.871000,4.99,4.98,4.99,2716000.0
2018-01-24 14:23:17.819000,4.99,4.98,4.99,2716000.0
2018-01-24 14:23:22.353000,4.99,4.98,4.99,2716000.0
2018-01-24 14:23:25.681000,4.99,4.98,4.99,2836000.0
2018-01-24 14:23:28.886000,4.99,4.98,4.99,2836000.0
2018-01-24 14:23:32.061000,4.99,4.98,4.99,2836000.0
2018-01-24 14:23:35.292000,4.99,4.98,4.99,2836000.0
2018-01-24 14:23:38.525000,4.99,4.98,4.99,2836000.0
2018-01-24 14:23:53.772000,4.99,4.98,4.99,2836000.0
2018-01-24 14:24:13.994000,4.99,4.98,4.99,2836000.0
2018-01-24 14:24:34.215000,4.99,4.98,4.99,2836000.0
2018-01-24 14:24:54.516000,4.99,4.98,4.99,2836000.0
2018-01-24 14:24:57.457000,4.99,4.98,4.99,2836000.0
2018-01-24 14:25:00.683000,4.99,4.98,4.99,2836000.0
2018-01-24 14:25:03.821000,4.99,4.98,4.99,2836000.0
2018-01-24 14:25:07.091000,4.99,4.98,4.99,2836000.0
2018-01-24 14:25:11.033000,4.99,4.98,4.99,2836000.0
2018-01-24 14:25:14.056000,4.99,4.98,4.99,2836000.0
2018-01-24 14:25:17.247000,4.99,4.98,4.99,2836000.0
2018-01-24 14:25:20.231000,4.99,4.98,4.99,2836000.0
2018-01-24 14:25:25.049000,4.99,4.98,4.99,2836000.0
2018-01-24 14:25:28.229000,4.99,4.98,4.99,2836000.0
2018-01-24 14:25:31.064000,4.99,4.98,4.99,2836000.0
2018-01-24 14:25:34.244000,4.99,4.98,4.99,2836000.0
2018-01-24 14:25:37.281000,4.99,4.98,4.99,2836000.0
2018-01-24 14:25:40.225000,4.99,4.98,4.99,2836000.0
2018-01-24 14:25:43.526000,4.99,4.98,4.99,2836000.0
2018-01-24 14:25:46.858000,4.99,4.98,4.99,2836000.0
2018-01-24 14:25:50.181000,4.99,4.98,4.99,2836000.0
2018-01-24 14:25:53.357000,4.99,4.98,4.99,2836000.0
2018-01-24 14:25:56.439000,4.99,4.98,4.99,2836000.0
2018-01-24 14:25:59.470000,4.99,4.98,4.99,2836000.0
2018-01-24 14:26:02.557000,4.99,4.98,4.99,2836000.0
2018-01-24 14:26:05.877000,4.99,4.98,4.99,2838000.0
2018-01-24 14:26:09.278000,4.99,4.98,4.99,2838000.0
2018-01-24 14:26:12.369000,4.99,4.98,4.99,2838000.0
2018-01-24 14:26:15.183000,4.99,4.98,4.99,2838000.0
2018-01-24 14:26:18.543000,4.99,4.98,4.99,2838000.0
2018-01-24 14:26:21.641000,4.99,4.98,4.99,2838000.0
2018-01-24 14:26:24.646000,4.99,4.98,4.99,2838000.0
2018-01-24 14:26:27.788000,4.99,4.98,4.99,2838000.0
2018-01-24 14:26:30.845000,4.99,4.98,4.99,2838000.0
2018-01-24 14:26:33.871000,4.99,4.98,4.99,2838000.0
2018-01-24 14:26:36.843000,4.99,4.98,4.99,2838000.0
2018-01-24 14:26:39.827000,4.99,4.98,4.99,2838000.0
2018-01-24 14:26:43.028000,4.99,4.98,4.99,2838000.0
2018-01-24 14:26:46.001000,4.99,4.98,4.99,2838000.0
2018-01-24 14:26:49.139000,4.99,4.98,4.99,2838000.0
2018-01-24 14:26:52.111000,4.99,4.98,4.99,2838000.0
2018-01-24 14:26:55.519000,4.99,4.98,4.99,2838000.0
2018-01-24 14:26:58.617000,4.99,4.98,4.99,2838000.0
2018-01-24 14:27:01.792000,4.99,4.98,4.99,2838000.0
2018-01-24 14:27:04.860000,4.99,4.98,4.99,2838000.0
2018-01-24 14:27:07.918000,4.99,4.98,4.99,2838000.0
2018-01-24 14:27:11.267000,4.99,4.98,4.99,2838000.0
2018-01-24 14:27:14.236000,4.99,4.98,4.99,2838000.0
2018-01-24 14:27:17.191000,4.99,4.98,4.99,2838000.0
2018-01-24 14:27:20.274000,4.99,4.98,4.99,2838000.0
2018-01-24 14:27:23.517000,4.99,4.98,4.99,2838000.0
2018-01-24 14:27:26.981000,4.99,4.98,4.99,2838000.0
2018-01-24 14:27:30.190000,4.99,4.98,4.99,2838000.0
2018-01-24 14:27:33.204000,4.99,4.98,4.99,2838000.0
2018-01-24 14:27:36.306000,4.99,4.98,4.99,2838000.0
2018-01-24 14:27:39.170000,4.99,4.98,4.99,2838000.0
2018-01-24 14:27:42.464000,4.99,4.98,4.99,2838000.0
2018-01-24 14:27:45.489000,4.99,4.98,4.99,2838000.0
2018-01-24 14:27:48.608000,4.99,4.98,4.99,2838000.0
2018-01-24 14:27:51.616000,4.99,4.98,4.99,2838000.0
2018-01-24 14:27:54.891000,4.99,4.98,4.99,2838000.0
2018-01-24 14:27:58.361000,4.99,4.98,4.99,2838000.0
2018-01-24 14:28:02.115000,4.99,4.98,4.99,2838000.0
2018-01-24 14:28:05.517000,4.99,4.98,4.99,2838000.0
2018-01-24 14:28:08.766000,4.99,4.98,4.99,2838000.0
2018-01-24 14:28:11.675000,4.99,4.98,4.99,2838000.0
2018-01-24 14:28:14.786000,4.99,4.98,4.99,2838000.0
2018-01-24 14:28:17.893000,4.99,4.98,4.99,2838000.0
2018-01-24 14:28:20.874000,4.99,4.98,4.99,2838000.0
2018-01-24 14:28:23.924000,4.99,4.98,4.99,2838000.0
2018-01-24 14:28:27.415000,4.99,4.98,4.99,2838000.0
2018-01-24 14:28:30.814000,4.99,4.98,4.99,2838000.0
2018-01-24 14:28:34.046000,4.99,4.98,4.99,2838000.0
2018-01-24 14:28:37.206000,4.99,4.98,4.99,2838000.0
2018-01-24 14:28:40.143000,4.99,4.98,4.99,2838000.0
2018-01-24 14:28:43.204000,4.99,4.98,4.99,2838000.0
2018-01-24 14:28:46.424000,4.99,4.98,4.99,2838000.0
2018-01-24 14:28:49.568000,4.99,4.98,4.99,2838000.0
2018-01-24 14:28:52.551000,4.99,4.98,4.99,2838000.0
2018-01-24 14:28:55.511000,4.99,4.98,4.99,2838000.0
2018-01-24 14:28:58.751000,4.99,4.98,4.99,2838000.0
2018-01-24 14:29:01.880000,4.99,4.98,4.99,2838000.0
2018-01-24 14:29:04.953000,4.99,4.98,4.99,2838000.0
2018-01-24 14:29:08.168000,4.99,4.98,4.99,2838000.0
2018-01-24 14:29:11.097000,4.99,4.98,4.99,2838000.0
2018-01-24 14:29:14.173000,4.99,4.98,4.99,2838000.0
2018-01-24 14:29:17.118000,4.99,4.98,4.99,2838000.0
2018-01-24 14:29:20.145000,4.99,4.98,4.99,2838000.0
2018-01-24 14:29:23.241000,4.99,4.98,4.99,2838000.0
2018-01-24 14:29:26.275000,4.99,4.98,4.99,2838000.0
2018-01-24 14:29:29.392000,4.99,4.98,4.99,2838000.0
2018-01-24 14:29:32.443000,4.99,4.98,4.99,2838000.0
2018-01-24 14:29:35.655000,4.99,4.98,4.99,2838000.0
2018-01-24 14:29:38.659000,4.99,4.98,4.99,2838000.0
2018-01-24 14:29:41.718000,4.99,4.98,4.99,2838000.0
2018-01-24 14:29:44.882000,4.99,4.98,4.99,2838000.0
2018-01-24 14:29:47.979000,4.99,4.98,4.99,2838000.0
2018-01-24 14:29:51.022000,4.99,4.98,4.99,2838000.0
2018-01-24 14:29:54.221000,4.99,4.98,4.99,2838000.0
2018-01-24 14:29:57.405000,4.99,4.98,4.99,2838000.0
2018-01-24 14:30:00.304000,4.99,4.98,4.99,2838000.0
2018-01-24 14:30:03.373000,4.99,4.98,4.99,2838000.0
2018-01-24 14:30:06.577000,4.99,4.98,4.99,2838000.0
2018-01-24 14:30:09.727000,4.99,4.98,4.99,2838000.0
2018-01-24 14:30:12.730000,4.99,4.98,4.99,2838000.0
2018-01-24 14:30:15.946000,4.99,4.98,4.99,2838000.0
2018-01-24 14:30:19.033000,4.99,4.98,4.99,2838000.0
2018-01-24 14:30:22.022000,4.99,4.98,4.99,2838000.0
2018-01-24 14:30:25.021000,4.99,4.98,4.99,2838000.0
2018-01-24 14:30:27.961000,4.99,4.98,4.99,2838000.0
2018-01-24 14:30:31.007000,4.99,4.98,4.99,2838000.0
2018-01-24 14:30:34.050000,4.99,4.98,4.99,2838000.0
2018-01-24 14:30:37.169000,4.99,4.98,4.99,2838000.0
2018-01-24 14:30:40.444000,4.99,4.98,4.99,2838000.0
2018-01-24 14:30:43.488000,4.99,4.98,4.99,2838000.0
2018-01-24 14:30:46.803000,4.99,4.98,4.99,2838000.0
2018-01-24 14:30:51.183000,4.99,4.98,4.99,2838000.0
2018-01-24 14:30:54.208000,4.99,4.98,4.99,2838000.0
2018-01-24 14:30:57.210000,4.99,4.98,4.99,2838000.0
2018-01-24 14:31:00.536000,4.99,4.98,4.99,2838000.0
2018-01-24 14:31:05.781000,4.99,4.98,4.99,2838000.0
2018-01-24 14:31:19.832000,4.99,4.98,4.99,2838000.0
2018-01-24 14:31:25.587000,4.99,4.98,4.99,2838000.0
2018-01-24 14:31:29.240000,4.99,4.98,4.99,2838000.0
2018-01-24 14:31:32.846000,4.99,4.98,4.99,2838000.0
2018-01-24 14:31:36.337000,4.99,4.98,4.99,2838000.0
2018-01-24 14:31:39.757000,4.99,4.98,4.99,2838000.0
2018-01-24 14:31:43.316000,4.99,4.98,4.99,2838000.0
2018-01-24 14:32:23.013000,4.99,4.98,4.99,2838000.0
2018-01-24 14:33:04.838000,4.99,4.98,4.99,2838000.0
2018-01-24 14:33:07.847000,4.99,4.98,4.99,2838000.0
2018-01-24 14:33:11.278000,4.99,4.98,4.99,2838000.0
2018-01-24 14:33:14.475000,4.99,4.98,4.99,2838000.0
2018-01-24 14:33:18.473000,4.99,4.98,4.99,2838000.0
2018-01-24 14:33:27.374000,4.99,4.98,4.99,2838000.0
2018-01-24 14:33:40.233000,4.99,4.98,4.99,2877500.0
2018-01-24 14:33:48.595000,4.99,4.98,4.99,2877500.0
2018-01-24 14:33:58.327000,4.99,4.98,4.99,2877500.0
2018-01-24 14:34:02.815000,4.99,4.98,4.99,2877500.0
2018-01-24 14:34:06.103000,4.99,4.98,4.99,2877500.0
2018-01-24 14:34:09.180000,4.99,4.98,4.99,2877500.0
2018-01-24 14:34:12.456000,4.99,4.98,4.99,2877500.0
2018-01-24 14:34:15.589000,4.99,4.98,4.99,2877500.0
2018-01-24 14:34:19.117000,4.99,4.98,4.99,2877500.0
2018-01-24 14:34:22.698000,4.99,4.98,4.99,2877500.0
2018-01-24 14:34:25.982000,4.99,4.98,4.99,2877500.0
2018-01-24 14:34:29.103000,4.99,4.98,4.99,2877500.0
2018-01-24 14:34:32.505000,4.99,4.98,4.99,2877500.0
2018-01-24 14:34:35.872000,4.99,4.98,4.99,2877500.0
2018-01-24 14:34:39.149000,4.99,4.98,4.99,2877500.0
2018-01-24 14:34:42.777000,4.99,4.98,4.99,2877500.0
2018-01-24 14:34:46.166000,4.99,4.98,4.99,2877500.0
2018-01-24 14:34:49.388000,4.99,4.98,4.99,2877500.0
2018-01-24 14:34:52.563000,4.99,4.98,4.99,2877500.0
2018-01-24 14:34:55.865000,4.99,4.98,4.99,2877500.0
2018-01-24 14:34:59.039000,4.99,4.98,4.99,2877500.0
2018-01-24 14:35:02.386000,4.99,4.98,4.99,2877500.0
2018-01-24 14:35:05.618000,4.99,4.98,4.99,2877500.0
2018-01-24 14:35:08.787000,4.99,4.98,4.99,2877500.0
2018-01-24 14:35:11.991000,4.99,4.98,4.99,2877500.0
2018-01-24 14:35:15.172000,4.99,4.98,4.99,2877500.0
2018-01-24 14:35:18.488000,4.99,4.98,4.99,2877500.0
2018-01-24 14:35:21.609000,4.99,4.98,4.99,2877500.0
2018-01-24 14:35:24.805000,4.99,4.98,4.99,2877500.0
2018-01-24 14:35:27.965000,4.99,4.98,4.99,2877500.0
2018-01-24 14:35:31.197000,4.99,4.98,4.99,2877500.0
2018-01-24 14:35:34.071000,4.99,4.98,4.99,2877500.0
2018-01-24 14:35:37.311000,4.99,4.98,4.99,2877500.0
2018-01-24 14:35:40.434000,4.99,4.98,4.99,2877500.0
2018-01-24 14:35:43.581000,4.99,4.98,4.99,2877500.0
2018-01-24 14:35:46.796000,4.99,4.98,4.99,2877500.0
2018-01-24 14:35:49.996000,4.99,4.98,4.99,2877500.0
2018-01-24 14:35:53.245000,4.99,4.98,4.99,2877500.0
2018-01-24 14:35:56.247000,4.99,4.98,4.99,2877500.0
2018-01-24 14:35:59.420000,4.99,4.98,4.99,2877500.0
2018-01-24 14:36:02.532000,4.99,4.98,4.99,2877500.0
2018-01-24 14:36:05.627000,4.99,4.98,4.99,2877500.0
2018-01-24 14:36:08.823000,4.99,4.98,4.99,2877500.0
2018-01-24 14:36:11.952000,4.99,4.98,4.99,2877500.0
2018-01-24 14:36:15.119000,4.99,4.98,4.99,2877500.0
2018-01-24 14:36:18.242000,4.99,4.98,4.99,2877500.0
2018-01-24 14:36:21.253000,4.99,4.98,4.99,2877500.0
2018-01-24 14:36:24.400000,4.99,4.98,4.99,2877500.0
2018-01-24 14:36:27.672000,4.99,4.98,4.99,2877500.0
2018-01-24 14:36:31.051000,4.99,4.98,4.99,2877500.0
2018-01-24 14:36:34.247000,4.99,4.98,4.99,2877500.0
2018-01-24 14:36:37.275000,4.99,4.98,4.99,2877500.0
2018-01-24 14:36:40.688000,4.99,4.98,4.99,2877500.0
2018-01-24 14:36:44.672000,4.99,4.98,4.99,2877500.0
2018-01-24 14:36:47.878000,4.99,4.98,4.99,2877500.0
2018-01-24 14:36:51.285000,4.99,4.98,4.99,2877500.0
2018-01-24 14:36:54.388000,4.99,4.98,4.99,2877500.0
2018-01-24 14:36:57.673000,4.99,4.98,4.99,2877500.0
2018-01-24 14:37:00.635000,4.99,4.98,4.99,2877500.0
2018-01-24 14:37:03.874000,4.99,4.98,4.99,2877500.0
2018-01-24 14:37:06.780000,4.99,4.98,4.99,2877500.0
2018-01-24 14:37:09.959000,4.99,4.98,4.99,2877500.0
2018-01-24 14:37:13.031000,4.99,4.98,4.99,2877500.0
2018-01-24 14:37:16.096000,4.99,4.98,4.99,2877500.0
2018-01-24 14:37:19.031000,4.99,4.98,4.99,2877500.0
2018-01-24 14:37:22.188000,4.99,4.98,4.99,2877500.0
2018-01-24 14:38:14.264000,4.99,4.98,4.99,2877500.0
2018-01-24 14:38:33.269000,4.99,4.98,4.99,2877500.0
2018-01-24 14:38:36.595000,4.99,4.98,4.99,2877500.0
2018-01-24 14:38:40.581000,4.99,4.98,4.99,2877500.0
2018-01-24 14:38:43.917000,4.99,4.98,4.99,2877500.0
2018-01-24 14:38:47.219000,4.99,4.98,4.99,2877500.0
2018-01-24 14:38:50.597000,4.99,4.98,4.99,2877500.0
2018-01-24 14:38:54.052000,4.99,4.98,4.99,2877500.0
2018-01-24 14:38:57.365000,4.99,4.98,4.99,2877500.0
2018-01-24 14:39:00.410000,4.99,4.98,4.99,2877500.0
2018-01-24 14:39:03.870000,4.99,4.98,4.99,2877500.0
2018-01-24 14:39:08.039000,4.99,4.98,4.99,2877500.0
2018-01-24 14:39:11.642000,4.99,4.98,4.99,2877500.0
2018-01-24 14:39:15.110000,4.99,4.98,4.99,2877500.0
2018-01-24 14:39:18.510000,4.99,4.98,4.99,2877500.0
2018-01-24 14:39:21.600000,4.99,4.98,4.99,2877500.0
2018-01-24 14:39:25.021000,4.99,4.98,4.99,2877500.0
2018-01-24 14:39:28.190000,4.99,4.98,4.99,2877500.0
