time,price,bid,ask,volume
2018-01-29 09:41:32.911000,33.6,33.55,33.6,3966488.0
2018-01-29 09:41:35.426000,33.6,33.55,33.6,3966488.0
2018-01-29 09:41:38.232000,33.6,33.55,33.6,3966488.0
2018-01-29 09:41:40.910000,33.6,33.55,33.6,3966488.0
2018-01-29 09:41:43.669000,33.6,33.55,33.6,3966488.0
2018-01-29 09:41:46.270000,33.6,33.55,33.6,3966488.0
2018-01-29 09:41:48.805000,33.6,33.55,33.6,3966488.0
2018-01-29 09:41:51.299000,33.6,33.55,33.6,3966488.0
2018-01-29 09:41:53.880000,33.6,33.55,33.6,3966488.0
2018-01-29 09:41:56.742000,33.6,33.55,33.6,3966488.0
2018-01-29 09:41:59.408000,33.6,33.55,33.6,3966488.0
2018-01-29 09:42:02.037000,33.6,33.55,33.6,3966488.0
2018-01-29 09:42:04.551000,33.6,33.55,33.6,3966488.0
2018-01-29 09:42:07.391000,33.6,33.55,33.6,3966488.0
2018-01-29 09:42:10.051000,33.6,33.55,33.6,3966488.0
2018-01-29 09:42:12.859000,33.6,33.55,33.6,3966488.0
2018-01-29 09:42:15.236000,33.6,33.55,33.6,3966488.0
2018-01-29 09:42:17.643000,33.6,33.55,33.6,3966488.0
2018-01-29 09:42:19.991000,33.6,33.55,33.6,3966488.0
2018-01-29 09:42:22.581000,33.6,33.55,33.6,3966488.0
2018-01-29 09:42:25.334000,33.6,33.55,33.6,3966488.0
2018-01-29 09:42:27.921000,33.6,33.55,33.6,3966488.0
2018-01-29 09:42:30.353000,33.6,33.55,33.6,3966488.0
2018-01-29 09:42:33.411000,33.6,33.55,33.6,3966488.0
2018-01-29 09:42:36.165000,33.6,33.55,33.65,4117988.0
2018-01-29 09:42:38.875000,33.6,33.55,33.65,4117988.0
2018-01-29 09:42:41.504000,33.6,33.55,33.65,4117988.0
2018-01-29 09:42:44.110000,33.6,33.55,33.65,4117988.0
2018-01-29 09:42:47.009000,33.6,33.55,33.65,4117988.0
2018-01-29 09:42:49.506000,33.6,33.55,33.65,4117988.0
2018-01-29 09:42:52.133000,33.6,33.55,33.65,4117988.0
2018-01-29 09:42:54.705000,33.6,33.55,33.65,4117988.0
2018-01-29 09:42:57.313000,33.6,33.55,33.65,4117988.0
2018-01-29 09:43:00.075000,33.6,33.55,33.65,4117988.0
2018-01-29 09:43:02.546000,33.6,33.55,33.65,4117988.0
2018-01-29 09:43:05.127000,33.6,33.55,33.65,4117988.0
2018-01-29 09:43:07.596000,33.6,33.55,33.65,4117988.0
2018-01-29 09:43:10.286000,33.6,33.55,33.65,4117988.0
2018-01-29 09:43:12.782000,33.6,33.55,33.65,4117988.0
2018-01-29 09:43:15.395000,33.6,33.55,33.6,4342488.0
2018-01-29 09:43:18.456000,33.6,33.55,33.6,4342488.0
2018-01-29 09:43:20.865000,33.6,33.55,33.6,4342488.0
2018-01-29 09:43:23.282000,33.6,33.55,33.6,4342488.0
2018-01-29 09:43:25.823000,33.6,33.55,33.6,4342488.0
2018-01-29 09:43:28.290000,33.6,33.55,33.6,4342488.0
2018-01-29 09:43:31.015000,33.6,33.55,33.6,4342488.0
2018-01-29 09:43:33.649000,33.6,33.55,33.6,4342488.0
2018-01-29 09:43:36.410000,33.6,33.55,33.6,4342488.0
2018-01-29 09:43:41.727000,33.6,33.55,33.6,4342488.0
2018-01-29 09:43:44.535000,33.6,33.55,33.6,4342488.0
2018-01-29 09:43:46.945000,33.6,33.55,33.6,4342488.0
2018-01-29 09:43:49.583000,33.6,33.55,33.6,4342488.0
2018-01-29 09:43:51.915000,33.55,33.55,33.6,4672488.0
2018-01-29 09:43:54.252000,33.55,33.55,33.6,4672488.0
2018-01-29 09:43:56.724000,33.55,33.55,33.6,4672488.0
2018-01-29 09:43:59.143000,33.55,33.55,33.6,4672488.0
2018-01-29 09:44:01.507000,33.55,33.55,33.6,4672488.0
2018-01-29 09:44:04.253000,33.55,33.55,33.6,4672488.0
2018-01-29 09:44:06.745000,33.55,33.55,33.6,4672488.0
2018-01-29 09:44:09.322000,33.55,33.55,33.6,4672488.0
2018-01-29 09:44:11.888000,33.55,33.55,33.6,4672488.0
2018-01-29 09:44:14.156000,33.55,33.55,33.6,4672488.0
2018-01-29 09:44:16.706000,33.55,33.55,33.6,4672488.0
2018-01-29 09:44:19.301000,33.55,33.55,33.6,4672488.0
2018-01-29 09:44:21.804000,33.55,33.55,33.6,4672488.0
2018-01-29 09:44:24.317000,33.55,33.55,33.6,4672488.0
2018-01-29 09:44:26.878000,33.55,33.55,33.6,4672488.0
2018-01-29 09:44:29.364000,33.55,33.55,33.6,4672488.0
2018-01-29 09:44:46.657000,33.55,33.55,33.6,4672488.0
2018-01-29 09:44:49.129000,33.55,33.55,33.6,4672488.0
2018-01-29 09:44:51.649000,33.55,33.55,33.6,4672488.0
2018-01-29 09:44:54.473000,33.55,33.55,33.6,4672488.0
2018-01-29 09:44:57.180000,33.55,33.55,33.6,4672488.0
2018-01-29 09:44:59.615000,33.55,33.55,33.6,4686488.0
2018-01-29 09:45:02.056000,33.55,33.55,33.6,4686488.0
2018-01-29 09:45:04.612000,33.55,33.55,33.6,4686488.0
2018-01-29 09:45:06.977000,33.55,33.55,33.6,4686488.0
2018-01-29 09:45:09.555000,33.55,33.55,33.6,4686488.0
2018-01-29 09:45:12.305000,33.55,33.55,33.6,4686488.0
2018-01-29 09:45:15.008000,33.55,33.55,33.6,4686488.0
2018-01-29 09:45:17.568000,33.55,33.55,33.6,4686488.0
2018-01-29 09:45:20.477000,33.55,33.55,33.6,4686488.0
2018-01-29 09:45:22.939000,33.55,33.55,33.6,4686488.0
2018-01-29 09:45:25.415000,33.55,33.55,33.6,4686488.0
2018-01-29 09:45:28.079000,33.55,33.55,33.6,4686488.0
2018-01-29 09:45:34.332000,33.55,33.55,33.6,4686488.0
2018-01-29 09:45:36.887000,33.55,33.55,33.6,4686488.0
2018-01-29 09:45:39.401000,33.55,33.55,33.6,4686488.0
2018-01-29 09:45:41.701000,33.55,33.55,33.6,4686488.0
2018-01-29 09:45:44.245000,33.55,33.55,33.6,4686488.0
2018-01-29 09:45:46.403000,33.55,33.55,33.6,4686488.0
2018-01-29 09:45:49.018000,33.55,33.55,33.6,4686488.0
2018-01-29 09:45:55.243000,,,,
2018-01-29 09:45:57.846000,33.55,33.55,33.6,4686488.0
2018-01-29 09:46:00.225000,33.55,33.55,33.6,4686488.0
2018-01-29 09:46:02.925000,33.55,33.55,33.6,4686488.0
2018-01-29 09:46:05.343000,33.55,33.55,33.6,4686488.0
2018-01-29 09:46:07.986000,33.55,33.55,33.6,4686488.0
2018-01-29 09:46:13.034000,33.55,33.55,33.6,4686488.0
2018-01-29 09:46:15.674000,33.55,33.55,33.6,4686488.0
2018-01-29 09:46:18.364000,33.55,33.55,33.6,4686488.0
2018-01-29 09:46:21.044000,33.55,33.55,33.6,4686488.0
2018-01-29 09:46:23.825000,33.55,33.55,33.6,4686488.0
2018-01-29 09:46:26.444000,33.55,33.55,33.6,4686488.0
2018-01-29 09:46:28.956000,33.55,33.55,33.6,4686488.0
2018-01-29 09:46:31.576000,33.55,33.55,33.6,4686488.0
2018-01-29 09:46:34.114000,33.55,33.55,33.6,4686488.0
2018-01-29 09:46:36.727000,33.55,33.55,33.6,4686488.0
2018-01-29 09:46:39.226000,33.55,33.55,33.6,4686488.0
2018-01-29 09:46:41.789000,33.55,33.55,33.6,4686488.0
2018-01-29 09:46:44.429000,33.55,33.55,33.6,4686488.0
2018-01-29 09:46:46.870000,33.55,33.55,33.6,4686488.0
2018-01-29 09:46:50.225000,33.55,33.55,33.6,4686488.0
2018-01-29 09:46:52.957000,33.55,33.55,33.6,4686488.0
2018-01-29 09:46:55.573000,33.6,33.55,33.6,4793488.0
2018-01-29 09:46:58.081000,33.6,33.55,33.6,4793488.0
2018-01-29 09:47:00.350000,33.6,33.55,33.6,4793488.0
2018-01-29 09:47:02.911000,33.6,33.55,33.6,4793488.0
2018-01-29 09:47:05.566000,33.6,33.55,33.6,4793488.0
2018-01-29 09:47:07.934000,33.6,33.55,33.6,4793488.0
2018-01-29 09:47:10.393000,33.6,33.55,33.6,4793488.0
2018-01-29 09:47:12.818000,33.6,33.55,33.6,4793488.0
2018-01-29 09:47:15.418000,33.6,33.55,33.6,4793488.0
2018-01-29 09:47:18.022000,33.6,33.55,33.6,4793488.0
2018-01-29 09:47:20.291000,33.6,33.55,33.6,4793488.0
2018-01-29 09:47:22.662000,33.6,33.55,33.6,4793488.0
2018-01-29 09:47:25.087000,33.6,33.55,33.6,4793488.0
2018-01-29 09:47:27.520000,33.6,33.55,33.6,4793488.0
2018-01-29 09:47:30.056000,33.6,33.55,33.6,4793488.0
2018-01-29 09:47:32.478000,33.6,33.55,33.6,4793488.0
2018-01-29 09:47:34.944000,33.6,33.55,33.6,4793488.0
2018-01-29 09:47:37.388000,33.6,33.55,33.6,4793488.0
2018-01-29 09:47:39.743000,33.6,33.55,33.6,4793488.0
2018-01-29 09:47:42.371000,33.6,33.55,33.6,4793488.0
2018-01-29 09:47:44.807000,33.6,33.55,33.6,4793488.0
2018-01-29 09:47:47.086000,33.6,33.55,33.6,4793488.0
2018-01-29 09:47:49.694000,33.55,33.55,33.6,5126988.0
2018-01-29 09:47:52.087000,33.55,33.55,33.6,5126988.0
2018-01-29 09:47:54.527000,33.55,33.55,33.6,5126988.0
2018-01-29 09:47:57.077000,33.55,33.55,33.6,5126988.0
2018-01-29 09:47:59.383000,33.55,33.55,33.6,5126988.0
2018-01-29 09:48:01.779000,33.55,33.55,33.6,5126988.0
2018-01-29 09:48:04.208000,33.55,33.55,33.6,5126988.0
2018-01-29 09:48:06.636000,33.55,33.55,33.6,5126988.0
2018-01-29 09:48:09.134000,33.55,33.55,33.6,5126988.0
2018-01-29 09:48:11.575000,33.55,33.55,33.6,5126988.0
2018-01-29 09:48:13.976000,33.55,33.55,33.6,5126988.0
2018-01-29 09:48:16.716000,33.55,33.55,33.6,5126988.0
2018-01-29 09:48:19.195000,33.55,33.55,33.6,5126988.0
2018-01-29 09:48:21.822000,33.55,33.55,33.6,5126988.0
2018-01-29 09:48:24.212000,33.55,33.55,33.6,5126988.0
2018-01-29 09:48:26.728000,33.55,33.55,33.6,5126988.0
2018-01-29 09:48:29.179000,33.55,33.55,33.6,5126988.0
2018-01-29 09:48:31.669000,33.55,33.55,33.6,5126988.0
2018-01-29 09:48:34.057000,33.55,33.55,33.6,5126988.0
2018-01-29 09:48:36.639000,33.55,33.55,33.6,5126988.0
2018-01-29 09:48:39.135000,33.55,33.55,33.6,5126988.0
2018-01-29 09:48:41.654000,33.55,33.55,33.6,5126988.0
2018-01-29 09:48:44.289000,33.55,33.55,33.6,5126988.0
2018-01-29 09:48:46.956000,33.55,33.55,33.6,5126988.0
2018-01-29 09:48:49.663000,33.55,33.55,33.6,5259252.0
2018-01-29 09:48:52.185000,33.55,33.55,33.6,5259252.0
2018-01-29 09:48:54.520000,33.55,33.55,33.6,5259252.0
2018-01-29 09:48:56.895000,33.55,33.55,33.6,5259252.0
2018-01-29 09:48:59.241000,33.55,33.55,33.6,5259252.0
2018-01-29 09:49:01.857000,33.55,33.55,33.6,5259252.0
2018-01-29 09:49:04.406000,33.55,33.55,33.6,5259252.0
2018-01-29 09:49:06.913000,33.55,33.55,33.6,5259252.0
2018-01-29 09:49:09.399000,33.55,33.55,33.6,5259252.0
2018-01-29 09:49:11.903000,33.55,33.55,33.6,5259252.0
2018-01-29 09:49:14.289000,33.55,33.55,33.6,5259252.0
2018-01-29 09:49:16.742000,33.55,33.55,33.6,5259252.0
2018-01-29 09:49:19.446000,33.55,33.55,33.6,5259252.0
2018-01-29 09:49:22.097000,33.55,33.55,33.6,5259252.0
2018-01-29 09:49:24.873000,33.55,33.55,33.6,5259252.0
2018-01-29 09:49:27.371000,33.55,33.55,33.6,5259252.0
2018-01-29 09:49:31.699000,33.55,33.55,33.6,5259252.0
2018-01-29 09:49:36.731000,33.55,33.55,33.6,5259252.0
2018-01-29 09:49:40.038000,33.55,33.55,33.6,5259252.0
2018-01-29 09:49:43.086000,33.55,33.55,33.6,5259252.0
2018-01-29 09:49:46.271000,33.55,33.55,33.6,5259252.0
2018-01-29 09:49:49.320000,33.55,33.55,33.6,5259252.0
2018-01-29 09:49:52.171000,33.55,33.55,33.6,5259252.0
2018-01-29 09:49:55.284000,33.55,33.55,33.6,5259252.0
2018-01-29 09:49:58.256000,33.55,33.55,33.6,5259252.0
2018-01-29 09:50:01.041000,33.55,33.55,33.6,5269752.0
2018-01-29 09:50:03.932000,33.55,33.55,33.6,5269752.0
2018-01-29 09:50:06.737000,33.55,33.55,33.6,5269752.0
2018-01-29 09:50:11.517000,33.55,33.55,33.6,5269752.0
2018-01-29 09:50:14.443000,33.55,33.55,33.6,5269752.0
2018-01-29 09:50:17.420000,33.55,33.55,33.6,5269752.0
2018-01-29 09:50:20.894000,33.55,33.55,33.6,5269752.0
2018-01-29 09:50:24.998000,33.55,33.55,33.6,5269752.0
2018-01-29 09:50:28.025000,33.55,33.55,33.6,5269752.0
2018-01-29 09:50:30.927000,33.55,33.55,33.6,5269752.0
2018-01-29 09:50:33.750000,33.55,33.55,33.6,5269752.0
2018-01-29 09:50:36.478000,33.55,33.55,33.6,5269752.0
2018-01-29 09:50:39.264000,33.55,33.55,33.6,5269752.0
2018-01-29 09:50:42.432000,33.55,33.55,33.6,5269752.0
2018-01-29 09:50:45.557000,33.55,33.55,33.6,5269752.0
2018-01-29 09:50:48.763000,33.55,33.55,33.6,5269752.0
2018-01-29 09:50:52.346000,33.55,33.55,33.6,5290752.0
2018-01-29 09:50:55.296000,33.55,33.55,33.6,5290752.0
2018-01-29 09:50:58.273000,33.55,33.55,33.6,5290752.0
2018-01-29 09:51:01.486000,33.55,33.55,33.6,5290752.0
2018-01-29 09:51:04.513000,33.55,33.55,33.6,5290752.0
2018-01-29 09:51:07.451000,33.55,33.55,33.6,5290752.0
2018-01-29 09:51:10.481000,33.55,33.55,33.6,5290752.0
2018-01-29 09:51:13.971000,33.55,33.55,33.6,5290752.0
2018-01-29 09:51:16.819000,33.55,33.55,33.6,5290752.0
2018-01-29 09:51:19.903000,33.55,33.55,33.6,5290752.0
2018-01-29 09:51:22.736000,33.55,33.55,33.6,5290752.0
2018-01-29 09:51:25.404000,33.55,33.55,33.6,5290752.0
2018-01-29 09:51:28.385000,33.55,33.55,33.6,5290752.0
2018-01-29 09:51:31.243000,33.55,33.55,33.6,5290752.0
2018-01-29 09:51:34.307000,33.55,33.55,33.6,5290752.0
2018-01-29 09:51:37.192000,33.55,33.55,33.6,5290752.0
2018-01-29 09:51:40.067000,33.55,33.55,33.6,5290752.0
2018-01-29 09:51:43.135000,33.55,33.55,33.6,5290752.0
2018-01-29 09:51:46.091000,33.55,33.55,33.6,5290752.0
2018-01-29 09:51:48.940000,33.55,33.55,33.6,5290752.0
2018-01-29 09:51:51.899000,33.55,33.55,33.6,5290752.0
2018-01-29 09:51:54.756000,33.55,33.55,33.6,5290752.0
2018-01-29 09:51:57.618000,33.6,33.55,33.6,5315575.0
2018-01-29 09:52:00.629000,33.6,33.55,33.6,5315575.0
2018-01-29 09:52:03.498000,33.6,33.55,33.6,5315575.0
2018-01-29 09:52:06.523000,33.6,33.55,33.6,5315575.0
2018-01-29 09:52:09.593000,33.6,33.55,33.6,5315575.0
2018-01-29 09:52:12.534000,33.6,33.55,33.6,5315575.0
2018-01-29 09:52:15.514000,33.6,33.55,33.6,5315575.0
2018-01-29 09:52:18.213000,33.6,33.55,33.6,5315575.0
2018-01-29 09:52:20.973000,33.6,33.55,33.6,5315575.0
2018-01-29 09:52:23.801000,33.6,33.55,33.6,5315575.0
2018-01-29 09:52:26.585000,33.6,33.55,33.6,5315575.0
2018-01-29 09:52:29.314000,33.6,33.55,33.6,5315575.0
2018-01-29 09:52:32.140000,33.6,33.55,33.6,5315575.0
2018-01-29 09:52:34.727000,33.6,33.55,33.6,5315575.0
2018-01-29 09:52:37.597000,33.6,33.55,33.6,5315575.0
2018-01-29 09:52:40.546000,33.6,33.55,33.6,5315575.0
2018-01-29 09:52:43.683000,33.6,33.55,33.6,5315575.0
2018-01-29 09:52:46.671000,33.6,33.55,33.6,5315575.0
2018-01-29 09:52:49.529000,33.6,33.55,33.6,5315575.0
2018-01-29 09:52:52.317000,33.6,33.55,33.6,5315575.0
2018-01-29 09:52:55.137000,33.6,33.55,33.6,5315575.0
2018-01-29 09:52:57.933000,33.6,33.55,33.6,5315575.0
2018-01-29 09:53:00.873000,33.6,33.55,33.6,5315575.0
2018-01-29 09:53:03.836000,33.6,33.55,33.6,5461075.0
2018-01-29 09:53:06.629000,33.6,33.55,33.6,5461075.0
2018-01-29 09:53:09.521000,33.6,33.55,33.6,5461075.0
2018-01-29 09:53:12.505000,33.6,33.55,33.6,5461075.0
2018-01-29 09:53:15.281000,33.6,33.55,33.6,5461075.0
2018-01-29 09:53:18.067000,33.6,33.55,33.6,5461075.0
2018-01-29 09:53:20.871000,33.6,33.55,33.6,5461075.0
2018-01-29 09:53:24.040000,33.6,33.55,33.6,5461075.0
2018-01-29 09:53:27.017000,33.6,33.55,33.6,5461075.0
2018-01-29 09:53:29.941000,33.6,33.55,33.6,5461075.0
2018-01-29 09:53:32.951000,33.6,33.55,33.6,5461075.0
2018-01-29 09:53:35.937000,33.6,33.55,33.6,5461075.0
2018-01-29 09:53:39.250000,33.6,33.55,33.6,5461075.0
2018-01-29 09:53:42.162000,33.6,33.55,33.6,5461075.0
2018-01-29 09:53:45.067000,33.6,33.55,33.6,5461075.0
2018-01-29 09:53:48.128000,33.6,33.55,33.6,5461075.0
2018-01-29 09:53:51.032000,33.6,33.55,33.6,5461075.0
2018-01-29 09:53:54.047000,33.6,33.55,33.6,5461075.0
2018-01-29 09:53:57.348000,33.6,33.55,33.6,5461075.0
2018-01-29 09:54:00.579000,33.6,33.55,33.6,5461075.0
2018-01-29 09:54:03.673000,33.6,33.55,33.6,5461075.0
2018-01-29 09:54:06.552000,33.6,33.55,33.6,5461075.0
2018-01-29 09:54:09.788000,33.6,33.55,33.6,5484881.0
2018-01-29 09:54:12.713000,33.6,33.55,33.6,5484881.0
2018-01-29 09:54:15.702000,33.6,33.55,33.6,5484881.0
2018-01-29 09:54:18.733000,33.6,33.55,33.6,5484881.0
2018-01-29 09:54:21.749000,33.6,33.55,33.6,5484881.0
2018-01-29 09:54:24.813000,33.6,33.55,33.6,5484881.0
2018-01-29 09:54:27.726000,33.6,33.55,33.6,5484881.0
2018-01-29 09:54:30.957000,33.6,33.55,33.6,5484881.0
2018-01-29 09:54:34.030000,33.6,33.55,33.6,5484881.0
2018-01-29 09:54:37.112000,33.6,33.55,33.6,5484881.0
2018-01-29 09:54:40.311000,33.6,33.55,33.6,5484881.0
2018-01-29 09:54:43.116000,33.6,33.55,33.6,5484881.0
2018-01-29 09:54:46.234000,33.6,33.55,33.6,5484881.0
2018-01-29 09:54:49.063000,33.6,33.55,33.6,5484881.0
2018-01-29 09:54:52.834000,33.6,33.55,33.6,5484881.0
2018-01-29 09:54:56.110000,33.6,33.55,33.6,5484881.0
2018-01-29 09:54:59.048000,33.6,33.55,33.6,5484881.0
2018-01-29 09:55:01.946000,33.6,33.55,33.6,5484881.0
2018-01-29 09:55:04.639000,33.6,33.55,33.6,5484881.0
2018-01-29 09:55:08.449000,33.6,33.55,33.6,5484881.0
2018-01-29 09:55:12.410000,33.6,33.55,33.6,5484881.0
2018-01-29 09:55:15.001000,33.6,33.55,33.6,5484881.0
2018-01-29 09:55:18.092000,33.6,33.6,33.65,5655105.0
2018-01-29 09:55:20.848000,33.6,33.6,33.65,5655105.0
2018-01-29 09:55:23.571000,33.6,33.6,33.65,5655105.0
2018-01-29 09:55:26.567000,33.6,33.6,33.65,5655105.0
2018-01-29 09:55:29.318000,33.6,33.6,33.65,5655105.0
2018-01-29 09:55:32.234000,33.6,33.6,33.65,5655105.0
2018-01-29 09:55:35.163000,33.6,33.6,33.65,5655105.0
2018-01-29 09:55:38.195000,33.6,33.6,33.65,5655105.0
2018-01-29 09:55:41.141000,33.6,33.6,33.65,5655105.0
2018-01-29 09:55:44.013000,33.6,33.6,33.65,5655105.0
2018-01-29 09:55:46.769000,33.6,33.6,33.65,5655105.0
2018-01-29 09:55:49.592000,33.6,33.6,33.65,5655105.0
2018-01-29 09:55:52.505000,33.6,33.6,33.65,5655105.0
2018-01-29 09:55:55.447000,33.6,33.6,33.65,5655105.0
2018-01-29 09:55:58.471000,33.6,33.6,33.65,5655105.0
2018-01-29 09:56:01.568000,33.6,33.6,33.65,5655105.0
2018-01-29 09:56:04.515000,33.6,33.6,33.65,5655105.0
2018-01-29 09:56:07.535000,33.6,33.6,33.65,5655105.0
2018-01-29 09:56:10.517000,33.6,33.6,33.65,5655105.0
2018-01-29 09:56:13.340000,33.6,33.6,33.65,5660105.0
2018-01-29 09:56:16.368000,33.6,33.6,33.65,5660105.0
2018-01-29 09:56:19.374000,33.6,33.6,33.65,5660105.0
2018-01-29 09:56:22.288000,33.6,33.6,33.65,5660105.0
2018-01-29 09:56:25.141000,33.6,33.6,33.65,5660105.0
2018-01-29 09:56:28.292000,33.6,33.6,33.65,5660105.0
2018-01-29 09:56:31.305000,33.6,33.6,33.65,5660105.0
2018-01-29 09:56:34.437000,33.6,33.6,33.65,5660105.0
2018-01-29 09:56:37.315000,33.6,33.6,33.65,5660105.0
2018-01-29 09:56:40.211000,33.6,33.6,33.65,5660105.0
2018-01-29 09:56:43.204000,33.6,33.6,33.65,5660105.0
2018-01-29 09:56:45.905000,33.6,33.6,33.65,5660105.0
2018-01-29 09:56:48.562000,33.6,33.6,33.65,5660105.0
2018-01-29 09:56:51.294000,33.6,33.6,33.65,5660105.0
2018-01-29 09:56:54.682000,33.6,33.6,33.65,5660105.0
2018-01-29 09:56:59.047000,33.6,33.6,33.65,5660105.0
2018-01-29 09:57:03.045000,33.6,33.55,33.6,5982105.0
2018-01-29 09:57:07.210000,33.6,33.55,33.6,5982105.0
2018-01-29 09:57:11.245000,33.6,33.55,33.6,5982105.0
2018-01-29 09:57:15.789000,33.6,33.55,33.6,5982105.0
2018-01-29 09:57:20.005000,33.6,33.55,33.6,5982105.0
2018-01-29 09:57:24.189000,33.6,33.55,33.6,5982105.0
2018-01-29 09:57:28.277000,33.6,33.55,33.6,5982105.0
2018-01-29 09:57:32.308000,33.6,33.55,33.6,5982105.0
2018-01-29 09:57:36.551000,33.6,33.55,33.6,5982105.0
2018-01-29 09:57:42.919000,33.6,33.55,33.6,5982105.0
2018-01-29 09:57:46.997000,33.6,33.55,33.6,5982105.0
2018-01-29 09:57:51.925000,33.6,33.55,33.6,5982105.0
2018-01-29 09:57:57.847000,33.6,33.55,33.6,5982105.0
2018-01-29 09:58:01.824000,33.6,33.55,33.6,5982105.0
2018-01-29 09:58:06.130000,33.6,33.55,33.6,5982105.0
2018-01-29 09:58:10.442000,33.6,33.55,33.6,5982105.0
2018-01-29 09:58:14.474000,33.6,33.55,33.6,5982105.0
2018-01-29 09:58:18.413000,33.6,33.55,33.6,5982105.0
2018-01-29 09:58:22.984000,33.6,33.55,33.6,5982105.0
2018-01-29 09:58:27.416000,33.6,33.55,33.6,5982105.0
2018-01-29 09:58:31.678000,33.6,33.55,33.6,5982105.0
2018-01-29 09:58:35.880000,33.55,33.55,33.6,5992105.0
2018-01-29 09:58:40.267000,33.55,33.55,33.6,5992105.0
2018-01-29 09:58:45.147000,33.55,33.55,33.6,5992105.0
2018-01-29 09:58:50.068000,33.55,33.55,33.6,5992105.0
2018-01-29 09:58:55.037000,33.55,33.55,33.6,5992105.0
2018-01-29 09:58:59.554000,33.55,33.55,33.6,5992105.0
2018-01-29 09:59:04.851000,33.55,33.55,33.6,5992105.0
2018-01-29 09:59:09.482000,33.55,33.55,33.6,5992105.0
2018-01-29 09:59:13.360000,33.55,33.55,33.6,5992105.0
2018-01-29 09:59:16.134000,33.55,33.55,33.6,5992105.0
2018-01-29 09:59:19.035000,33.55,33.55,33.6,5992105.0
2018-01-29 09:59:21.970000,33.55,33.55,33.6,5992105.0
2018-01-29 09:59:24.768000,33.55,33.55,33.6,5992105.0
2018-01-29 09:59:27.584000,33.55,33.55,33.6,5992105.0
2018-01-29 09:59:30.569000,33.55,33.55,33.6,5992105.0
2018-01-29 09:59:33.319000,33.55,33.55,33.6,5992105.0
2018-01-29 09:59:36.271000,33.6,33.55,33.65,6006105.0
2018-01-29 09:59:39.144000,33.6,33.55,33.65,6006105.0
2018-01-29 09:59:41.838000,33.6,33.55,33.65,6006105.0
2018-01-29 09:59:44.624000,33.6,33.55,33.65,6006105.0
2018-01-29 09:59:47.775000,33.6,33.55,33.65,6006105.0
2018-01-29 09:59:50.506000,33.6,33.55,33.65,6006105.0
2018-01-29 09:59:53.428000,33.6,33.55,33.65,6006105.0
2018-01-29 09:59:56.315000,33.6,33.55,33.65,6006105.0
2018-01-29 09:59:59.083000,33.6,33.55,33.65,6006105.0
2018-01-29 10:00:02.039000,33.6,33.55,33.65,6006105.0
2018-01-29 10:00:04.880000,33.6,33.55,33.65,6006105.0
2018-01-29 10:00:07.910000,33.6,33.55,33.65,6006105.0
2018-01-29 10:00:10.790000,33.6,33.55,33.65,6006105.0
2018-01-29 10:00:13.647000,33.6,33.55,33.65,6006105.0
2018-01-29 10:00:16.464000,33.6,33.55,33.65,6006105.0
2018-01-29 10:00:19.209000,33.6,33.55,33.65,6006105.0
2018-01-29 10:00:22.012000,33.6,33.55,33.65,6006105.0
2018-01-29 10:00:24.913000,33.6,33.55,33.65,6006105.0
2018-01-29 10:00:27.921000,33.6,33.55,33.65,6006105.0
2018-01-29 10:00:31.276000,33.6,33.55,33.65,6316605.0
2018-01-29 10:00:34.021000,33.6,33.55,33.65,6316605.0
2018-01-29 10:00:36.957000,33.6,33.55,33.65,6316605.0
2018-01-29 10:00:40.090000,33.6,33.55,33.65,6316605.0
2018-01-29 10:00:43.296000,33.6,33.55,33.65,6316605.0
2018-01-29 10:00:46.183000,33.6,33.55,33.65,6316605.0
2018-01-29 10:00:48.972000,33.6,33.55,33.65,6316605.0
2018-01-29 10:00:51.894000,33.6,33.55,33.65,6316605.0
2018-01-29 10:00:55.317000,33.6,33.55,33.65,6316605.0
2018-01-29 10:00:59.191000,33.6,33.55,33.65,6316605.0
2018-01-29 10:01:02.132000,33.6,33.55,33.65,6316605.0
2018-01-29 10:01:05.133000,33.6,33.55,33.65,6316605.0
2018-01-29 10:01:08.564000,33.6,33.55,33.65,6316605.0
2018-01-29 10:01:11.274000,33.6,33.55,33.65,6316605.0
2018-01-29 10:01:14.035000,33.6,33.55,33.65,6316605.0
2018-01-29 10:01:16.929000,33.6,33.55,33.6,6334105.0
2018-01-29 10:01:19.571000,33.6,33.55,33.6,6334105.0
2018-01-29 10:01:22.531000,33.6,33.55,33.6,6334105.0
2018-01-29 10:01:25.379000,33.6,33.55,33.6,6334105.0
2018-01-29 10:01:28.472000,33.6,33.55,33.6,6334105.0
2018-01-29 10:01:31.062000,33.6,33.55,33.6,6334105.0
2018-01-29 10:01:33.851000,33.6,33.55,33.6,6334105.0
2018-01-29 10:01:36.660000,33.6,33.55,33.6,6334105.0
2018-01-29 10:01:39.442000,33.6,33.55,33.6,6334105.0
2018-01-29 10:01:42.524000,33.6,33.55,33.6,6334105.0
2018-01-29 10:01:45.526000,33.6,33.55,33.6,6334105.0
2018-01-29 10:01:48.447000,33.6,33.55,33.6,6334105.0
2018-01-29 10:01:51.528000,33.6,33.55,33.6,6334105.0
2018-01-29 10:01:54.224000,33.6,33.55,33.6,6334105.0
2018-01-29 10:01:57.259000,33.6,33.55,33.6,6334105.0
2018-01-29 10:02:00.104000,33.6,33.55,33.6,6334105.0
2018-01-29 10:02:02.869000,33.6,33.55,33.6,6334105.0
2018-01-29 10:02:05.730000,33.6,33.55,33.6,6334105.0
2018-01-29 10:02:08.746000,33.6,33.55,33.6,6334105.0
2018-01-29 10:02:11.619000,33.6,33.55,33.6,6334105.0
2018-01-29 10:02:14.510000,33.6,33.55,33.6,6334105.0
2018-01-29 10:02:17.425000,33.6,33.55,33.6,6334105.0
2018-01-29 10:02:20.204000,33.6,33.55,33.6,6334105.0
2018-01-29 10:02:23.116000,33.6,33.55,33.6,6334105.0
2018-01-29 10:02:25.852000,33.6,33.55,33.6,6334105.0
2018-01-29 10:02:29.138000,33.6,33.55,33.6,6334105.0
2018-01-29 10:02:31.969000,33.6,33.55,33.6,6364701.0
2018-01-29 10:02:34.730000,33.6,33.55,33.6,6364701.0
2018-01-29 10:02:37.665000,33.6,33.55,33.6,6364701.0
2018-01-29 10:02:40.544000,33.6,33.55,33.6,6364701.0
2018-01-29 10:02:43.416000,33.6,33.55,33.6,6364701.0
2018-01-29 10:02:46.366000,33.6,33.55,33.6,6364701.0
2018-01-29 10:02:49.147000,33.6,33.55,33.6,6364701.0
2018-01-29 10:02:52.089000,33.6,33.55,33.6,6364701.0
2018-01-29 10:02:55.085000,33.6,33.55,33.6,6364701.0
2018-01-29 10:02:57.830000,33.6,33.55,33.6,6364701.0
2018-01-29 10:03:01.186000,33.6,33.55,33.6,6364701.0
2018-01-29 10:03:04.068000,33.6,33.55,33.6,6364701.0
2018-01-29 10:03:06.858000,33.6,33.55,33.6,6364701.0
2018-01-29 10:03:09.714000,33.6,33.55,33.6,6364701.0
2018-01-29 10:03:12.713000,33.6,33.55,33.6,6364701.0
2018-01-29 10:03:15.653000,33.6,33.55,33.6,6364701.0
2018-01-29 10:03:18.795000,33.6,33.55,33.6,6364701.0
2018-01-29 10:03:21.621000,33.6,33.55,33.6,6364701.0
2018-01-29 10:03:24.538000,33.6,33.55,33.6,6364701.0
2018-01-29 10:03:27.389000,33.55,33.55,33.6,6424201.0
2018-01-29 10:03:30.230000,33.55,33.55,33.6,6424201.0
2018-01-29 10:03:33.114000,33.55,33.55,33.6,6424201.0
2018-01-29 10:03:35.996000,33.55,33.55,33.6,6424201.0
2018-01-29 10:03:38.969000,33.55,33.55,33.6,6424201.0
2018-01-29 10:03:41.741000,33.55,33.55,33.6,6424201.0
2018-01-29 10:03:44.258000,33.55,33.55,33.6,6424201.0
2018-01-29 10:03:46.883000,33.55,33.55,33.6,6424201.0
2018-01-29 10:03:49.657000,33.55,33.55,33.6,6424201.0
2018-01-29 10:03:52.390000,33.55,33.55,33.6,6424201.0
2018-01-29 10:03:54.927000,33.55,33.55,33.6,6424201.0
2018-01-29 10:03:57.479000,33.55,33.55,33.6,6424201.0
2018-01-29 10:04:00.236000,33.55,33.55,33.6,6424201.0
2018-01-29 10:04:02.937000,33.55,33.55,33.6,6424201.0
2018-01-29 10:04:05.505000,33.55,33.55,33.6,6424201.0
2018-01-29 10:04:08.112000,33.55,33.55,33.6,6424201.0
2018-01-29 10:04:10.947000,33.55,33.55,33.6,6424201.0
2018-01-29 10:04:13.470000,33.55,33.55,33.6,6424201.0
2018-01-29 10:04:16.154000,33.55,33.55,33.6,6424201.0
2018-01-29 10:04:20.134000,33.55,33.55,33.6,6424201.0
2018-01-29 10:04:23.952000,33.55,33.55,33.6,6424201.0
2018-01-29 10:04:28.176000,33.6,33.55,33.6,6429701.0
2018-01-29 10:04:32.640000,33.6,33.55,33.6,6429701.0
2018-01-29 10:04:36.656000,33.6,33.55,33.6,6429701.0
2018-01-29 10:04:41.259000,33.6,33.55,33.6,6429701.0
2018-01-29 10:04:45.593000,33.6,33.55,33.6,6429701.0
2018-01-29 10:04:49.384000,33.6,33.55,33.6,6429701.0
2018-01-29 10:04:54.026000,33.6,33.55,33.6,6429701.0
2018-01-29 10:04:57.939000,33.6,33.55,33.6,6429701.0
2018-01-29 10:05:01.978000,33.6,33.55,33.6,6429701.0
2018-01-29 10:05:06.610000,33.6,33.55,33.6,6429701.0
2018-01-29 10:05:10.988000,33.6,33.55,33.6,6429701.0
2018-01-29 10:05:15.778000,33.6,33.55,33.6,6429701.0
2018-01-29 10:05:19.932000,33.6,33.55,33.6,6429701.0
2018-01-29 10:05:23.807000,33.6,33.55,33.6,6429701.0
2018-01-29 10:05:28.392000,33.6,33.55,33.6,6429701.0
2018-01-29 10:05:33.218000,33.6,33.55,33.6,6429701.0
2018-01-29 10:05:37.100000,33.6,33.55,33.6,6429701.0
2018-01-29 10:05:41.106000,33.6,33.55,33.6,6442201.0
2018-01-29 10:05:45.114000,33.6,33.55,33.6,6442201.0
2018-01-29 10:05:48.986000,33.6,33.55,33.6,6442201.0
2018-01-29 10:05:53.316000,33.6,33.55,33.6,6442201.0
2018-01-29 10:05:57.951000,33.6,33.55,33.6,6442201.0
2018-01-29 10:06:01.954000,33.6,33.55,33.6,6442201.0
2018-01-29 10:06:06.605000,33.6,33.55,33.6,6442201.0
2018-01-29 10:06:11.475000,33.6,33.55,33.6,6442201.0
2018-01-29 10:06:15.601000,33.6,33.55,33.6,6442201.0
2018-01-29 10:06:19.804000,33.6,33.55,33.6,6442201.0
2018-01-29 10:06:24.637000,33.6,33.55,33.6,6442201.0
2018-01-29 10:06:28.894000,33.6,33.55,33.6,6442201.0
2018-01-29 10:06:34.263000,33.6,33.55,33.6,6442201.0
2018-01-29 10:06:38.774000,33.6,33.55,33.6,6442201.0
2018-01-29 10:06:42.971000,33.6,33.55,33.6,6442201.0
2018-01-29 10:06:47.331000,33.6,33.55,33.6,6442201.0
2018-01-29 10:06:51.156000,33.55,33.55,33.6,6465402.0
2018-01-29 10:06:55.622000,33.55,33.55,33.6,6465402.0
2018-01-29 10:07:00.141000,33.55,33.55,33.6,6465402.0
2018-01-29 10:07:04.043000,33.55,33.55,33.6,6465402.0
2018-01-29 10:07:08.275000,33.55,33.55,33.6,6465402.0
2018-01-29 10:07:12.744000,33.55,33.55,33.6,6465402.0
2018-01-29 10:07:17.422000,33.55,33.55,33.6,6465402.0
2018-01-29 10:07:21.667000,33.55,33.55,33.6,6465402.0
2018-01-29 10:07:26.108000,33.55,33.55,33.6,6465402.0
2018-01-29 10:07:29.795000,33.55,33.55,33.6,6465402.0
2018-01-29 10:07:34.035000,33.55,33.55,33.6,6465402.0
2018-01-29 10:07:38.314000,33.55,33.55,33.6,6465402.0
2018-01-29 10:07:41.941000,33.55,33.55,33.6,6465402.0
2018-01-29 10:07:45.099000,33.55,33.55,33.6,6465402.0
2018-01-29 10:07:48.040000,33.55,33.55,33.6,6465402.0
2018-01-29 10:07:51.146000,33.55,33.55,33.6,6465402.0
2018-01-29 10:07:53.916000,33.55,33.55,33.6,6465402.0
2018-01-29 10:07:56.863000,33.55,33.55,33.6,6470844.0
2018-01-29 10:07:59.640000,33.55,33.55,33.6,6470844.0
2018-01-29 10:08:02.690000,33.55,33.55,33.6,6470844.0
2018-01-29 10:08:05.618000,33.55,33.55,33.6,6470844.0
2018-01-29 10:08:08.486000,33.55,33.55,33.6,6470844.0
2018-01-29 10:08:11.506000,33.55,33.55,33.6,6470844.0
2018-01-29 10:08:14.345000,33.55,33.55,33.6,6470844.0
2018-01-29 10:08:17.180000,33.55,33.55,33.6,6470844.0
2018-01-29 10:08:20.185000,33.55,33.55,33.6,6470844.0
2018-01-29 10:08:24.211000,33.55,33.55,33.6,6470844.0
2018-01-29 10:08:28.334000,33.55,33.55,33.6,6470844.0
2018-01-29 10:08:32.629000,33.55,33.55,33.6,6470844.0
2018-01-29 10:08:36.909000,33.55,33.55,33.6,6470844.0
2018-01-29 10:08:41.077000,33.55,33.55,33.6,6470844.0
2018-01-29 10:08:46.067000,33.55,33.55,33.6,6470844.0
2018-01-29 10:08:50.503000,33.55,33.55,33.6,6470844.0
2018-01-29 10:08:55.499000,33.55,33.55,33.6,6470844.0
2018-01-29 10:09:00.125000,33.55,33.55,33.6,6470844.0
2018-01-29 10:09:04.670000,33.55,33.55,33.6,6470844.0
2018-01-29 10:09:09.064000,33.55,33.55,33.6,6470844.0
2018-01-29 10:09:13.368000,33.55,33.55,33.6,6470844.0
2018-01-29 10:09:17.891000,33.55,33.55,33.6,6470844.0
2018-01-29 10:09:20.829000,33.55,33.55,33.6,6470844.0
2018-01-29 10:09:23.792000,33.55,33.55,33.6,6470844.0
2018-01-29 10:09:27.003000,33.55,33.55,33.6,6470844.0
2018-01-29 10:09:29.904000,33.55,33.55,33.6,6470844.0
2018-01-29 10:09:32.725000,33.55,33.55,33.6,6470844.0
2018-01-29 10:09:35.828000,33.55,33.55,33.6,6472344.0
2018-01-29 10:09:38.956000,33.55,33.55,33.6,6472344.0
2018-01-29 10:09:42.064000,33.55,33.55,33.6,6472344.0
2018-01-29 10:09:44.921000,33.55,33.5,33.55,6806844.0
2018-01-29 10:09:47.964000,33.55,33.5,33.55,6806844.0
2018-01-29 10:09:51.010000,33.55,33.5,33.55,6806844.0
2018-01-29 10:09:53.920000,33.55,33.5,33.55,6806844.0
2018-01-29 10:09:56.859000,33.55,33.5,33.55,6806844.0
2018-01-29 10:09:59.842000,33.55,33.5,33.55,6806844.0
2018-01-29 10:10:02.691000,33.55,33.5,33.55,6806844.0
2018-01-29 10:10:05.722000,33.55,33.5,33.55,6806844.0
2018-01-29 10:10:08.897000,33.55,33.5,33.55,6806844.0
2018-01-29 10:10:11.883000,33.55,33.5,33.55,6806844.0
2018-01-29 10:10:14.937000,33.55,33.5,33.55,6806844.0
2018-01-29 10:10:17.926000,33.55,33.5,33.55,6806844.0
2018-01-29 10:10:20.864000,33.55,33.5,33.55,6806844.0
2018-01-29 10:10:23.936000,33.55,33.5,33.55,6806844.0
2018-01-29 10:10:26.994000,33.55,33.5,33.55,6806844.0
2018-01-29 10:10:29.952000,33.55,33.5,33.55,6806844.0
2018-01-29 10:10:33.208000,33.55,33.5,33.55,7013344.0
2018-01-29 10:10:36.207000,33.55,33.5,33.55,7013344.0
2018-01-29 10:10:39.211000,33.55,33.5,33.55,7013344.0
2018-01-29 10:10:42.305000,33.55,33.5,33.55,7013344.0
2018-01-29 10:10:45.328000,33.55,33.5,33.55,7013344.0
2018-01-29 10:10:48.301000,33.55,33.5,33.55,7013344.0
2018-01-29 10:10:51.150000,33.55,33.5,33.55,7013344.0
2018-01-29 10:10:54.227000,33.55,33.5,33.55,7013344.0
2018-01-29 10:10:57.067000,33.55,33.5,33.55,7013344.0
2018-01-29 10:10:59.859000,33.55,33.5,33.55,7013344.0
2018-01-29 10:11:02.695000,33.55,33.5,33.55,7013344.0
2018-01-29 10:11:05.628000,33.55,33.5,33.55,7013344.0
2018-01-29 10:11:08.901000,33.55,33.5,33.55,7013344.0
2018-01-29 10:11:11.790000,33.55,33.55,33.6,7277844.0
2018-01-29 10:11:14.924000,33.55,33.55,33.6,7277844.0
2018-01-29 10:11:18.192000,33.55,33.55,33.6,7277844.0
2018-01-29 10:11:21.083000,33.55,33.55,33.6,7277844.0
2018-01-29 10:11:24.116000,33.55,33.55,33.6,7277844.0
2018-01-29 10:11:27.052000,33.55,33.55,33.6,7277844.0
2018-01-29 10:11:29.758000,33.55,33.55,33.6,7277844.0
2018-01-29 10:11:32.661000,33.55,33.55,33.6,7277844.0
2018-01-29 10:11:35.647000,33.55,33.55,33.6,7277844.0
2018-01-29 10:11:38.537000,33.55,33.55,33.6,7277844.0
2018-01-29 10:11:41.491000,33.55,33.55,33.6,7277844.0
2018-01-29 10:11:44.594000,33.55,33.55,33.6,7277844.0
2018-01-29 10:11:47.600000,33.55,33.5,33.55,7774844.0
2018-01-29 10:11:50.568000,33.55,33.5,33.55,7774844.0
2018-01-29 10:11:53.428000,33.55,33.5,33.55,7774844.0
2018-01-29 10:11:56.443000,33.55,33.5,33.55,7774844.0
2018-01-29 10:11:59.298000,33.55,33.5,33.55,7774844.0
2018-01-29 10:12:02.351000,33.55,33.5,33.55,7774844.0
2018-01-29 10:12:05.412000,33.55,33.5,33.55,7774844.0
2018-01-29 10:12:08.475000,33.55,33.5,33.55,7774844.0
2018-01-29 10:12:11.207000,33.55,33.5,33.55,7774844.0
2018-01-29 10:12:14.069000,33.55,33.5,33.55,7774844.0
2018-01-29 10:12:17.054000,33.55,33.5,33.55,7774844.0
2018-01-29 10:12:19.986000,33.55,33.5,33.55,7942844.0
2018-01-29 10:12:23.057000,33.55,33.5,33.55,7942844.0
2018-01-29 10:12:26.108000,33.55,33.5,33.55,7942844.0
2018-01-29 10:12:29.227000,33.55,33.5,33.55,7942844.0
2018-01-29 10:12:32.397000,33.55,33.5,33.55,7942844.0
2018-01-29 10:12:35.300000,33.55,33.5,33.55,7942844.0
2018-01-29 10:12:38.228000,33.55,33.5,33.55,7942844.0
2018-01-29 10:12:41.321000,33.55,33.5,33.55,7942844.0
2018-01-29 10:12:44.430000,33.55,33.5,33.55,7942844.0
2018-01-29 10:12:47.433000,33.55,33.5,33.55,7942844.0
2018-01-29 10:12:50.414000,33.55,33.5,33.55,7942844.0
2018-01-29 10:12:53.391000,33.55,33.5,33.55,7942844.0
2018-01-29 10:12:56.302000,33.55,33.5,33.55,7942844.0
2018-01-29 10:12:59.129000,33.55,33.5,33.55,7942844.0
2018-01-29 10:13:02.445000,33.55,33.5,33.55,7942844.0
2018-01-29 10:13:05.299000,33.55,33.5,33.55,7942844.0
2018-01-29 10:13:08.277000,33.55,33.5,33.55,7942844.0
2018-01-29 10:13:11.066000,33.55,33.5,33.55,7942844.0
2018-01-29 10:13:13.949000,33.55,33.5,33.55,7942844.0
2018-01-29 10:13:16.607000,33.55,33.5,33.55,7942844.0
2018-01-29 10:13:19.246000,33.55,33.5,33.55,7942844.0
2018-01-29 10:13:21.961000,33.55,33.5,33.55,7942844.0
2018-01-29 10:13:24.605000,33.55,33.5,33.55,7942844.0
2018-01-29 10:13:27.220000,33.55,33.5,33.55,7942844.0
2018-01-29 10:13:29.803000,33.55,33.5,33.55,7942844.0
2018-01-29 10:13:32.463000,33.55,33.5,33.55,7942844.0
2018-01-29 10:13:35.052000,33.55,33.5,33.55,7942844.0
2018-01-29 10:13:37.824000,33.55,33.5,33.55,7942844.0
2018-01-29 10:13:40.573000,33.55,33.5,33.55,7942844.0
2018-01-29 10:13:44.138000,33.55,33.5,33.55,7942844.0
2018-01-29 10:13:46.876000,33.55,33.5,33.55,7942844.0
2018-01-29 10:13:50.512000,33.55,33.5,33.55,7942844.0
2018-01-29 10:13:54.602000,33.55,33.5,33.55,7942844.0
2018-01-29 10:13:58.664000,33.55,33.5,33.55,7942844.0
2018-01-29 10:14:02.975000,33.55,33.5,33.55,7942844.0
2018-01-29 10:14:07.138000,33.55,33.5,33.55,7942844.0
2018-01-29 10:14:11.129000,33.55,33.5,33.55,7942844.0
2018-01-29 10:14:15.933000,33.55,33.5,33.55,7942844.0
2018-01-29 10:14:20.301000,33.55,33.5,33.55,7942844.0
2018-01-29 10:14:24.927000,33.55,33.5,33.55,7942844.0
2018-01-29 10:14:28.805000,33.55,33.5,33.55,7942844.0
2018-01-29 10:14:32.998000,33.55,33.5,33.55,7942844.0
2018-01-29 10:14:37.118000,33.55,33.5,33.55,7942844.0
2018-01-29 10:14:41.090000,33.55,33.5,33.55,7942844.0
2018-01-29 10:14:45.146000,33.55,33.55,33.6,7950344.0
2018-01-29 10:14:49.008000,33.55,33.55,33.6,7950344.0
2018-01-29 10:14:53.231000,33.55,33.55,33.6,7950344.0
2018-01-29 10:14:57.406000,33.55,33.55,33.6,7950344.0
2018-01-29 10:15:01.649000,33.55,33.55,33.6,7950344.0
2018-01-29 10:15:05.978000,33.55,33.55,33.6,7950344.0
2018-01-29 10:15:10.663000,33.55,33.55,33.6,7950344.0
2018-01-29 10:15:14.875000,33.55,33.55,33.6,7950344.0
2018-01-29 10:15:19.056000,33.55,33.55,33.6,7950344.0
2018-01-29 10:15:23.416000,33.55,33.55,33.6,7950344.0
2018-01-29 10:15:27.655000,33.55,33.55,33.6,7950344.0
2018-01-29 10:15:31.811000,33.55,33.55,33.6,7950344.0
2018-01-29 10:15:35.933000,33.55,33.55,33.6,7950344.0
2018-01-29 10:15:39.970000,33.55,33.55,33.6,7950344.0
2018-01-29 10:15:44.604000,33.55,33.55,33.6,7950344.0
2018-01-29 10:15:49.121000,33.55,33.55,33.6,7950344.0
2018-01-29 10:15:53.377000,33.55,33.55,33.6,7950344.0
2018-01-29 10:15:57.901000,33.55,33.55,33.6,8028344.0
2018-01-29 10:16:02.487000,33.55,33.55,33.6,8028344.0
2018-01-29 10:16:06.492000,33.55,33.55,33.6,8028344.0
2018-01-29 10:16:11.432000,33.6,33.55,33.65,8351344.0
2018-01-29 10:16:15.564000,33.6,33.55,33.65,8351344.0
2018-01-29 10:16:20.059000,33.6,33.55,33.65,8351344.0
2018-01-29 10:16:24.471000,33.6,33.55,33.65,8351344.0
2018-01-29 10:16:28.566000,33.6,33.55,33.65,8351344.0
2018-01-29 10:16:32.605000,33.6,33.55,33.65,8351344.0
2018-01-29 10:16:36.780000,33.6,33.55,33.65,8351344.0
2018-01-29 10:16:40.980000,33.6,33.55,33.65,8351344.0
2018-01-29 10:16:44.609000,33.6,33.55,33.65,8351344.0
2018-01-29 10:16:48.850000,33.6,33.55,33.65,8351344.0
2018-01-29 10:16:52.728000,33.6,33.55,33.65,8351344.0
2018-01-29 10:16:56.768000,33.6,33.55,33.65,8351344.0
2018-01-29 10:17:01.011000,33.6,33.55,33.65,8351344.0
2018-01-29 10:17:05.146000,33.6,33.55,33.65,8351344.0
2018-01-29 10:17:09.599000,33.6,33.55,33.65,8351344.0
2018-01-29 10:17:13.845000,33.6,33.55,33.65,8351344.0
2018-01-29 10:17:16.782000,33.6,33.55,33.65,8351344.0
2018-01-29 10:17:19.754000,33.6,33.55,33.65,8351344.0
2018-01-29 10:17:22.517000,33.6,33.55,33.65,8351344.0
2018-01-29 10:17:25.445000,33.6,33.55,33.65,8351344.0
2018-01-29 10:17:28.231000,33.6,33.55,33.65,8351344.0
2018-01-29 10:17:31.763000,33.6,33.55,33.65,8351344.0
2018-01-29 10:17:35.877000,33.6,33.55,33.65,8351344.0
2018-01-29 10:17:39.814000,33.6,33.55,33.65,8351344.0
2018-01-29 10:17:44.069000,33.6,33.55,33.65,8351344.0
2018-01-29 10:17:48.154000,33.6,33.55,33.65,8351344.0
2018-01-29 10:17:52.203000,33.6,33.55,33.65,8351344.0
2018-01-29 10:17:56.560000,33.6,33.55,33.65,8351344.0
2018-01-29 10:18:01.076000,33.6,33.55,33.6,8382704.0
2018-01-29 10:18:05.625000,33.6,33.55,33.6,8382704.0
2018-01-29 10:18:09.695000,33.6,33.55,33.6,8382704.0
2018-01-29 10:18:13.751000,33.6,33.55,33.6,8382704.0
2018-01-29 10:18:18.077000,33.6,33.55,33.6,8382704.0
2018-01-29 10:18:22.064000,33.6,33.55,33.6,8382704.0
2018-01-29 10:18:26.197000,33.6,33.55,33.6,8382704.0
2018-01-29 10:18:30.184000,33.6,33.55,33.6,8382704.0
2018-01-29 10:18:34.011000,33.6,33.55,33.6,8382704.0
2018-01-29 10:18:38.684000,33.6,33.55,33.6,8382704.0
2018-01-29 10:18:42.673000,33.6,33.55,33.6,8382704.0
2018-01-29 10:18:47.137000,33.6,33.55,33.6,8382704.0
2018-01-29 10:18:51.245000,33.6,33.55,33.6,8382704.0
2018-01-29 10:18:55.281000,33.6,33.55,33.6,8382704.0
2018-01-29 10:18:59.176000,33.6,33.55,33.6,8382704.0
2018-01-29 10:19:03.389000,33.6,33.55,33.6,8382704.0
2018-01-29 10:19:07.574000,33.6,33.55,33.6,8382704.0
2018-01-29 10:19:11.483000,33.6,33.55,33.6,8382704.0
2018-01-29 10:19:15.714000,33.6,33.55,33.6,8382704.0
2018-01-29 10:19:19.869000,33.6,33.55,33.6,8382704.0
2018-01-29 10:19:24.264000,33.55,33.55,33.6,8387204.0
2018-01-29 10:19:28.494000,33.55,33.55,33.6,8387204.0
2018-01-29 10:19:32.735000,33.55,33.55,33.6,8387204.0
2018-01-29 10:19:36.598000,33.55,33.55,33.6,8387204.0
2018-01-29 10:19:41.120000,33.55,33.55,33.6,8387204.0
2018-01-29 10:19:45.777000,33.55,33.55,33.6,8387204.0
2018-01-29 10:19:49.885000,33.55,33.55,33.6,8387204.0
2018-01-29 10:19:54.259000,33.55,33.55,33.6,8387204.0
2018-01-29 10:19:58.889000,33.55,33.55,33.6,8387204.0
2018-01-29 10:20:03.393000,33.55,33.55,33.6,8387204.0
2018-01-29 10:20:07.755000,33.55,33.55,33.6,8387204.0
2018-01-29 10:20:12.253000,33.55,33.55,33.6,8387204.0
2018-01-29 10:20:16.328000,33.55,33.55,33.6,8387204.0
2018-01-29 10:20:21.432000,33.55,33.55,33.6,8387204.0
2018-01-29 10:20:25.529000,33.55,33.55,33.6,8387204.0
2018-01-29 10:20:30.231000,33.55,33.55,33.6,8387204.0
2018-01-29 10:20:34.897000,33.55,33.55,33.6,8387204.0
2018-01-29 10:20:39.094000,33.55,33.55,33.6,8387204.0
2018-01-29 10:20:43.443000,33.55,33.55,33.6,8387204.0
2018-01-29 10:20:48.861000,33.55,33.55,33.6,8387204.0
2018-01-29 10:20:53.531000,33.55,33.55,33.6,8387204.0
2018-01-29 10:20:57.786000,33.55,33.55,33.6,8387204.0
2018-01-29 10:21:01.732000,33.55,33.55,33.6,8387204.0
2018-01-29 10:21:05.606000,33.55,33.55,33.6,8387204.0
2018-01-29 10:21:08.719000,33.6,33.55,33.6,8392204.0
2018-01-29 10:21:11.709000,33.6,33.55,33.6,8392204.0
2018-01-29 10:21:14.603000,33.6,33.55,33.6,8392204.0
2018-01-29 10:21:17.643000,33.6,33.55,33.6,8392204.0
2018-01-29 10:21:21.989000,33.6,33.55,33.6,8392204.0
2018-01-29 10:21:26.089000,33.6,33.55,33.6,8392204.0
2018-01-29 10:21:30.623000,33.6,33.55,33.6,8392204.0
2018-01-29 10:21:34.825000,33.6,33.55,33.6,8392204.0
2018-01-29 10:21:38.893000,33.6,33.55,33.6,8392204.0
2018-01-29 10:21:43.111000,33.6,33.55,33.6,8392204.0
2018-01-29 10:21:47.402000,33.6,33.55,33.6,8392204.0
2018-01-29 10:21:52.685000,33.55,33.55,33.6,8915204.0
2018-01-29 10:21:56.675000,33.55,33.55,33.6,8915204.0
2018-01-29 10:22:00.794000,33.55,33.55,33.6,9657204.0
2018-01-29 10:22:04.646000,33.55,33.55,33.6,9657204.0
2018-01-29 10:22:08.937000,33.55,33.55,33.6,10997204.0
2018-01-29 10:22:13.428000,33.55,33.55,33.6,10997204.0
2018-01-29 10:22:17.997000,33.55,33.55,33.6,10997204.0
2018-01-29 10:22:21.859000,33.55,33.55,33.6,10997204.0
2018-01-29 10:22:26.029000,33.55,33.55,33.6,10997204.0
2018-01-29 10:22:29.893000,33.55,33.55,33.6,10997204.0
2018-01-29 10:22:34.095000,33.55,33.55,33.6,10997204.0
2018-01-29 10:22:38.232000,33.55,33.55,33.6,11997204.0
2018-01-29 10:22:42.521000,33.55,33.55,33.6,11997204.0
2018-01-29 10:22:46.739000,33.55,33.55,33.6,11997204.0
2018-01-29 10:22:50.490000,33.55,33.55,33.6,11997204.0
2018-01-29 10:22:55.066000,33.55,33.5,33.55,12825204.0
2018-01-29 10:23:00.428000,33.55,33.5,33.55,12825204.0
2018-01-29 10:23:04.274000,33.55,33.5,33.55,12825204.0
2018-01-29 10:23:08.303000,33.55,33.5,33.55,12825204.0
2018-01-29 10:23:12.987000,33.55,33.5,33.55,12825204.0
2018-01-29 10:23:17.623000,33.55,33.5,33.55,12825204.0
2018-01-29 10:23:22.300000,33.55,33.5,33.55,12825204.0
2018-01-29 10:23:25.040000,33.55,33.5,33.55,12825204.0
2018-01-29 10:23:28.006000,33.55,33.5,33.55,12825204.0
2018-01-29 10:23:32.110000,33.55,33.5,33.55,12825204.0
2018-01-29 10:23:35.179000,33.55,33.5,33.55,12825204.0
2018-01-29 10:23:38.173000,33.55,33.5,33.55,12825204.0
2018-01-29 10:23:40.937000,33.55,33.5,33.55,12825204.0
2018-01-29 10:23:43.824000,33.55,33.5,33.55,12825204.0
2018-01-29 10:23:46.736000,33.55,33.5,33.55,12825204.0
2018-01-29 10:23:49.676000,33.55,33.5,33.55,12825204.0
2018-01-29 10:23:52.792000,33.55,33.5,33.55,12825204.0
2018-01-29 10:23:55.813000,33.55,33.5,33.55,12825204.0
2018-01-29 10:23:59.315000,33.55,33.5,33.55,12825204.0
2018-01-29 10:24:02.314000,33.55,33.5,33.55,12825204.0
2018-01-29 10:24:05.314000,33.55,33.5,33.55,12825204.0
2018-01-29 10:24:08.442000,33.55,33.5,33.55,12825204.0
2018-01-29 10:24:11.473000,33.55,33.5,33.55,12825204.0
2018-01-29 10:24:14.489000,33.55,33.5,33.55,12825204.0
2018-01-29 10:24:17.461000,33.55,33.5,33.55,12825204.0
2018-01-29 10:24:20.569000,33.55,33.55,33.6,13111204.0
2018-01-29 10:24:23.477000,33.55,33.55,33.6,13111204.0
2018-01-29 10:24:26.250000,33.55,33.55,33.6,13111204.0
2018-01-29 10:24:29.318000,33.55,33.55,33.6,13111204.0
2018-01-29 10:24:32.371000,33.55,33.55,33.6,13111204.0
2018-01-29 10:24:35.261000,33.55,33.55,33.6,13111204.0
2018-01-29 10:24:38.141000,33.55,33.55,33.6,13111204.0
2018-01-29 10:24:41.443000,33.55,33.55,33.6,13111204.0
2018-01-29 10:24:44.680000,33.55,33.55,33.6,13111204.0
2018-01-29 10:24:47.490000,33.55,33.55,33.6,13111204.0
2018-01-29 10:24:50.458000,33.55,33.55,33.6,13111204.0
2018-01-29 10:24:53.350000,33.55,33.55,33.6,13111204.0
2018-01-29 10:24:56.411000,33.55,33.55,33.6,13973204.0
2018-01-29 10:24:59.259000,33.55,33.55,33.6,13973204.0
2018-01-29 10:25:02.088000,33.55,33.55,33.6,13973204.0
2018-01-29 10:25:05.411000,33.55,33.55,33.6,13973204.0
2018-01-29 10:25:08.197000,33.55,33.55,33.6,13973204.0
2018-01-29 10:25:11.111000,33.55,33.55,33.6,13973204.0
2018-01-29 10:25:14.135000,33.55,33.55,33.6,13973204.0
2018-01-29 10:25:17.095000,33.55,33.55,33.6,13973204.0
2018-01-29 10:25:19.868000,33.55,33.55,33.6,13973204.0
2018-01-29 10:25:22.745000,33.55,33.55,33.6,13973204.0
2018-01-29 10:25:25.484000,33.55,33.55,33.6,13973204.0
2018-01-29 10:25:28.164000,33.55,33.55,33.6,13973204.0
2018-01-29 10:25:32.367000,33.55,33.55,33.6,13973204.0
2018-01-29 10:25:35.167000,33.55,33.55,33.6,13973204.0
2018-01-29 10:25:37.837000,33.55,33.55,33.6,13973204.0
2018-01-29 10:25:40.759000,33.55,33.55,33.6,13973204.0
2018-01-29 10:25:44.045000,33.55,33.55,33.6,13973204.0
2018-01-29 10:25:46.923000,33.55,33.5,33.55,14315684.0
2018-01-29 10:25:50.063000,33.55,33.5,33.55,14315684.0
2018-01-29 10:25:52.907000,33.55,33.5,33.55,14315684.0
2018-01-29 10:25:55.778000,33.55,33.5,33.55,14315684.0
2018-01-29 10:25:58.442000,33.55,33.5,33.55,14315684.0
2018-01-29 10:26:01.112000,33.55,33.5,33.55,14315684.0
2018-01-29 10:26:03.808000,33.55,33.5,33.55,14315684.0
2018-01-29 10:26:06.535000,33.55,33.5,33.55,14315684.0
2018-01-29 10:26:09.261000,33.55,33.5,33.55,14315684.0
2018-01-29 10:26:13.351000,33.55,33.5,33.55,14315684.0
2018-01-29 10:26:16.130000,33.55,33.5,33.55,14315684.0
2018-01-29 10:26:18.945000,33.55,33.5,33.55,14315684.0
2018-01-29 10:26:22.081000,33.55,33.5,33.55,14315684.0
2018-01-29 10:26:24.954000,33.55,33.5,33.55,14315684.0
2018-01-29 10:26:27.744000,33.55,33.5,33.55,14315684.0
2018-01-29 10:26:30.364000,33.55,33.5,33.55,14315684.0
2018-01-29 10:26:33.054000,33.55,33.5,33.55,14315684.0
2018-01-29 10:26:35.932000,33.55,33.5,33.55,14315684.0
2018-01-29 10:26:38.554000,33.55,33.5,33.55,14315684.0
2018-01-29 10:26:41.300000,33.55,33.5,33.55,14315684.0
2018-01-29 10:26:44.010000,33.55,33.5,33.55,14315684.0
2018-01-29 10:26:46.799000,33.55,33.5,33.55,14315684.0
2018-01-29 10:26:49.802000,33.55,33.5,33.55,14315684.0
2018-01-29 10:26:52.537000,33.55,33.5,33.55,14315684.0
2018-01-29 10:26:55.291000,33.55,33.5,33.55,14315684.0
2018-01-29 10:26:58.053000,33.55,33.5,33.55,14315684.0
2018-01-29 10:27:01.066000,33.55,33.5,33.55,14315684.0
2018-01-29 10:27:03.698000,33.55,33.5,33.55,14315684.0
2018-01-29 10:27:06.378000,33.55,33.5,33.55,14315684.0
2018-01-29 10:27:09.073000,33.55,33.5,33.55,14315684.0
2018-01-29 10:27:11.957000,33.55,33.5,33.55,14315684.0
2018-01-29 10:27:14.696000,33.55,33.5,33.55,14315684.0
2018-01-29 10:27:17.540000,33.55,33.5,33.55,14315684.0
2018-01-29 10:27:20.199000,33.55,33.5,33.55,14315684.0
2018-01-29 10:27:23.241000,33.55,33.5,33.55,14315684.0
2018-01-29 10:27:26.207000,33.55,33.5,33.55,14324184.0
2018-01-29 10:27:29.074000,33.55,33.5,33.55,14324184.0
2018-01-29 10:27:31.793000,33.55,33.5,33.55,14324184.0
2018-01-29 10:27:34.477000,33.55,33.5,33.55,14324184.0
2018-01-29 10:27:36.997000,33.55,33.5,33.55,14324184.0
2018-01-29 10:27:39.375000,33.55,33.5,33.55,14324184.0
2018-01-29 10:27:42.093000,33.55,33.5,33.55,14324184.0
2018-01-29 10:27:44.586000,33.55,33.5,33.55,14324184.0
2018-01-29 10:27:47.707000,33.55,33.5,33.55,14324184.0
2018-01-29 10:27:51.521000,33.55,33.5,33.55,14324184.0
2018-01-29 10:27:55.524000,33.55,33.5,33.55,14324184.0
2018-01-29 10:27:59.719000,33.55,33.5,33.55,14324184.0
2018-01-29 10:28:03.534000,33.55,33.5,33.55,14324184.0
2018-01-29 10:28:07.225000,33.55,33.5,33.55,14324184.0
2018-01-29 10:28:10.903000,33.55,33.5,33.55,14324184.0
2018-01-29 10:28:14.528000,33.55,33.5,33.55,14324184.0
2018-01-29 10:28:18.261000,33.55,33.5,33.55,14324184.0
2018-01-29 10:28:22.008000,33.55,33.5,33.55,14324184.0
2018-01-29 10:28:25.640000,33.55,33.5,33.55,14324184.0
2018-01-29 10:28:29.587000,33.55,33.5,33.55,14324184.0
2018-01-29 10:28:33.285000,33.55,33.5,33.55,14324184.0
2018-01-29 10:28:36.865000,33.55,33.5,33.55,14324184.0
2018-01-29 10:28:40.399000,33.55,33.5,33.55,14324184.0
2018-01-29 10:28:43.948000,33.55,33.5,33.55,14324184.0
2018-01-29 10:28:48.203000,33.55,33.5,33.55,14324184.0
2018-01-29 10:28:51.576000,33.55,33.5,33.55,14324184.0
2018-01-29 10:28:55.146000,33.55,33.5,33.55,14324184.0
2018-01-29 10:28:59.202000,33.55,33.5,33.55,14324184.0
2018-01-29 10:29:02.745000,33.55,33.5,33.55,14576058.0
2018-01-29 10:29:06.398000,33.55,33.5,33.55,14576058.0
2018-01-29 10:29:10.461000,33.55,33.5,33.55,14576058.0
2018-01-29 10:29:14.936000,33.55,33.5,33.55,14576058.0
2018-01-29 10:29:19.072000,33.55,33.5,33.55,14576058.0
2018-01-29 10:29:22.588000,33.55,33.5,33.55,14576058.0
2018-01-29 10:29:26.411000,33.55,33.5,33.55,14576058.0
2018-01-29 10:29:30.432000,33.55,33.5,33.55,14576058.0
2018-01-29 10:29:34.323000,33.55,33.5,33.55,14576058.0
2018-01-29 10:29:38.433000,33.55,33.5,33.55,14576058.0
2018-01-29 10:29:42.005000,33.55,33.5,33.55,14576058.0
2018-01-29 10:29:45.547000,33.55,33.5,33.55,14576058.0
2018-01-29 10:29:49.809000,33.55,33.5,33.55,14576058.0
2018-01-29 10:29:54.456000,33.55,33.5,33.55,14576058.0
2018-01-29 10:29:58.113000,33.55,33.5,33.55,14576058.0
2018-01-29 10:30:02.717000,33.55,33.5,33.55,14576058.0
2018-01-29 10:30:06.743000,33.55,33.5,33.55,14576058.0
2018-01-29 10:30:10.421000,33.55,33.5,33.55,14576058.0
2018-01-29 10:30:14.715000,33.55,33.5,33.55,14576058.0
2018-01-29 10:30:19.798000,33.55,33.5,33.55,14576058.0
2018-01-29 10:30:23.385000,33.55,33.5,33.55,14576058.0
2018-01-29 10:30:27.192000,33.55,33.5,33.55,15181058.0
2018-01-29 10:30:31.334000,33.55,33.5,33.55,15181058.0
2018-01-29 10:30:35.096000,33.55,33.5,33.55,15181058.0
2018-01-29 10:30:38.809000,33.55,33.5,33.55,15181058.0
2018-01-29 10:30:42.180000,33.55,33.5,33.55,15181058.0
2018-01-29 10:30:45.595000,33.55,33.5,33.55,15181058.0
2018-01-29 10:30:49.601000,33.55,33.5,33.55,15181058.0
2018-01-29 10:30:53.865000,33.55,33.5,33.55,15181058.0
2018-01-29 10:30:57.763000,33.55,33.5,33.55,15181058.0
2018-01-29 10:31:01.359000,33.55,33.5,33.55,15181058.0
2018-01-29 10:31:04.962000,33.55,33.5,33.55,15181058.0
2018-01-29 10:31:08.292000,33.55,33.5,33.55,15181058.0
2018-01-29 10:31:10.690000,33.55,33.5,33.55,15181058.0
2018-01-29 10:31:13.386000,33.55,33.5,33.55,15181058.0
2018-01-29 10:31:15.908000,,,,
2018-01-29 10:31:18.722000,33.55,33.5,33.55,15181558.0
2018-01-29 10:31:21.306000,33.55,33.5,33.55,15181558.0
2018-01-29 10:31:23.701000,33.55,33.5,33.55,15181558.0
2018-01-29 10:31:26.215000,33.55,33.5,33.55,15181558.0
2018-01-29 10:31:28.737000,33.55,33.5,33.55,15181558.0
2018-01-29 10:31:31.240000,33.55,33.5,33.55,15181558.0
2018-01-29 10:31:33.701000,33.55,33.5,33.55,15181558.0
2018-01-29 10:31:36.093000,33.55,33.5,33.55,15181558.0
2018-01-29 10:31:38.419000,33.55,33.5,33.55,15181558.0
2018-01-29 10:31:40.985000,33.55,33.5,33.55,15181558.0
2018-01-29 10:31:43.568000,33.55,33.5,33.55,15181558.0
2018-01-29 10:31:46.145000,33.55,33.5,33.55,15181558.0
2018-01-29 10:31:50.293000,33.55,33.5,33.55,15181558.0
2018-01-29 10:31:52.917000,33.55,33.5,33.55,15181558.0
2018-01-29 10:31:55.393000,33.55,33.5,33.55,15181558.0
2018-01-29 10:31:58.719000,33.55,33.5,33.55,15181558.0
2018-01-29 10:32:01.222000,33.55,33.5,33.55,15181558.0
2018-01-29 10:32:03.700000,33.55,33.5,33.55,15181558.0
2018-01-29 10:32:06.308000,33.55,33.5,33.55,15197678.0
2018-01-29 10:32:08.764000,33.55,33.5,33.55,15197678.0
2018-01-29 10:32:11.126000,33.55,33.5,33.55,15197678.0
2018-01-29 10:32:13.699000,33.55,33.5,33.55,15197678.0
2018-01-29 10:32:16.171000,33.55,33.5,33.55,15197678.0
2018-01-29 10:32:18.674000,33.55,33.5,33.55,15197678.0
2018-01-29 10:32:21.357000,33.55,33.5,33.55,15197678.0
2018-01-29 10:32:24.044000,33.55,33.5,33.55,15197678.0
2018-01-29 10:32:26.557000,33.55,33.5,33.55,15197678.0
2018-01-29 10:32:29.248000,33.55,33.5,33.55,15197678.0
2018-01-29 10:32:31.775000,33.55,33.5,33.55,15197678.0
2018-01-29 10:32:34.207000,33.55,33.5,33.55,15197678.0
2018-01-29 10:32:36.636000,33.55,33.5,33.55,15197678.0
2018-01-29 10:32:39.280000,33.55,33.5,33.55,15197678.0
2018-01-29 10:32:41.683000,33.55,33.5,33.55,15197678.0
2018-01-29 10:32:45.014000,33.55,33.5,33.55,15197678.0
2018-01-29 10:32:47.843000,33.55,33.5,33.55,15197678.0
2018-01-29 10:32:50.361000,33.55,33.5,33.55,15197678.0
2018-01-29 10:32:52.796000,33.55,33.5,33.55,15197678.0
2018-01-29 10:32:55.660000,33.55,33.5,33.55,15197678.0
2018-01-29 10:32:58.136000,33.55,33.5,33.55,15197678.0
2018-01-29 10:33:00.671000,33.55,33.5,33.55,15197678.0
2018-01-29 10:33:03.094000,33.55,33.5,33.55,15197678.0
2018-01-29 10:33:05.800000,33.55,33.5,33.55,15197678.0
2018-01-29 10:33:08.436000,33.55,33.5,33.55,15197678.0
2018-01-29 10:33:10.987000,33.55,33.5,33.55,15197678.0
2018-01-29 10:33:13.522000,33.55,33.5,33.55,15197678.0
2018-01-29 10:33:16.031000,33.55,33.5,33.55,15197678.0
2018-01-29 10:33:18.312000,33.55,33.5,33.55,15197678.0
2018-01-29 10:33:20.992000,33.55,33.5,33.55,15197678.0
2018-01-29 10:33:23.484000,33.55,33.5,33.55,15197678.0
2018-01-29 10:33:25.969000,33.55,33.5,33.55,15197678.0
2018-01-29 10:33:28.480000,33.55,33.5,33.55,15197678.0
2018-01-29 10:33:31.030000,33.5,33.5,33.55,15199678.0
2018-01-29 10:33:33.788000,33.5,33.5,33.55,15199678.0
2018-01-29 10:33:36.198000,33.5,33.5,33.55,15199678.0
2018-01-29 10:33:38.721000,33.5,33.5,33.55,15199678.0
2018-01-29 10:33:41.729000,33.5,33.5,33.55,15199678.0
2018-01-29 10:33:44.438000,33.5,33.5,33.55,15199678.0
2018-01-29 10:33:47.307000,33.5,33.5,33.55,15199678.0
2018-01-29 10:33:50.078000,33.5,33.5,33.55,15199678.0
2018-01-29 10:33:52.918000,33.5,33.5,33.55,15199678.0
2018-01-29 10:33:55.845000,33.5,33.5,33.55,15199678.0
2018-01-29 10:33:58.905000,33.5,33.5,33.55,15199678.0
2018-01-29 10:34:01.793000,33.5,33.5,33.55,15199678.0
2018-01-29 10:34:04.899000,33.5,33.5,33.55,15199678.0
2018-01-29 10:34:07.625000,33.5,33.5,33.55,15199678.0
2018-01-29 10:34:10.472000,33.5,33.5,33.55,15199678.0
2018-01-29 10:34:13.217000,33.5,33.5,33.55,15199678.0
2018-01-29 10:34:15.971000,33.5,33.5,33.55,15199678.0
2018-01-29 10:34:20.035000,33.5,33.5,33.55,15199678.0
2018-01-29 10:34:22.818000,33.5,33.5,33.55,15199678.0
2018-01-29 10:34:25.597000,33.5,33.5,33.55,15199678.0
2018-01-29 10:34:28.325000,33.5,33.5,33.55,15199678.0
2018-01-29 10:34:31.121000,33.5,33.5,33.55,15199678.0
2018-01-29 10:34:34.171000,33.5,33.5,33.55,15199678.0
2018-01-29 10:34:36.809000,33.5,33.5,33.55,15199678.0
2018-01-29 10:34:39.615000,33.5,33.5,33.55,15199678.0
2018-01-29 10:34:42.295000,33.5,33.5,33.55,15199678.0
2018-01-29 10:34:45.993000,33.5,33.5,33.55,15199678.0
2018-01-29 10:34:48.845000,33.5,33.5,33.55,15199678.0
2018-01-29 10:34:51.605000,33.5,33.5,33.55,15199678.0
2018-01-29 10:34:54.110000,33.5,33.5,33.55,15199678.0
2018-01-29 10:34:56.999000,33.5,33.5,33.55,15199678.0
2018-01-29 10:34:59.977000,33.5,33.5,33.55,15199678.0
2018-01-29 10:35:02.861000,33.5,33.5,33.55,15701798.0
2018-01-29 10:35:05.845000,33.5,33.5,33.55,15701798.0
2018-01-29 10:35:08.575000,33.5,33.5,33.55,15701798.0
2018-01-29 10:35:11.439000,33.5,33.5,33.55,15701798.0
2018-01-29 10:35:15.532000,33.5,33.5,33.55,15701798.0
2018-01-29 10:35:19.813000,33.5,33.5,33.55,15701798.0
2018-01-29 10:35:23.675000,33.5,33.5,33.55,15701798.0
2018-01-29 10:35:26.545000,33.5,33.5,33.55,15701798.0
2018-01-29 10:35:29.830000,33.5,33.5,33.55,15701798.0
2018-01-29 10:35:33.038000,33.5,33.5,33.55,15701798.0
2018-01-29 10:35:35.979000,33.5,33.5,33.55,15701798.0
2018-01-29 10:35:38.791000,33.5,33.5,33.55,15701798.0
2018-01-29 10:35:41.568000,33.5,33.5,33.55,15701798.0
2018-01-29 10:35:44.379000,33.5,33.5,33.55,15701798.0
2018-01-29 10:35:47.674000,33.5,33.5,33.55,15701798.0
2018-01-29 10:35:51.573000,33.5,33.5,33.55,15701798.0
2018-01-29 10:35:54.847000,33.5,33.5,33.55,15701798.0
2018-01-29 10:35:59.217000,33.5,33.5,33.55,15701798.0
2018-01-29 10:36:02.217000,33.5,33.5,33.55,15701798.0
2018-01-29 10:36:05.249000,33.5,33.5,33.55,15701798.0
2018-01-29 10:36:08.550000,33.5,33.5,33.55,15701798.0
2018-01-29 10:36:11.566000,33.5,33.5,33.55,15701798.0
2018-01-29 10:36:15.113000,33.5,33.5,33.55,15701798.0
2018-01-29 10:36:18.035000,33.5,33.5,33.55,15701798.0
2018-01-29 10:36:20.792000,33.5,33.5,33.55,15701798.0
2018-01-29 10:36:23.769000,33.5,33.5,33.55,15701798.0
2018-01-29 10:36:26.700000,33.5,33.5,33.55,15701798.0
2018-01-29 10:36:30.996000,33.5,33.5,33.55,15701798.0
2018-01-29 10:36:33.904000,33.5,33.5,33.55,15701798.0
2018-01-29 10:36:37.296000,33.5,33.5,33.55,15701798.0
2018-01-29 10:36:40.487000,33.5,33.5,33.55,15701798.0
2018-01-29 10:36:43.486000,33.5,33.5,33.55,15701798.0
2018-01-29 10:36:46.536000,33.5,33.5,33.55,15701798.0
2018-01-29 10:36:49.605000,33.5,33.5,33.55,15701798.0
2018-01-29 10:36:52.500000,33.5,33.5,33.55,15711798.0
2018-01-29 10:36:57.186000,33.5,33.5,33.55,15711798.0
2018-01-29 10:37:00.238000,33.5,33.5,33.55,15711798.0
2018-01-29 10:37:03.270000,33.5,33.5,33.55,15711798.0
2018-01-29 10:37:06.193000,33.5,33.5,33.55,15711798.0
2018-01-29 10:37:09.332000,33.5,33.5,33.55,15711798.0
2018-01-29 10:37:12.095000,33.5,33.5,33.55,15711798.0
2018-01-29 10:37:15.035000,33.5,33.5,33.55,15711798.0
2018-01-29 10:37:18.083000,33.5,33.5,33.55,15711798.0
2018-01-29 10:37:21.160000,33.5,33.5,33.55,15711798.0
2018-01-29 10:37:24.415000,33.5,33.5,33.55,15711798.0
2018-01-29 10:37:27.470000,33.5,33.5,33.55,15711798.0
2018-01-29 10:37:30.396000,33.5,33.5,33.55,15711798.0
2018-01-29 10:37:33.151000,33.5,33.5,33.55,15711798.0
2018-01-29 10:37:36.166000,33.5,33.5,33.55,15711798.0
2018-01-29 10:37:39.161000,33.5,33.5,33.55,15711798.0
2018-01-29 10:37:41.895000,33.5,33.5,33.55,15711798.0
2018-01-29 10:37:44.692000,33.5,33.5,33.55,15711798.0
2018-01-29 10:37:47.861000,33.5,33.5,33.55,15711798.0
2018-01-29 10:37:50.864000,33.55,33.5,33.55,16285298.0
2018-01-29 10:37:53.958000,33.55,33.5,33.55,16285298.0
2018-01-29 10:37:56.963000,33.55,33.5,33.55,16285298.0
2018-01-29 10:38:00.049000,33.55,33.5,33.55,16285298.0
2018-01-29 10:38:02.958000,33.55,33.5,33.55,16285298.0
2018-01-29 10:38:07.047000,33.55,33.5,33.55,16285298.0
2018-01-29 10:38:09.972000,33.55,33.5,33.55,16285298.0
2018-01-29 10:38:12.877000,33.55,33.5,33.55,16285298.0
2018-01-29 10:38:15.824000,33.55,33.5,33.55,16285298.0
2018-01-29 10:38:18.869000,33.55,33.5,33.55,16285298.0
2018-01-29 10:38:21.768000,33.55,33.5,33.55,16285298.0
2018-01-29 10:38:24.724000,33.55,33.5,33.55,16285298.0
2018-01-29 10:38:27.423000,33.55,33.5,33.55,16285298.0
2018-01-29 10:38:30.308000,33.55,33.5,33.55,16285298.0
2018-01-29 10:38:33.193000,33.55,33.5,33.55,16285298.0
2018-01-29 10:38:36.092000,33.55,33.5,33.55,16285298.0
2018-01-29 10:38:39.182000,33.55,33.5,33.55,16285298.0
2018-01-29 10:38:42.035000,33.55,33.5,33.55,16285298.0
2018-01-29 10:38:44.772000,33.55,33.5,33.55,16285298.0
2018-01-29 10:38:47.647000,33.55,33.5,33.55,16285298.0
2018-01-29 10:38:50.509000,33.55,33.5,33.55,16285298.0
2018-01-29 10:38:53.631000,33.55,33.5,33.55,16285298.0
2018-01-29 10:38:56.527000,33.55,33.5,33.55,16285298.0
2018-01-29 10:38:59.522000,33.55,33.5,33.55,16285298.0
2018-01-29 10:39:02.444000,33.55,33.5,33.55,16285298.0
2018-01-29 10:39:05.227000,33.55,33.5,33.55,16285298.0
2018-01-29 10:39:08.317000,33.55,33.5,33.55,16285298.0
2018-01-29 10:39:11.197000,33.5,33.5,33.55,16290798.0
2018-01-29 10:39:14.288000,33.5,33.5,33.55,16290798.0
2018-01-29 10:39:17.344000,33.5,33.5,33.55,16290798.0
2018-01-29 10:39:20.145000,33.5,33.5,33.55,16290798.0
2018-01-29 10:39:23.160000,33.5,33.5,33.55,16290798.0
2018-01-29 10:39:25.993000,33.5,33.5,33.55,16290798.0
2018-01-29 10:39:28.817000,33.5,33.5,33.55,16290798.0
2018-01-29 10:39:31.673000,33.5,33.5,33.55,16290798.0
2018-01-29 10:39:34.554000,33.5,33.5,33.55,16290798.0
2018-01-29 10:39:37.362000,33.5,33.5,33.55,16290798.0
2018-01-29 10:39:40.324000,33.5,33.5,33.55,16290798.0
2018-01-29 10:39:43.283000,33.5,33.5,33.55,16290798.0
2018-01-29 10:39:46.322000,33.5,33.5,33.55,16290798.0
2018-01-29 10:39:49.245000,33.5,33.5,33.55,16290798.0
2018-01-29 10:39:52.299000,33.5,33.5,33.55,16290798.0
2018-01-29 10:39:55.300000,33.5,33.5,33.55,16290798.0
2018-01-29 10:39:58.336000,33.5,33.5,33.55,16290798.0
2018-01-29 10:40:01.336000,33.5,33.5,33.55,16306798.0
2018-01-29 10:40:04.307000,33.5,33.5,33.55,16306798.0
2018-01-29 10:40:07.365000,33.5,33.5,33.55,16306798.0
2018-01-29 10:40:10.335000,33.5,33.5,33.55,16306798.0
2018-01-29 10:40:13.810000,33.5,33.5,33.55,16306798.0
2018-01-29 10:40:16.746000,33.5,33.5,33.55,16306798.0
2018-01-29 10:40:19.811000,33.5,33.5,33.55,16306798.0
2018-01-29 10:40:22.824000,33.5,33.5,33.55,16306798.0
2018-01-29 10:40:25.662000,33.5,33.5,33.55,16306798.0
2018-01-29 10:40:28.368000,33.5,33.5,33.55,16306798.0
2018-01-29 10:40:31.189000,33.5,33.5,33.55,16306798.0
2018-01-29 10:40:34.171000,33.5,33.5,33.55,16306798.0
2018-01-29 10:40:37.254000,33.5,33.5,33.55,16306798.0
2018-01-29 10:40:40.512000,33.5,33.5,33.55,16306798.0
2018-01-29 10:40:43.537000,33.5,33.5,33.55,16306798.0
2018-01-29 10:40:47.907000,33.5,33.5,33.55,16306798.0
2018-01-29 10:40:51.777000,33.5,33.5,33.55,16306798.0
2018-01-29 10:40:55.495000,33.5,33.5,33.55,16306798.0
2018-01-29 10:40:59.852000,33.5,33.5,33.55,16306798.0
2018-01-29 10:41:04.897000,33.5,33.5,33.55,16306798.0
2018-01-29 10:41:09.216000,33.5,33.5,33.55,16306798.0
2018-01-29 10:41:13.865000,33.5,33.5,33.55,16306798.0
2018-01-29 10:41:19.840000,33.5,33.5,33.55,16306798.0
2018-01-29 10:41:24.290000,33.5,33.5,33.55,16306798.0
2018-01-29 10:41:29.148000,33.5,33.5,33.55,16306798.0
2018-01-29 10:41:34.072000,33.5,33.5,33.55,16306798.0
2018-01-29 10:41:38.912000,33.5,33.5,33.55,16306798.0
2018-01-29 10:41:43.366000,33.5,33.5,33.55,16306798.0
2018-01-29 10:41:47.667000,33.55,33.5,33.55,16321798.0
2018-01-29 10:41:52.816000,33.55,33.5,33.55,16321798.0
2018-01-29 10:41:57.391000,33.55,33.5,33.55,16321798.0
2018-01-29 10:42:01.805000,33.55,33.5,33.55,16321798.0
2018-01-29 10:42:05.925000,33.55,33.5,33.55,16321798.0
2018-01-29 10:42:10.131000,33.55,33.5,33.55,16321798.0
2018-01-29 10:42:14.288000,33.55,33.5,33.55,16321798.0
2018-01-29 10:42:18.665000,33.55,33.5,33.55,16321798.0
2018-01-29 10:42:23.145000,33.55,33.5,33.55,16321798.0
2018-01-29 10:42:27.409000,33.55,33.5,33.55,16321798.0
2018-01-29 10:42:32.038000,33.55,33.5,33.55,16321798.0
2018-01-29 10:42:36.187000,33.55,33.5,33.55,16321798.0
2018-01-29 10:42:40.770000,33.55,33.5,33.55,16321798.0
2018-01-29 10:42:47.219000,33.5,33.5,33.55,16480298.0
2018-01-29 10:42:51.480000,33.5,33.5,33.55,16480298.0
2018-01-29 10:42:56.180000,33.5,33.5,33.55,17072298.0
2018-01-29 10:42:59.917000,33.5,33.5,33.55,17072298.0
2018-01-29 10:43:03.506000,33.5,33.5,33.55,17072298.0
2018-01-29 10:43:07.501000,33.5,33.45,33.5,18476298.0
2018-01-29 10:43:11.964000,33.5,33.45,33.5,18476298.0
2018-01-29 10:43:18.162000,33.5,33.45,33.5,18476298.0
2018-01-29 10:43:23.873000,33.5,33.45,33.5,18476298.0
2018-01-29 10:43:31.762000,33.5,33.45,33.5,18476298.0
2018-01-29 10:43:36.199000,33.5,33.45,33.5,18476298.0
2018-01-29 10:43:41.247000,33.5,33.45,33.5,18476298.0
2018-01-29 10:43:45.237000,33.5,33.45,33.5,18476298.0
2018-01-29 10:43:49.700000,33.5,33.45,33.5,18476298.0
2018-01-29 10:43:55.578000,33.5,33.45,33.5,18476298.0
2018-01-29 10:43:59.877000,33.5,33.5,33.55,18746798.0
2018-01-29 10:44:03.962000,33.5,33.5,33.55,18746798.0
2018-01-29 10:44:08.384000,33.5,33.5,33.55,18746798.0
2018-01-29 10:44:12.526000,33.5,33.5,33.55,18746798.0
2018-01-29 10:44:16.449000,33.5,33.5,33.55,18746798.0
2018-01-29 10:44:20.826000,33.5,33.5,33.55,18746798.0
2018-01-29 10:44:25.335000,33.5,33.5,33.55,18746798.0
2018-01-29 10:44:31.998000,33.5,33.5,33.55,18746798.0
2018-01-29 10:44:37.284000,33.5,33.5,33.55,18746798.0
2018-01-29 10:44:42.806000,33.5,33.5,33.55,18746798.0
2018-01-29 10:44:46.949000,33.5,33.5,33.55,18746798.0
2018-01-29 10:44:51.248000,33.5,33.5,33.55,18746798.0
2018-01-29 10:44:54.014000,33.5,33.5,33.55,18746798.0
2018-01-29 10:44:56.923000,33.5,33.5,33.55,18746798.0
2018-01-29 10:44:59.840000,33.5,33.5,33.55,18746798.0
2018-01-29 10:45:02.916000,33.5,33.5,33.55,18746798.0
2018-01-29 10:45:05.880000,33.5,33.5,33.55,18746798.0
2018-01-29 10:45:08.920000,33.5,33.5,33.55,18746798.0
2018-01-29 10:45:11.858000,33.5,33.5,33.55,18746798.0
2018-01-29 10:45:15.086000,33.5,33.5,33.55,18746798.0
2018-01-29 10:45:18.118000,33.5,33.5,33.55,18746798.0
2018-01-29 10:45:22.142000,33.5,33.5,33.55,18746798.0
2018-01-29 10:45:25.396000,33.5,33.5,33.55,18746798.0
2018-01-29 10:45:28.449000,33.5,33.5,33.55,18746798.0
2018-01-29 10:45:31.361000,33.5,33.5,33.55,18746798.0
2018-01-29 10:45:34.044000,,,,
2018-01-29 10:45:36.871000,33.5,33.5,33.55,18746798.0
2018-01-29 10:45:39.771000,33.5,33.5,33.55,18746798.0
2018-01-29 10:45:42.405000,33.5,33.5,33.55,18746798.0
2018-01-29 10:45:45.092000,33.5,33.5,33.55,18746798.0
2018-01-29 10:45:47.745000,33.5,33.5,33.55,18746798.0
2018-01-29 10:45:50.546000,33.5,33.5,33.55,18746798.0
2018-01-29 10:45:53.489000,33.5,33.5,33.55,18746798.0
2018-01-29 10:45:56.294000,33.5,33.5,33.55,18746798.0
2018-01-29 10:45:59.006000,33.5,33.5,33.55,18754798.0
2018-01-29 10:46:01.666000,33.5,33.5,33.55,18754798.0
2018-01-29 10:46:04.795000,33.5,33.5,33.55,18754798.0
2018-01-29 10:46:09.121000,33.5,33.5,33.55,18754798.0
2018-01-29 10:46:12.405000,33.5,33.5,33.55,18754798.0
2018-01-29 10:46:15.922000,33.5,33.5,33.55,18754798.0
2018-01-29 10:46:18.966000,33.5,33.5,33.55,18754798.0
2018-01-29 10:46:22.114000,33.5,33.5,33.55,18754798.0
2018-01-29 10:46:24.858000,33.5,33.5,33.55,18754798.0
2018-01-29 10:46:28.370000,33.5,33.5,33.55,18754798.0
2018-01-29 10:46:31.659000,33.5,33.5,33.55,18754798.0
2018-01-29 10:46:34.751000,33.5,33.5,33.55,18754798.0
2018-01-29 10:46:38.531000,33.5,33.5,33.55,18754798.0
2018-01-29 10:46:41.745000,33.5,33.5,33.55,18754798.0
2018-01-29 10:46:44.687000,33.5,33.5,33.55,18754798.0
2018-01-29 10:46:48.593000,33.5,33.5,33.55,18774798.0
2018-01-29 10:46:51.422000,33.5,33.5,33.55,18774798.0
2018-01-29 10:46:54.732000,33.5,33.5,33.55,18774798.0
2018-01-29 10:46:57.900000,33.5,33.5,33.55,18774798.0
2018-01-29 10:47:01.094000,33.5,33.5,33.55,18774798.0
2018-01-29 10:47:04.402000,33.5,33.5,33.55,18774798.0
2018-01-29 10:47:07.239000,33.5,33.5,33.55,18774798.0
2018-01-29 10:47:10.623000,33.5,33.5,33.55,18774798.0
2018-01-29 10:47:13.824000,33.5,33.5,33.55,18774798.0
2018-01-29 10:47:16.828000,33.5,33.5,33.55,18774798.0
2018-01-29 10:47:20.540000,33.5,33.5,33.55,18774798.0
2018-01-29 10:47:24.048000,33.5,33.5,33.55,18774798.0
2018-01-29 10:47:27.267000,33.5,33.5,33.55,18774798.0
2018-01-29 10:47:30.469000,33.5,33.5,33.55,18774798.0
2018-01-29 10:47:34.421000,33.5,33.5,33.55,18774798.0
2018-01-29 10:47:37.758000,33.5,33.5,33.55,18774798.0
2018-01-29 10:47:40.839000,33.5,33.5,33.55,18774798.0
2018-01-29 10:47:43.720000,33.5,33.5,33.55,18774798.0
2018-01-29 10:47:46.594000,33.5,33.5,33.55,18774798.0
2018-01-29 10:47:49.626000,33.5,33.5,33.55,18774798.0
2018-01-29 10:47:52.493000,33.5,33.5,33.55,18774798.0
2018-01-29 10:47:55.816000,33.5,33.5,33.55,18774798.0
2018-01-29 10:47:58.963000,33.5,33.5,33.55,18774798.0
2018-01-29 10:48:01.893000,33.5,33.5,33.55,18774798.0
2018-01-29 10:48:05.045000,33.5,33.5,33.55,18774798.0
2018-01-29 10:48:08.028000,33.5,33.5,33.55,18774798.0
2018-01-29 10:48:10.975000,33.5,33.5,33.55,18774798.0
2018-01-29 10:48:13.922000,33.5,33.5,33.55,18774798.0
2018-01-29 10:48:16.833000,33.5,33.5,33.55,18774798.0
2018-01-29 10:48:20.237000,33.5,33.5,33.55,18774798.0
2018-01-29 10:48:23.923000,33.5,33.5,33.55,18774798.0
2018-01-29 10:48:26.833000,33.5,33.5,33.55,18774798.0
2018-01-29 10:48:30.064000,33.5,33.5,33.55,18774798.0
2018-01-29 10:48:33.278000,33.55,33.55,33.6,19027731.0
2018-01-29 10:48:36.536000,33.55,33.55,33.6,19027731.0
2018-01-29 10:48:39.673000,33.55,33.55,33.6,19027731.0
2018-01-29 10:48:42.520000,33.55,33.55,33.6,19027731.0
2018-01-29 10:48:45.845000,33.55,33.55,33.6,19027731.0
2018-01-29 10:48:48.875000,33.55,33.55,33.6,19027731.0
2018-01-29 10:48:52.053000,33.55,33.55,33.6,19027731.0
2018-01-29 10:48:55.056000,33.55,33.55,33.6,19027731.0
2018-01-29 10:48:58.093000,33.55,33.55,33.6,19027731.0
2018-01-29 10:49:01.190000,33.55,33.55,33.6,19027731.0
2018-01-29 10:49:04.267000,33.55,33.55,33.6,19027731.0
2018-01-29 10:49:07.337000,33.55,33.55,33.6,19027731.0
2018-01-29 10:49:10.146000,33.55,33.55,33.6,19027731.0
2018-01-29 10:49:13.388000,33.55,33.55,33.6,19027731.0
2018-01-29 10:49:16.536000,33.55,33.55,33.6,19027731.0
2018-01-29 10:49:19.627000,33.55,33.55,33.6,19043731.0
2018-01-29 10:49:22.674000,33.55,33.55,33.6,19043731.0
2018-01-29 10:49:25.459000,33.55,33.55,33.6,19043731.0
2018-01-29 10:49:28.169000,33.55,33.55,33.6,19043731.0
2018-01-29 10:49:31.132000,33.55,33.55,33.6,19043731.0
2018-01-29 10:49:34.672000,33.55,33.55,33.6,19043731.0
2018-01-29 10:49:37.588000,33.55,33.55,33.6,19043731.0
2018-01-29 10:49:40.366000,33.55,33.55,33.6,19043731.0
2018-01-29 10:49:43.140000,33.55,33.55,33.6,19043731.0
2018-01-29 10:49:45.987000,33.55,33.55,33.6,19043731.0
2018-01-29 10:49:48.904000,33.55,33.55,33.6,19043731.0
2018-01-29 10:49:51.868000,33.55,33.55,33.6,19043731.0
2018-01-29 10:49:54.645000,33.55,33.55,33.6,19043731.0
2018-01-29 10:49:57.735000,33.55,33.55,33.6,19043731.0
2018-01-29 10:50:00.394000,33.55,33.55,33.6,19043731.0
2018-01-29 10:50:03.087000,33.55,33.55,33.6,19043731.0
2018-01-29 10:50:05.894000,33.55,33.55,33.6,19043731.0
2018-01-29 10:50:08.832000,33.55,33.55,33.6,19043731.0
2018-01-29 10:50:11.567000,33.55,33.5,33.55,19365231.0
2018-01-29 10:50:14.439000,33.55,33.5,33.55,19365231.0
2018-01-29 10:50:17.378000,33.55,33.5,33.55,19365231.0
2018-01-29 10:50:20.131000,33.55,33.5,33.55,19365231.0
2018-01-29 10:50:22.683000,33.55,33.5,33.55,19365231.0
2018-01-29 10:50:25.361000,33.55,33.5,33.55,19365231.0
2018-01-29 10:50:28.173000,33.55,33.5,33.55,19365231.0
2018-01-29 10:50:31.035000,33.55,33.5,33.55,19365231.0
2018-01-29 10:50:34.078000,33.55,33.5,33.55,19365231.0
2018-01-29 10:50:36.757000,33.55,33.5,33.55,19365231.0
2018-01-29 10:50:39.533000,33.55,33.5,33.55,19365231.0
2018-01-29 10:50:42.366000,33.55,33.5,33.55,19365231.0
2018-01-29 10:50:45.488000,33.55,33.5,33.55,19365231.0
2018-01-29 10:50:48.297000,33.55,33.5,33.55,19365231.0
2018-01-29 10:50:51.103000,33.55,33.5,33.55,19365231.0
2018-01-29 10:50:53.833000,33.55,33.5,33.55,19365231.0
2018-01-29 10:50:57.816000,33.55,33.5,33.55,19365231.0
2018-01-29 10:51:01.277000,33.55,33.5,33.55,19365231.0
2018-01-29 10:51:04.301000,33.55,33.5,33.55,19365231.0
2018-01-29 10:51:07.097000,33.55,33.5,33.55,19365231.0
2018-01-29 10:51:09.775000,33.55,33.5,33.55,19365231.0
2018-01-29 10:51:12.615000,33.55,33.5,33.55,19365231.0
2018-01-29 10:51:15.193000,33.55,33.5,33.55,19365231.0
2018-01-29 10:51:17.935000,33.55,33.5,33.55,19365231.0
2018-01-29 10:51:20.755000,33.55,33.5,33.55,19365231.0
2018-01-29 10:51:23.990000,33.55,33.5,33.55,19365231.0
2018-01-29 10:51:26.925000,33.55,33.5,33.55,19365231.0
2018-01-29 10:51:29.662000,33.55,33.5,33.55,19365231.0
2018-01-29 10:51:32.416000,33.55,33.5,33.55,19365231.0
2018-01-29 10:51:35.556000,33.5,33.5,33.55,19387731.0
2018-01-29 10:51:40.118000,33.5,33.5,33.55,19387731.0
2018-01-29 10:51:43.060000,33.5,33.5,33.55,19387731.0
2018-01-29 10:51:46.099000,33.5,33.5,33.55,19387731.0
2018-01-29 10:51:48.791000,33.5,33.5,33.55,19387731.0
2018-01-29 10:51:51.559000,33.5,33.5,33.55,19387731.0
2018-01-29 10:51:54.308000,33.5,33.5,33.55,19387731.0
2018-01-29 10:51:57.209000,33.5,33.5,33.55,19387731.0
2018-01-29 10:52:00.053000,33.5,33.5,33.55,19387731.0
2018-01-29 10:52:02.767000,33.5,33.5,33.55,19387731.0
2018-01-29 10:52:05.524000,33.5,33.5,33.55,19387731.0
2018-01-29 10:52:08.245000,33.5,33.5,33.55,19387731.0
2018-01-29 10:52:10.735000,33.5,33.5,33.55,19387731.0
2018-01-29 10:52:13.927000,33.5,33.5,33.55,19387731.0
2018-01-29 10:52:16.622000,33.5,33.5,33.55,19387731.0
2018-01-29 10:52:19.631000,33.5,33.5,33.55,19387731.0
2018-01-29 10:52:22.339000,33.5,33.5,33.55,19387731.0
2018-01-29 10:52:25.278000,33.5,33.5,33.55,19387731.0
2018-01-29 10:52:28.157000,33.5,33.5,33.55,19387731.0
2018-01-29 10:52:30.881000,33.5,33.5,33.55,19387731.0
2018-01-29 10:52:34.318000,33.5,33.5,33.55,19387731.0
2018-01-29 10:52:37.001000,33.5,33.5,33.55,19387731.0
2018-01-29 10:52:39.995000,33.5,33.5,33.55,19387731.0
2018-01-29 10:52:42.681000,33.5,33.5,33.55,19387731.0
2018-01-29 10:52:45.319000,33.5,33.5,33.55,19387731.0
2018-01-29 10:52:49.333000,33.5,33.5,33.55,19387731.0
2018-01-29 10:52:53.394000,33.5,33.5,33.55,19387731.0
2018-01-29 10:52:57.684000,33.5,33.5,33.55,19387731.0
2018-01-29 10:53:01.653000,33.5,33.5,33.55,19387731.0
2018-01-29 10:53:04.968000,33.5,33.5,33.55,19387731.0
2018-01-29 10:53:08.218000,33.5,33.5,33.55,19387731.0
2018-01-29 10:53:11.358000,33.5,33.5,33.55,19387731.0
2018-01-29 10:53:14.354000,33.5,33.5,33.55,19387731.0
2018-01-29 10:53:17.356000,33.5,33.5,33.55,19387731.0
2018-01-29 10:53:20.331000,33.5,33.5,33.55,19387731.0
2018-01-29 10:53:23.307000,33.5,33.5,33.55,19387731.0
2018-01-29 10:53:26.224000,33.5,33.5,33.55,19387731.0
2018-01-29 10:53:29.224000,33.5,33.5,33.55,19387731.0
2018-01-29 10:53:32.476000,33.5,33.5,33.55,19387731.0
2018-01-29 10:53:35.524000,33.5,33.5,33.55,19387731.0
2018-01-29 10:53:38.392000,33.5,33.5,33.55,19387731.0
2018-01-29 10:53:41.655000,33.5,33.5,33.55,19387731.0
2018-01-29 10:53:44.633000,33.5,33.5,33.55,19387731.0
2018-01-29 10:53:47.389000,33.5,33.5,33.55,19387731.0
2018-01-29 10:53:50.222000,33.5,33.5,33.55,19387731.0
2018-01-29 10:53:53.488000,33.5,33.5,33.55,19387731.0
2018-01-29 10:53:56.477000,33.5,33.5,33.55,19387731.0
2018-01-29 10:53:59.618000,33.5,33.5,33.55,19387731.0
2018-01-29 10:54:02.747000,33.5,33.5,33.55,19387731.0
2018-01-29 10:54:05.892000,33.5,33.5,33.55,19387731.0
2018-01-29 10:54:08.769000,33.5,33.5,33.55,19387731.0
2018-01-29 10:54:11.634000,33.5,33.5,33.55,19387731.0
2018-01-29 10:54:14.540000,33.5,33.5,33.55,19387731.0
2018-01-29 10:54:17.315000,33.5,33.5,33.55,19387731.0
2018-01-29 10:54:20.222000,33.5,33.5,33.55,19387731.0
2018-01-29 10:54:22.949000,33.5,33.5,33.55,19387731.0
2018-01-29 10:54:25.651000,33.5,33.5,33.55,19387731.0
2018-01-29 10:54:28.699000,33.5,33.5,33.55,19387731.0
2018-01-29 10:54:31.692000,33.5,33.5,33.55,19387731.0
2018-01-29 10:54:34.592000,33.55,33.5,33.55,19389293.0
2018-01-29 10:54:37.543000,33.55,33.5,33.55,19389293.0
2018-01-29 10:54:40.369000,33.55,33.5,33.55,19389293.0
2018-01-29 10:54:43.161000,33.55,33.5,33.55,19389293.0
2018-01-29 10:54:46.229000,33.55,33.5,33.55,19389293.0
2018-01-29 10:54:49.163000,33.55,33.5,33.55,19389293.0
2018-01-29 10:54:52.043000,33.55,33.5,33.55,19389293.0
2018-01-29 10:54:54.855000,33.55,33.5,33.55,19389293.0
2018-01-29 10:54:57.806000,33.55,33.5,33.55,19389293.0
2018-01-29 10:55:00.510000,33.55,33.5,33.55,19389293.0
2018-01-29 10:55:03.192000,33.55,33.5,33.55,19389293.0
2018-01-29 10:55:06.007000,33.55,33.5,33.55,19389293.0
2018-01-29 10:55:08.567000,33.55,33.5,33.55,19389293.0
2018-01-29 10:55:11.662000,33.55,33.5,33.55,19389293.0
2018-01-29 10:55:14.517000,33.55,33.5,33.55,19389293.0
2018-01-29 10:55:17.767000,33.55,33.5,33.55,19389293.0
2018-01-29 10:55:20.664000,33.55,33.5,33.55,19389293.0
2018-01-29 10:55:23.557000,33.55,33.5,33.55,19389293.0
2018-01-29 10:55:26.620000,33.55,33.5,33.55,19389293.0
2018-01-29 10:55:29.366000,33.55,33.5,33.55,19389293.0
2018-01-29 10:55:32.055000,33.55,33.5,33.55,19389293.0
2018-01-29 10:55:34.854000,33.55,33.5,33.55,19389293.0
2018-01-29 10:55:37.936000,33.55,33.5,33.55,19389293.0
2018-01-29 10:55:40.638000,33.55,33.5,33.55,19389293.0
2018-01-29 10:55:43.509000,33.55,33.5,33.55,19389293.0
2018-01-29 10:55:46.151000,33.55,33.5,33.55,19389293.0
2018-01-29 10:55:48.739000,33.55,33.5,33.55,19389293.0
2018-01-29 10:55:51.843000,33.55,33.5,33.55,19389293.0
2018-01-29 10:55:54.755000,33.55,33.5,33.55,19389293.0
2018-01-29 10:55:58.104000,33.55,33.5,33.55,19389293.0
2018-01-29 10:56:00.939000,33.55,33.5,33.55,19389293.0
2018-01-29 10:56:03.974000,33.55,33.5,33.55,19389293.0
2018-01-29 10:56:06.921000,33.55,33.5,33.55,19389293.0
2018-01-29 10:56:09.786000,33.55,33.5,33.55,19389293.0
2018-01-29 10:56:12.575000,33.55,33.5,33.55,19389293.0
2018-01-29 10:56:15.432000,33.55,33.5,33.55,19389293.0
2018-01-29 10:56:18.387000,33.55,33.5,33.55,19389293.0
2018-01-29 10:56:21.009000,33.55,33.5,33.55,19389293.0
2018-01-29 10:56:23.992000,33.55,33.5,33.55,19389293.0
2018-01-29 10:56:26.758000,33.55,33.5,33.55,19389293.0
2018-01-29 10:56:29.779000,33.55,33.5,33.55,19389293.0
2018-01-29 10:56:32.589000,33.55,33.5,33.55,19389293.0
2018-01-29 10:56:35.449000,33.55,33.5,33.55,19389293.0
2018-01-29 10:56:38.203000,33.55,33.5,33.55,19389293.0
2018-01-29 10:56:41.073000,33.55,33.5,33.55,19389293.0
2018-01-29 10:56:44.005000,33.55,33.5,33.55,19389293.0
2018-01-29 10:56:46.739000,33.55,33.5,33.55,19389293.0
2018-01-29 10:56:49.429000,33.55,33.5,33.55,19389293.0
2018-01-29 10:56:52.248000,33.55,33.5,33.55,19389293.0
2018-01-29 10:56:54.980000,33.55,33.5,33.55,19389293.0
2018-01-29 10:56:57.943000,33.55,33.5,33.55,19389293.0
2018-01-29 10:57:00.828000,33.55,33.5,33.55,19389293.0
2018-01-29 10:57:03.749000,33.55,33.5,33.55,19389293.0
2018-01-29 10:57:06.465000,33.55,33.5,33.55,19389293.0
2018-01-29 10:57:09.490000,33.55,33.5,33.55,19389293.0
2018-01-29 10:57:12.297000,33.55,33.5,33.55,19389293.0
2018-01-29 10:57:15.152000,33.55,33.5,33.55,19389293.0
2018-01-29 10:57:17.994000,33.55,33.5,33.55,19389293.0
2018-01-29 10:57:20.904000,33.55,33.5,33.55,19389293.0
2018-01-29 10:57:23.729000,33.55,33.5,33.55,19389293.0
2018-01-29 10:57:26.669000,33.55,33.5,33.55,19389293.0
2018-01-29 10:57:29.669000,33.55,33.5,33.55,19389293.0
2018-01-29 10:57:32.512000,33.55,33.5,33.55,19389293.0
2018-01-29 10:57:35.311000,33.55,33.5,33.55,19389293.0
2018-01-29 10:57:37.801000,,,,
2018-01-29 10:57:40.707000,33.55,33.5,33.55,19389293.0
2018-01-29 10:57:43.716000,33.55,33.5,33.55,19389293.0
2018-01-29 10:57:46.562000,33.55,33.5,33.55,19389293.0
2018-01-29 10:57:49.304000,33.55,33.5,33.55,19389293.0
2018-01-29 10:57:52.341000,33.55,33.5,33.55,19389293.0
2018-01-29 10:57:55.245000,33.55,33.5,33.55,19389293.0
2018-01-29 10:57:57.969000,33.55,33.5,33.55,19389293.0
2018-01-29 10:58:00.726000,33.55,33.5,33.55,19389293.0
2018-01-29 10:58:03.492000,33.55,33.5,33.55,19389293.0
2018-01-29 10:58:06.466000,33.55,33.5,33.55,19389293.0
2018-01-29 10:58:09.290000,33.5,33.5,33.55,19393793.0
2018-01-29 10:58:12.268000,33.5,33.5,33.55,19393793.0
2018-01-29 10:58:15.247000,33.5,33.5,33.55,19393793.0
2018-01-29 10:58:18.625000,33.5,33.5,33.55,19393793.0
2018-01-29 10:58:21.594000,33.5,33.5,33.55,19393793.0
2018-01-29 10:58:24.401000,33.5,33.5,33.55,19393793.0
2018-01-29 10:58:27.095000,33.5,33.5,33.55,19393793.0
2018-01-29 10:58:30.167000,33.5,33.5,33.55,19393793.0
2018-01-29 10:58:33.039000,33.5,33.5,33.55,19393793.0
2018-01-29 10:58:36.076000,33.5,33.5,33.55,19393793.0
2018-01-29 10:58:39.070000,33.5,33.5,33.55,19393793.0
2018-01-29 10:58:41.754000,33.5,33.5,33.55,19393793.0
2018-01-29 10:58:44.530000,33.5,33.5,33.55,19393793.0
2018-01-29 10:58:47.498000,33.5,33.5,33.55,19393793.0
2018-01-29 10:58:50.519000,33.5,33.5,33.55,19393793.0
2018-01-29 10:58:53.084000,33.5,33.5,33.55,19393793.0
2018-01-29 10:58:55.868000,33.5,33.5,33.55,19393793.0
2018-01-29 10:58:58.750000,33.5,33.5,33.55,19393793.0
2018-01-29 10:59:01.554000,33.5,33.5,33.55,19393793.0
2018-01-29 10:59:04.198000,33.5,33.5,33.55,19393793.0
2018-01-29 10:59:06.890000,33.5,33.5,33.55,19393793.0
2018-01-29 10:59:09.599000,33.5,33.5,33.55,19393793.0
2018-01-29 10:59:12.287000,33.5,33.5,33.55,19394793.0
2018-01-29 10:59:15.452000,33.5,33.5,33.55,19394793.0
2018-01-29 10:59:18.490000,33.5,33.5,33.55,19394793.0
2018-01-29 10:59:21.332000,33.5,33.5,33.55,19394793.0
2018-01-29 10:59:23.993000,33.5,33.5,33.55,19394793.0
2018-01-29 10:59:26.780000,33.5,33.5,33.55,19394793.0
2018-01-29 10:59:29.684000,33.5,33.5,33.55,19394793.0
2018-01-29 10:59:32.467000,33.5,33.5,33.55,19394793.0
2018-01-29 10:59:35.186000,33.5,33.5,33.55,19394793.0
2018-01-29 10:59:38.097000,33.5,33.5,33.55,19394793.0
2018-01-29 10:59:40.991000,33.5,33.5,33.55,19394793.0
2018-01-29 10:59:43.723000,33.5,33.5,33.55,19394793.0
2018-01-29 10:59:46.583000,33.5,33.5,33.55,19394793.0
2018-01-29 10:59:49.385000,33.5,33.5,33.55,19394793.0
2018-01-29 10:59:52.545000,33.5,33.5,33.55,19394793.0
2018-01-29 10:59:55.250000,33.5,33.5,33.55,19394793.0
2018-01-29 10:59:58.034000,33.5,33.5,33.55,19394793.0
2018-01-29 11:00:00.941000,33.5,33.5,33.55,19394793.0
2018-01-29 11:00:03.796000,33.5,33.5,33.55,19394793.0
2018-01-29 11:00:06.530000,33.5,33.5,33.55,19394793.0
2018-01-29 11:00:09.339000,33.5,33.5,33.55,19394793.0
2018-01-29 11:00:12.219000,33.5,33.5,33.55,19394793.0
2018-01-29 11:00:15.227000,33.5,33.5,33.55,19394793.0
2018-01-29 11:00:17.919000,33.5,33.5,33.55,19394793.0
2018-01-29 11:00:20.631000,33.5,33.5,33.55,19394793.0
2018-01-29 11:00:23.787000,33.5,33.5,33.55,19394793.0
2018-01-29 11:00:26.654000,33.5,33.5,33.55,19394793.0
2018-01-29 11:00:29.340000,33.5,33.5,33.55,19394793.0
2018-01-29 11:00:32.022000,33.5,33.5,33.55,19394793.0
2018-01-29 11:00:35.059000,33.5,33.5,33.55,19394793.0
2018-01-29 11:00:38.001000,33.5,33.5,33.55,19394793.0
2018-01-29 11:00:41.120000,33.5,33.5,33.55,19394793.0
2018-01-29 11:00:43.820000,33.5,33.5,33.55,19394793.0
2018-01-29 11:00:46.478000,33.5,33.5,33.55,19394793.0
2018-01-29 11:00:49.230000,33.5,33.5,33.55,19394793.0
2018-01-29 11:00:51.957000,33.5,33.5,33.55,19394793.0
2018-01-29 11:00:54.639000,33.5,33.5,33.55,19394793.0
2018-01-29 11:00:57.675000,33.5,33.5,33.55,19394793.0
2018-01-29 11:01:00.270000,33.5,33.5,33.55,19394793.0
2018-01-29 11:01:03.042000,33.5,33.5,33.55,19394793.0
2018-01-29 11:01:05.859000,33.5,33.5,33.55,19394793.0
2018-01-29 11:01:08.579000,33.5,33.5,33.55,19394793.0
2018-01-29 11:01:11.311000,33.5,33.5,33.55,19394793.0
2018-01-29 11:01:13.942000,33.5,33.5,33.55,19394793.0
2018-01-29 11:01:16.943000,33.5,33.5,33.55,19394793.0
2018-01-29 11:01:19.027000,,,,
2018-01-29 11:01:21.847000,33.5,33.5,33.55,19982293.0
2018-01-29 11:01:25.106000,33.5,33.5,33.55,19982293.0
2018-01-29 11:01:28.079000,33.5,33.5,33.55,19982293.0
2018-01-29 11:01:31.324000,33.5,33.5,33.55,19982293.0
2018-01-29 11:01:34.309000,33.5,33.5,33.55,19982293.0
2018-01-29 11:01:37.123000,33.5,33.45,33.5,20931293.0
2018-01-29 11:01:39.862000,33.5,33.45,33.5,20931293.0
2018-01-29 11:01:42.752000,33.5,33.45,33.5,20931293.0
2018-01-29 11:01:45.508000,33.5,33.45,33.5,20931293.0
2018-01-29 11:01:48.283000,33.5,33.45,33.5,20931293.0
2018-01-29 11:01:50.986000,33.5,33.45,33.5,20931293.0
2018-01-29 11:01:53.755000,33.5,33.45,33.5,20931293.0
2018-01-29 11:01:56.480000,33.5,33.45,33.5,20931293.0
2018-01-29 11:01:59.247000,33.5,33.45,33.5,20931293.0
2018-01-29 11:02:02.208000,33.5,33.45,33.5,20931293.0
2018-01-29 11:02:05.106000,33.5,33.45,33.5,20931293.0
2018-01-29 11:02:07.675000,33.5,33.45,33.5,20931293.0
2018-01-29 11:02:10.357000,33.5,33.45,33.5,20931293.0
2018-01-29 11:02:12.981000,33.5,33.45,33.5,20931293.0
2018-01-29 11:02:15.912000,33.5,33.45,33.5,20931293.0
2018-01-29 11:02:18.698000,33.5,33.45,33.5,20931293.0
2018-01-29 11:02:21.565000,33.5,33.45,33.5,20931293.0
2018-01-29 11:02:24.591000,33.5,33.45,33.5,20931293.0
2018-01-29 11:02:27.456000,33.5,33.45,33.5,20931293.0
2018-01-29 11:02:30.205000,33.5,33.45,33.5,20931293.0
2018-01-29 11:02:32.845000,33.5,33.45,33.5,20931293.0
2018-01-29 11:02:35.673000,33.5,33.45,33.5,20931293.0
2018-01-29 11:02:38.267000,33.5,33.45,33.5,21242659.0
2018-01-29 11:02:41.013000,33.5,33.45,33.5,21242659.0
2018-01-29 11:02:43.694000,33.5,33.45,33.5,21242659.0
2018-01-29 11:02:46.457000,33.5,33.45,33.5,21242659.0
2018-01-29 11:02:48.983000,33.5,33.45,33.5,21242659.0
2018-01-29 11:02:51.672000,33.5,33.45,33.5,21242659.0
2018-01-29 11:02:55.037000,33.5,33.45,33.5,21242659.0
2018-01-29 11:02:57.771000,33.5,33.45,33.5,21242659.0
2018-01-29 11:03:00.613000,33.5,33.45,33.5,21242659.0
2018-01-29 11:03:03.347000,33.5,33.45,33.5,21242659.0
2018-01-29 11:03:06.316000,33.5,33.45,33.5,21242659.0
2018-01-29 11:03:09.202000,33.5,33.45,33.5,21242659.0
2018-01-29 11:03:12.045000,33.5,33.45,33.5,21242659.0
2018-01-29 11:03:14.737000,33.5,33.45,33.5,21242659.0
2018-01-29 11:03:17.847000,33.5,33.45,33.5,21242659.0
2018-01-29 11:03:20.659000,33.5,33.45,33.5,21242659.0
2018-01-29 11:03:23.321000,33.5,33.45,33.5,21242659.0
2018-01-29 11:03:26.082000,33.5,33.45,33.5,21242659.0
2018-01-29 11:03:29.457000,33.5,33.45,33.5,21242659.0
2018-01-29 11:03:32.095000,33.5,33.45,33.5,21242659.0
2018-01-29 11:03:34.908000,33.5,33.45,33.5,21242659.0
2018-01-29 11:03:37.761000,33.5,33.45,33.5,21242659.0
2018-01-29 11:03:40.517000,33.5,33.45,33.5,21242659.0
2018-01-29 11:03:43.429000,33.5,33.45,33.5,21242659.0
2018-01-29 11:03:46.241000,33.5,33.45,33.5,21242659.0
2018-01-29 11:03:49.282000,33.5,33.45,33.5,21242659.0
2018-01-29 11:03:52.049000,33.5,33.45,33.5,21242659.0
2018-01-29 11:03:54.733000,33.5,33.45,33.5,21242659.0
2018-01-29 11:03:57.612000,33.5,33.45,33.5,21242659.0
2018-01-29 11:04:00.376000,33.5,33.45,33.5,21242659.0
2018-01-29 11:04:03.208000,33.45,33.45,33.5,21276659.0
2018-01-29 11:04:05.865000,33.45,33.45,33.5,21276659.0
2018-01-29 11:04:08.995000,33.45,33.45,33.5,21276659.0
2018-01-29 11:04:11.828000,33.45,33.45,33.5,21276659.0
2018-01-29 11:04:14.990000,33.45,33.45,33.5,21276659.0
2018-01-29 11:04:17.966000,33.45,33.45,33.5,21276659.0
2018-01-29 11:04:20.848000,33.45,33.45,33.5,21276659.0
2018-01-29 11:04:23.613000,33.45,33.45,33.5,21276659.0
2018-01-29 11:04:26.374000,33.45,33.45,33.5,21276659.0
2018-01-29 11:04:29.149000,33.45,33.45,33.5,21276659.0
2018-01-29 11:04:32.066000,33.45,33.45,33.5,21276659.0
2018-01-29 11:04:35.009000,33.45,33.45,33.5,21276659.0
2018-01-29 11:04:37.765000,33.45,33.45,33.5,21276659.0
2018-01-29 11:04:40.437000,33.45,33.45,33.5,21276659.0
2018-01-29 11:04:43.290000,33.45,33.45,33.5,21276659.0
2018-01-29 11:04:46.150000,33.45,33.45,33.5,21276659.0
2018-01-29 11:04:49.041000,33.45,33.45,33.5,21276659.0
2018-01-29 11:04:51.803000,33.45,33.45,33.5,21276659.0
2018-01-29 11:04:54.502000,33.45,33.45,33.5,21276659.0
2018-01-29 11:04:57.380000,33.45,33.45,33.5,21276659.0
2018-01-29 11:05:00.318000,33.45,33.45,33.5,21276659.0
2018-01-29 11:05:03.249000,33.45,33.45,33.5,21276659.0
2018-01-29 11:05:06.342000,33.45,33.45,33.5,21278159.0
2018-01-29 11:05:09.161000,33.45,33.45,33.5,21278159.0
2018-01-29 11:05:12.135000,33.45,33.45,33.5,21278159.0
2018-01-29 11:05:15.582000,33.45,33.45,33.5,21278159.0
2018-01-29 11:05:18.311000,33.45,33.45,33.5,21278159.0
2018-01-29 11:05:21.427000,33.45,33.45,33.5,21278159.0
2018-01-29 11:05:24.191000,33.45,33.45,33.5,21278159.0
2018-01-29 11:05:27.044000,33.45,33.45,33.5,21278159.0
2018-01-29 11:05:29.863000,33.45,33.45,33.5,21278159.0
2018-01-29 11:05:32.791000,33.45,33.45,33.5,21278159.0
2018-01-29 11:05:36.311000,33.45,33.45,33.5,21278159.0
2018-01-29 11:05:40.688000,33.45,33.45,33.5,21278159.0
2018-01-29 11:05:44.201000,33.45,33.45,33.5,21278159.0
2018-01-29 11:05:47.042000,33.45,33.4,33.45,21293159.0
2018-01-29 11:05:49.971000,33.45,33.4,33.45,21293159.0
2018-01-29 11:05:52.732000,33.45,33.4,33.45,21293159.0
2018-01-29 11:05:55.554000,33.45,33.4,33.45,21293159.0
2018-01-29 11:05:58.322000,33.45,33.4,33.45,21293159.0
2018-01-29 11:06:01.177000,33.45,33.4,33.45,21293159.0
2018-01-29 11:06:04.072000,33.45,33.4,33.45,21293159.0
2018-01-29 11:06:06.925000,33.45,33.4,33.45,21293159.0
2018-01-29 11:06:09.722000,33.45,33.4,33.45,21293159.0
2018-01-29 11:06:12.522000,33.45,33.4,33.45,21293159.0
2018-01-29 11:06:15.504000,33.45,33.4,33.45,21293159.0
2018-01-29 11:06:18.241000,33.45,33.4,33.45,21293159.0
2018-01-29 11:06:20.990000,33.45,33.4,33.45,21293159.0
2018-01-29 11:06:23.815000,33.45,33.4,33.45,21293159.0
2018-01-29 11:06:26.561000,33.45,33.4,33.45,21293159.0
2018-01-29 11:06:29.310000,33.45,33.4,33.45,21293159.0
2018-01-29 11:06:32.107000,33.45,33.4,33.45,21293159.0
2018-01-29 11:06:34.940000,33.45,33.4,33.45,21293159.0
2018-01-29 11:06:37.682000,33.45,33.4,33.5,21303659.0
2018-01-29 11:06:40.443000,33.45,33.4,33.5,21303659.0
2018-01-29 11:06:43.329000,33.45,33.4,33.5,21303659.0
2018-01-29 11:06:46.070000,33.45,33.4,33.5,21303659.0
2018-01-29 11:06:48.652000,33.45,33.4,33.5,21303659.0
2018-01-29 11:06:51.430000,33.45,33.4,33.5,21303659.0
2018-01-29 11:06:54.528000,33.45,33.4,33.5,21303659.0
2018-01-29 11:06:57.275000,33.45,33.4,33.5,21303659.0
2018-01-29 11:07:00.021000,33.45,33.4,33.5,21303659.0
2018-01-29 11:07:02.726000,33.45,33.4,33.5,21303659.0
2018-01-29 11:07:05.411000,33.45,33.4,33.5,21303659.0
2018-01-29 11:07:08.211000,33.45,33.4,33.5,21303659.0
2018-01-29 11:07:10.960000,33.45,33.4,33.5,21303659.0
2018-01-29 11:07:13.595000,33.45,33.4,33.5,21303659.0
2018-01-29 11:07:16.106000,33.45,33.4,33.5,21303659.0
2018-01-29 11:07:18.684000,33.45,33.4,33.5,21303659.0
2018-01-29 11:07:21.423000,33.45,33.4,33.5,21303659.0
2018-01-29 11:07:24.203000,33.45,33.4,33.5,21303659.0
2018-01-29 11:07:27.012000,33.45,33.4,33.45,21507659.0
2018-01-29 11:07:29.896000,33.45,33.4,33.45,21507659.0
2018-01-29 11:07:32.711000,33.45,33.4,33.45,21507659.0
2018-01-29 11:07:35.417000,33.45,33.4,33.45,21507659.0
2018-01-29 11:07:38.106000,33.45,33.4,33.45,21507659.0
2018-01-29 11:07:40.915000,33.45,33.4,33.45,21507659.0
2018-01-29 11:07:43.903000,33.45,33.4,33.45,21507659.0
2018-01-29 11:07:46.748000,33.45,33.4,33.45,21507659.0
2018-01-29 11:07:49.492000,33.45,33.4,33.45,21507659.0
2018-01-29 11:07:52.153000,33.45,33.4,33.45,21507659.0
2018-01-29 11:07:54.801000,33.45,33.4,33.45,21507659.0
2018-01-29 11:07:57.529000,33.45,33.4,33.45,21507659.0
2018-01-29 11:08:00.301000,33.45,33.4,33.45,21507659.0
2018-01-29 11:08:03.118000,33.45,33.4,33.45,21507659.0
2018-01-29 11:08:05.806000,33.45,33.4,33.45,21507659.0
2018-01-29 11:08:08.884000,33.45,33.4,33.45,21507659.0
2018-01-29 11:08:11.743000,33.45,33.45,33.5,21530659.0
2018-01-29 11:08:14.513000,33.45,33.45,33.5,21530659.0
2018-01-29 11:08:17.289000,33.45,33.45,33.5,21530659.0
2018-01-29 11:08:19.910000,33.45,33.45,33.5,21530659.0
2018-01-29 11:08:22.841000,33.45,33.45,33.5,21530659.0
2018-01-29 11:08:25.699000,33.45,33.45,33.5,21530659.0
2018-01-29 11:08:28.625000,33.45,33.45,33.5,21530659.0
2018-01-29 11:08:31.429000,33.45,33.45,33.5,21530659.0
2018-01-29 11:08:34.102000,33.45,33.4,33.45,22031159.0
2018-01-29 11:08:36.901000,33.45,33.4,33.45,22031159.0
2018-01-29 11:08:40.191000,33.45,33.4,33.45,22031159.0
2018-01-29 11:08:43.210000,33.45,33.4,33.45,22031159.0
2018-01-29 11:08:45.883000,33.45,33.4,33.45,22031159.0
2018-01-29 11:08:48.763000,33.45,33.4,33.45,22031159.0
2018-01-29 11:08:51.592000,33.45,33.4,33.45,22031159.0
2018-01-29 11:08:54.574000,33.45,33.4,33.45,22031159.0
2018-01-29 11:08:57.556000,33.45,33.4,33.45,22031159.0
2018-01-29 11:09:00.240000,33.45,33.4,33.45,22031159.0
2018-01-29 11:09:03.959000,33.45,33.4,33.45,22031159.0
2018-01-29 11:09:06.728000,33.45,33.4,33.45,22031159.0
2018-01-29 11:09:09.897000,33.45,33.4,33.45,22435159.0
2018-01-29 11:09:14.652000,33.45,33.4,33.45,22435159.0
2018-01-29 11:09:17.553000,33.45,33.4,33.45,22435159.0
2018-01-29 11:09:21.165000,33.45,33.4,33.45,22435159.0
2018-01-29 11:09:24.250000,33.45,33.4,33.45,22435159.0
2018-01-29 11:09:27.101000,33.45,33.4,33.45,22435159.0
2018-01-29 11:09:29.930000,33.45,33.4,33.45,22435159.0
2018-01-29 11:09:32.940000,33.45,33.4,33.45,22435159.0
2018-01-29 11:09:35.934000,33.45,33.4,33.45,22435159.0
2018-01-29 11:09:38.728000,33.45,33.4,33.45,22435159.0
2018-01-29 11:09:41.497000,33.45,33.4,33.45,22435159.0
2018-01-29 11:09:44.341000,33.45,33.4,33.45,22435159.0
2018-01-29 11:09:47.313000,33.45,33.4,33.45,22435159.0
2018-01-29 11:09:50.163000,33.45,33.4,33.45,22435159.0
2018-01-29 11:09:53.284000,33.45,33.4,33.45,22435159.0
2018-01-29 11:09:56.009000,33.45,33.4,33.45,22435159.0
2018-01-29 11:09:58.938000,33.45,33.4,33.45,22435159.0
2018-01-29 11:10:01.725000,33.45,33.4,33.45,22435159.0
2018-01-29 11:10:04.435000,33.45,33.4,33.45,22435159.0
2018-01-29 11:10:07.272000,33.45,33.4,33.45,22435159.0
2018-01-29 11:10:10.084000,33.45,33.4,33.45,22435159.0
2018-01-29 11:10:12.859000,33.45,33.4,33.45,22435159.0
2018-01-29 11:10:15.760000,33.4,33.4,33.45,22486673.0
2018-01-29 11:10:18.739000,33.4,33.4,33.45,22486673.0
2018-01-29 11:10:21.689000,33.4,33.4,33.45,22486673.0
2018-01-29 11:10:25.211000,33.4,33.4,33.45,22509673.0
2018-01-29 11:10:28.221000,33.4,33.4,33.45,22509673.0
2018-01-29 11:10:30.991000,33.4,33.4,33.45,22509673.0
2018-01-29 11:10:33.956000,33.4,33.4,33.45,22509673.0
2018-01-29 11:10:36.873000,33.4,33.4,33.45,22509673.0
2018-01-29 11:10:41.119000,33.4,33.4,33.45,22509673.0
2018-01-29 11:10:44.029000,33.4,33.4,33.45,22509673.0
2018-01-29 11:10:46.673000,33.4,33.4,33.45,22509673.0
2018-01-29 11:10:49.487000,33.4,33.4,33.45,22509673.0
2018-01-29 11:10:52.405000,33.4,33.4,33.45,22509673.0
2018-01-29 11:10:55.367000,33.4,33.4,33.45,22509673.0
2018-01-29 11:10:58.137000,33.4,33.4,33.45,22509673.0
2018-01-29 11:11:01.007000,33.4,33.4,33.45,22509673.0
2018-01-29 11:11:04.075000,33.4,33.4,33.45,22509673.0
2018-01-29 11:11:07.078000,33.4,33.4,33.45,22509673.0
2018-01-29 11:11:09.993000,33.4,33.4,33.45,22509673.0
2018-01-29 11:11:12.790000,33.4,33.4,33.45,22509673.0
2018-01-29 11:11:15.431000,33.4,33.4,33.45,22509673.0
2018-01-29 11:11:18.403000,33.4,33.35,33.4,22567673.0
2018-01-29 11:11:21.378000,33.4,33.35,33.4,22567673.0
2018-01-29 11:11:24.560000,33.4,33.35,33.4,22567673.0
2018-01-29 11:11:27.452000,33.4,33.35,33.4,22567673.0
2018-01-29 11:11:30.118000,33.4,33.35,33.4,22567673.0
2018-01-29 11:11:33.389000,33.4,33.35,33.4,22567673.0
2018-01-29 11:11:36.263000,33.4,33.35,33.4,22567673.0
2018-01-29 11:11:38.998000,33.4,33.35,33.4,22567673.0
2018-01-29 11:11:41.623000,33.4,33.35,33.4,22567673.0
2018-01-29 11:11:44.326000,33.4,33.35,33.4,22567673.0
2018-01-29 11:11:47.421000,33.4,33.35,33.4,22567673.0
2018-01-29 11:11:50.181000,33.4,33.35,33.4,22567673.0
2018-01-29 11:11:52.905000,33.4,33.35,33.4,22567673.0
2018-01-29 11:11:55.765000,33.4,33.35,33.4,22567673.0
2018-01-29 11:11:58.503000,33.4,33.35,33.4,22567673.0
2018-01-29 11:12:01.245000,33.4,33.35,33.4,22567673.0
2018-01-29 11:12:04.079000,33.4,33.35,33.4,22567673.0
2018-01-29 11:12:07.034000,33.4,33.35,33.4,22567673.0
2018-01-29 11:12:09.860000,33.4,33.35,33.4,22567673.0
2018-01-29 11:12:12.900000,33.4,33.35,33.4,22567673.0
2018-01-29 11:12:15.668000,33.4,33.35,33.4,22567673.0
2018-01-29 11:12:18.420000,33.4,33.35,33.4,22567673.0
2018-01-29 11:12:21.329000,33.4,33.35,33.4,22567673.0
2018-01-29 11:12:24.238000,33.4,33.35,33.4,22567673.0
2018-01-29 11:12:27.233000,33.4,33.35,33.4,22567673.0
2018-01-29 11:12:30.055000,33.4,33.35,33.4,22567673.0
2018-01-29 11:12:33.597000,33.4,33.35,33.4,22567673.0
2018-01-29 11:12:36.861000,33.4,33.35,33.4,22567673.0
2018-01-29 11:12:41.315000,33.4,33.35,33.4,22567673.0
2018-01-29 11:12:44.455000,33.4,33.35,33.4,22567673.0
2018-01-29 11:12:48.678000,33.4,33.35,33.4,22567673.0
2018-01-29 11:12:51.784000,33.4,33.35,33.4,22567673.0
2018-01-29 11:12:55.577000,33.4,33.35,33.4,22567673.0
2018-01-29 11:12:58.736000,33.4,33.35,33.4,22567673.0
2018-01-29 11:13:01.716000,33.4,33.35,33.4,22567673.0
2018-01-29 11:13:04.828000,33.4,33.35,33.4,22567673.0
2018-01-29 11:13:07.986000,33.4,33.35,33.4,22567673.0
2018-01-29 11:13:10.978000,33.4,33.35,33.4,22567673.0
2018-01-29 11:13:14.217000,33.35,33.35,33.4,22586173.0
2018-01-29 11:13:16.936000,33.35,33.35,33.4,22586173.0
2018-01-29 11:13:20.032000,33.35,33.35,33.4,22586173.0
2018-01-29 11:13:22.826000,33.35,33.35,33.4,22586173.0
2018-01-29 11:13:26.339000,33.35,33.35,33.4,22586173.0
2018-01-29 11:13:29.221000,33.35,33.35,33.4,22586173.0
2018-01-29 11:13:32.625000,33.35,33.35,33.4,22586173.0
2018-01-29 11:13:35.547000,33.35,33.35,33.4,22586173.0
2018-01-29 11:13:38.956000,33.35,33.35,33.4,22586173.0
2018-01-29 11:13:44.161000,33.35,33.35,33.4,22586173.0
2018-01-29 11:13:50.576000,33.4,33.35,33.45,22624173.0
2018-01-29 11:13:53.764000,33.4,33.35,33.45,22624173.0
2018-01-29 11:13:57.517000,33.4,33.35,33.45,22624173.0
2018-01-29 11:14:05.084000,33.4,33.35,33.45,22624173.0
2018-01-29 11:14:08.981000,33.4,33.35,33.45,22624173.0
2018-01-29 11:14:12.273000,33.4,33.35,33.45,22624173.0
2018-01-29 11:14:15.356000,33.4,33.35,33.45,22624173.0
2018-01-29 11:14:19.032000,33.4,33.35,33.45,22624173.0
2018-01-29 11:14:22.302000,33.4,33.35,33.45,22624173.0
2018-01-29 11:14:25.481000,33.4,33.35,33.45,22624173.0
2018-01-29 11:14:28.536000,33.4,33.35,33.45,22624173.0
2018-01-29 11:14:31.677000,33.4,33.35,33.45,22624173.0
2018-01-29 11:14:34.536000,33.4,33.35,33.45,22624173.0
2018-01-29 11:14:37.313000,33.4,33.35,33.45,22624173.0
2018-01-29 11:14:40.370000,33.4,33.35,33.45,22628173.0
2018-01-29 11:14:43.242000,33.4,33.35,33.45,22628173.0
2018-01-29 11:14:46.072000,33.4,33.35,33.45,22628173.0
2018-01-29 11:14:48.922000,33.4,33.35,33.45,22628173.0
2018-01-29 11:14:51.745000,33.4,33.35,33.45,22628173.0
2018-01-29 11:14:54.408000,33.4,33.35,33.45,22628173.0
2018-01-29 11:14:57.042000,33.4,33.35,33.45,22628173.0
2018-01-29 11:14:59.802000,33.4,33.35,33.45,22628173.0
2018-01-29 11:15:02.501000,33.4,33.35,33.45,22628173.0
2018-01-29 11:15:05.525000,33.4,33.35,33.45,22628173.0
2018-01-29 11:15:08.336000,33.4,33.35,33.45,22628173.0
2018-01-29 11:15:15.223000,,,,
2018-01-29 11:15:18.081000,33.4,33.35,33.45,22628173.0
2018-01-29 11:15:20.767000,33.4,33.35,33.45,22628173.0
2018-01-29 11:15:23.571000,33.4,33.35,33.45,22628173.0
2018-01-29 11:15:26.579000,33.4,33.35,33.45,22628173.0
2018-01-29 11:15:29.673000,33.4,33.35,33.45,22628173.0
2018-01-29 11:15:32.332000,33.4,33.35,33.45,22628173.0
2018-01-29 11:15:35.208000,33.4,33.35,33.45,22628173.0
2018-01-29 11:15:37.959000,33.4,33.4,33.45,22745673.0
2018-01-29 11:15:40.638000,33.4,33.4,33.45,22745673.0
2018-01-29 11:15:43.639000,33.4,33.4,33.45,22745673.0
2018-01-29 11:15:47.526000,33.4,33.4,33.45,22745673.0
2018-01-29 11:15:51.137000,33.4,33.4,33.45,22745673.0
2018-01-29 11:15:54.493000,33.4,33.4,33.45,22745673.0
2018-01-29 11:15:58.860000,33.4,33.4,33.45,22745673.0
2018-01-29 11:16:02.099000,33.4,33.4,33.45,22745673.0
2018-01-29 11:16:06.801000,33.4,33.4,33.45,22745673.0
2018-01-29 11:16:11.235000,33.4,33.4,33.45,22745673.0
2018-01-29 11:16:16.454000,33.4,33.4,33.45,22745673.0
2018-01-29 11:16:21.113000,33.4,33.4,33.45,22745673.0
2018-01-29 11:16:26.013000,33.4,33.4,33.45,22745673.0
2018-01-29 11:16:30.519000,33.4,33.4,33.45,22745673.0
2018-01-29 11:16:34.874000,33.4,33.4,33.45,22745673.0
2018-01-29 11:16:38.657000,33.4,33.4,33.45,22745673.0
2018-01-29 11:16:44.345000,33.4,33.4,33.45,22745673.0
2018-01-29 11:16:48.504000,33.4,33.4,33.45,22745673.0
2018-01-29 11:17:12,33.4,33.4,33.45,22745673.0
2018-01-29 11:17:18.541000,33.4,33.35,33.4,22752173.0
2018-01-29 11:17:21.987000,33.4,33.35,33.4,22752173.0
2018-01-29 11:17:25.581000,33.4,33.35,33.4,22752173.0
2018-01-29 11:17:28.348000,33.4,33.35,33.4,22752173.0
2018-01-29 11:17:31.691000,33.4,33.35,33.4,22752173.0
2018-01-29 11:17:34.426000,33.4,33.35,33.4,22752173.0
2018-01-29 11:17:37.243000,33.4,33.35,33.4,22752173.0
2018-01-29 11:17:40.411000,33.4,33.35,33.4,22752173.0
2018-01-29 11:17:43.360000,33.4,33.35,33.4,22752173.0
2018-01-29 11:17:46.222000,33.4,33.35,33.4,22752173.0
2018-01-29 11:17:48.990000,33.4,33.35,33.4,22752173.0
2018-01-29 11:17:51.742000,33.4,33.35,33.4,22752173.0
2018-01-29 11:17:54.474000,33.4,33.35,33.4,22752173.0
2018-01-29 11:17:57.284000,33.4,33.35,33.4,22752173.0
2018-01-29 11:18:00.225000,33.4,33.35,33.4,22752173.0
2018-01-29 11:18:03.150000,33.4,33.35,33.4,22752173.0
2018-01-29 11:18:07.259000,33.4,33.35,33.4,22752173.0
