time,price,bid,ask,volume
2018-01-25 13:19:31.379000,33.05,33.05,33.1,11279801.0
2018-01-25 13:19:33.882000,33.05,33.05,33.1,11279801.0
2018-01-25 13:19:36.528000,33.05,33.05,33.1,11279801.0
2018-01-25 13:19:39.269000,33.05,33.05,33.1,11279801.0
2018-01-25 13:19:41.626000,33.05,33.05,33.1,11279801.0
2018-01-25 13:19:44.100000,33.05,33.05,33.1,11279801.0
2018-01-25 13:19:46.504000,33.05,33.05,33.1,11279801.0
2018-01-25 13:19:48.913000,33.05,33.05,33.1,11279801.0
2018-01-25 13:19:51.390000,33.05,33.05,33.1,11279801.0
2018-01-25 13:19:54.068000,33.05,33.05,33.1,11279801.0
2018-01-25 13:19:56.812000,33.05,33.05,33.1,11279801.0
2018-01-25 13:19:59.365000,33.05,33.05,33.1,11279801.0
2018-01-25 13:20:01.776000,33.05,33.05,33.1,11279801.0
2018-01-25 13:20:04.257000,33.05,33.05,33.1,11279801.0
2018-01-25 13:20:07.018000,33.05,33.05,33.1,11279801.0
2018-01-25 13:20:09.906000,33.05,33.05,33.1,11279801.0
2018-01-25 13:20:12.503000,33.05,33.05,33.1,11279801.0
2018-01-25 13:20:15.202000,33.05,33.05,33.1,11279801.0
2018-01-25 13:20:18.096000,33.05,33.05,33.1,11279801.0
2018-01-25 13:20:20.642000,33.05,33.05,33.1,11279801.0
2018-01-25 13:20:23.490000,33.05,33.05,33.1,11279801.0
2018-01-25 13:20:26.215000,33.05,33.05,33.1,11279801.0
2018-01-25 13:20:29.097000,33.05,33.05,33.1,11279801.0
2018-01-25 13:20:31.839000,33.05,33.05,33.1,11279801.0
2018-01-25 13:20:34.527000,33.1,33.05,33.1,11280550.0
2018-01-25 13:20:37.225000,33.1,33.05,33.1,11280550.0
2018-01-25 13:20:40.047000,33.1,33.05,33.1,11280550.0
2018-01-25 13:20:42.900000,33.1,33.05,33.1,11280550.0
2018-01-25 13:20:45.728000,33.1,33.05,33.1,11280550.0
2018-01-25 13:20:48.612000,33.1,33.05,33.1,11280550.0
2018-01-25 13:20:51.326000,33.1,33.05,33.1,11280550.0
2018-01-25 13:20:54.255000,33.1,33.05,33.1,11280550.0
2018-01-25 13:20:57.087000,33.1,33.05,33.1,11280550.0
2018-01-25 13:21:00.068000,33.1,33.05,33.1,11280550.0
2018-01-25 13:21:02.747000,33.1,33.05,33.1,11280550.0
2018-01-25 13:21:05.673000,33.1,33.05,33.1,11280550.0
2018-01-25 13:21:08.461000,33.1,33.05,33.1,11280550.0
2018-01-25 13:21:11.212000,33.1,33.05,33.1,11280550.0
2018-01-25 13:21:14.215000,33.1,33.05,33.1,11280550.0
2018-01-25 13:21:16.862000,33.1,33.05,33.1,11280550.0
2018-01-25 13:21:19.649000,33.1,33.05,33.1,11280550.0
2018-01-25 13:21:22.344000,33.1,33.05,33.1,11280550.0
2018-01-25 13:21:25.139000,33.1,33.05,33.1,11280550.0
2018-01-25 13:21:28.212000,33.1,33.05,33.1,11280550.0
2018-01-25 13:21:31.081000,33.1,33.05,33.1,11280550.0
2018-01-25 13:21:33.834000,33.1,33.05,33.1,11280550.0
2018-01-25 13:21:36.801000,33.1,33.05,33.1,11280550.0
2018-01-25 13:21:39.629000,33.1,33.05,33.1,11280550.0
2018-01-25 13:21:42.662000,33.1,33.05,33.1,11280550.0
2018-01-25 13:21:45.392000,33.1,33.05,33.1,11280550.0
2018-01-25 13:21:48.004000,33.1,33.05,33.1,11280550.0
2018-01-25 13:21:50.593000,33.1,33.05,33.1,11280550.0
2018-01-25 13:21:53.421000,33.1,33.05,33.1,11280550.0
2018-01-25 13:21:56.206000,33.1,33.05,33.1,11280550.0
2018-01-25 13:21:58.919000,33.1,33.05,33.1,11280550.0
2018-01-25 13:22:01.832000,33.1,33.05,33.1,11280550.0
2018-01-25 13:22:04.490000,33.1,33.05,33.1,11280550.0
2018-01-25 13:22:07.288000,33.1,33.05,33.1,11280550.0
2018-01-25 13:22:09.937000,33.1,33.05,33.1,11280550.0
2018-01-25 13:22:12.604000,33.1,33.05,33.1,11280550.0
2018-01-25 13:22:15.532000,33.1,33.05,33.1,11280550.0
2018-01-25 13:22:18.304000,33.1,33.05,33.1,11280550.0
2018-01-25 13:22:21.142000,33.1,33.05,33.1,11280550.0
2018-01-25 13:22:23.940000,33.1,33.05,33.1,11280550.0
2018-01-25 13:22:26.550000,33.1,33.05,33.1,11282050.0
2018-01-25 13:22:29.481000,33.1,33.05,33.1,11282050.0
2018-01-25 13:22:32.017000,33.1,33.05,33.1,11282050.0
2018-01-25 13:22:34.922000,33.1,33.05,33.1,11282050.0
2018-01-25 13:22:37.850000,33.1,33.05,33.1,11282050.0
2018-01-25 13:22:40.705000,33.1,33.05,33.1,11282050.0
2018-01-25 13:22:43.319000,33.1,33.05,33.1,11282050.0
2018-01-25 13:22:46.080000,33.1,33.05,33.1,11282050.0
2018-01-25 13:22:49.229000,33.1,33.05,33.1,11282050.0
2018-01-25 13:22:51.988000,33.1,33.05,33.1,11282050.0
2018-01-25 13:22:54.772000,33.1,33.05,33.1,11282050.0
2018-01-25 13:22:57.392000,33.1,33.05,33.1,11282050.0
2018-01-25 13:23:00.083000,33.1,33.05,33.1,11282050.0
2018-01-25 13:23:03.067000,33.1,33.05,33.1,11282050.0
2018-01-25 13:23:05.766000,33.1,33.05,33.1,11282050.0
2018-01-25 13:23:08.745000,33.1,33.05,33.1,11282050.0
2018-01-25 13:23:11.714000,33.1,33.05,33.1,11282050.0
2018-01-25 13:23:14.317000,33.1,33.05,33.1,11282050.0
2018-01-25 13:23:17.003000,33.1,33.05,33.1,11282050.0
2018-01-25 13:23:19.700000,33.1,33.05,33.1,11282050.0
2018-01-25 13:23:22.459000,33.1,33.05,33.1,11282050.0
2018-01-25 13:23:25.240000,33.1,33.05,33.1,11282050.0
2018-01-25 13:23:27.962000,33.1,33.05,33.1,11282050.0
2018-01-25 13:23:30.613000,33.1,33.05,33.1,11282050.0
2018-01-25 13:23:33.465000,33.1,33.05,33.1,11282050.0
2018-01-25 13:23:36.213000,33.1,33.05,33.1,11282050.0
2018-01-25 13:23:39.048000,33.1,33.05,33.1,11282050.0
2018-01-25 13:23:41.742000,33.1,33.05,33.1,11282050.0
2018-01-25 13:23:44.511000,33.1,33.05,33.1,11282050.0
2018-01-25 13:23:47.145000,33.1,33.05,33.1,11282050.0
2018-01-25 13:23:50.009000,33.1,33.05,33.1,11284050.0
2018-01-25 13:23:52.640000,33.1,33.05,33.1,11284050.0
2018-01-25 13:23:55.314000,33.1,33.05,33.1,11284050.0
2018-01-25 13:23:58.122000,33.1,33.05,33.1,11284050.0
2018-01-25 13:24:00.861000,33.1,33.05,33.1,11284050.0
2018-01-25 13:24:03.613000,33.1,33.05,33.1,11284050.0
2018-01-25 13:24:06.459000,33.1,33.05,33.1,11284050.0
2018-01-25 13:24:09.231000,33.1,33.05,33.1,11284050.0
2018-01-25 13:24:11.974000,33.1,33.05,33.1,11284050.0
2018-01-25 13:24:14.775000,33.1,33.05,33.1,11284050.0
2018-01-25 13:24:17.726000,33.1,33.05,33.1,11284050.0
2018-01-25 13:24:20.502000,33.1,33.05,33.1,11284050.0
2018-01-25 13:24:23.259000,33.1,33.05,33.1,11284050.0
2018-01-25 13:24:25.943000,33.1,33.05,33.1,11284050.0
2018-01-25 13:24:28.631000,33.1,33.05,33.1,11284050.0
2018-01-25 13:24:31.364000,33.1,33.05,33.1,11284050.0
2018-01-25 13:24:34.153000,33.1,33.05,33.1,11284050.0
2018-01-25 13:24:36.849000,33.1,33.05,33.1,11284050.0
2018-01-25 13:24:39.793000,33.1,33.05,33.1,11284050.0
2018-01-25 13:24:42.523000,33.1,33.05,33.1,11284050.0
2018-01-25 13:24:45.250000,33.1,33.05,33.1,11284050.0
2018-01-25 13:24:48.055000,33.1,33.05,33.1,11284050.0
2018-01-25 13:24:51.097000,33.1,33.05,33.1,11284050.0
2018-01-25 13:24:54.186000,33.1,33.05,33.1,11284050.0
2018-01-25 13:24:56.946000,33.1,33.05,33.1,11284050.0
2018-01-25 13:24:59.557000,33.1,33.05,33.1,11284050.0
2018-01-25 13:25:02.494000,33.1,33.05,33.1,11284050.0
2018-01-25 13:25:05.196000,33.1,33.05,33.1,11284050.0
2018-01-25 13:25:07.887000,33.1,33.05,33.1,11284050.0
2018-01-25 13:25:10.536000,33.1,33.05,33.1,11284050.0
2018-01-25 13:25:13.312000,33.1,33.05,33.1,11284050.0
2018-01-25 13:25:15.928000,33.1,33.05,33.1,11284050.0
2018-01-25 13:25:18.688000,33.1,33.05,33.1,11284050.0
2018-01-25 13:25:21.718000,33.1,33.05,33.1,11284050.0
2018-01-25 13:25:24.533000,33.1,33.05,33.1,11284050.0
2018-01-25 13:25:27.210000,33.1,33.05,33.1,11284050.0
2018-01-25 13:25:30.001000,33.1,33.05,33.1,11284050.0
2018-01-25 13:25:32.695000,33.1,33.05,33.1,11284050.0
2018-01-25 13:25:35.803000,33.1,33.05,33.1,11284050.0
2018-01-25 13:25:38.553000,33.1,33.05,33.1,11284050.0
2018-01-25 13:25:41.376000,33.1,33.05,33.1,11284050.0
2018-01-25 13:25:44.158000,33.1,33.05,33.1,11284050.0
2018-01-25 13:25:46.960000,33.1,33.05,33.1,11284050.0
2018-01-25 13:25:49.557000,33.1,33.05,33.1,11284050.0
2018-01-25 13:25:52.422000,33.1,33.05,33.1,11284050.0
2018-01-25 13:25:55.017000,33.1,33.05,33.1,11284050.0
2018-01-25 13:25:57.962000,33.1,33.05,33.1,11284050.0
2018-01-25 13:26:00.679000,33.1,33.05,33.1,11285550.0
2018-01-25 13:26:03.393000,33.1,33.05,33.1,11285550.0
2018-01-25 13:26:06.425000,33.1,33.05,33.1,11285550.0
2018-01-25 13:26:09.449000,33.1,33.05,33.1,11285550.0
2018-01-25 13:26:12.298000,33.1,33.05,33.1,11285550.0
2018-01-25 13:26:15.151000,33.1,33.05,33.1,11285550.0
2018-01-25 13:26:17.981000,33.1,33.05,33.1,11285550.0
2018-01-25 13:26:20.633000,33.1,33.05,33.1,11285550.0
2018-01-25 13:26:23.468000,33.1,33.05,33.1,11285550.0
2018-01-25 13:26:26.212000,33.1,33.05,33.1,11285550.0
2018-01-25 13:26:28.836000,33.1,33.05,33.1,11285550.0
2018-01-25 13:26:31.837000,33.1,33.05,33.1,11285550.0
2018-01-25 13:26:34.828000,33.1,33.05,33.1,11285550.0
2018-01-25 13:26:38.021000,33.1,33.05,33.1,11285550.0
2018-01-25 13:26:40.711000,33.1,33.05,33.1,11285550.0
2018-01-25 13:26:43.590000,33.1,33.05,33.1,11285550.0
2018-01-25 13:26:46.271000,33.1,33.05,33.1,11285550.0
2018-01-25 13:26:49.092000,33.1,33.05,33.1,11285550.0
2018-01-25 13:26:51.806000,33.1,33.05,33.1,11285550.0
2018-01-25 13:26:54.432000,33.1,33.05,33.1,11285550.0
2018-01-25 13:26:57.252000,33.1,33.05,33.1,11285550.0
2018-01-25 13:26:59.969000,33.1,33.05,33.1,11285550.0
2018-01-25 13:27:02.877000,33.1,33.05,33.1,11285550.0
2018-01-25 13:27:05.678000,33.1,33.05,33.1,11285550.0
2018-01-25 13:27:08.424000,33.1,33.05,33.1,11285550.0
2018-01-25 13:27:11.372000,33.1,33.05,33.1,11285550.0
2018-01-25 13:27:14.452000,33.1,33.05,33.1,11285550.0
2018-01-25 13:27:17.117000,33.1,33.05,33.1,11285550.0
2018-01-25 13:27:20.147000,33.1,33.05,33.1,11285550.0
2018-01-25 13:27:22.886000,33.05,33.05,33.1,11288050.0
2018-01-25 13:27:25.624000,33.05,33.05,33.1,11288050.0
2018-01-25 13:27:28.355000,33.05,33.05,33.1,11288050.0
2018-01-25 13:27:31.182000,33.05,33.05,33.1,11288050.0
2018-01-25 13:27:33.917000,33.05,33.05,33.1,11288050.0
2018-01-25 13:27:36.635000,33.05,33.05,33.1,11288050.0
2018-01-25 13:27:39.311000,33.05,33.05,33.1,11288050.0
2018-01-25 13:27:42.039000,33.05,33.05,33.1,11288050.0
2018-01-25 13:27:44.585000,33.05,33.05,33.1,11288050.0
2018-01-25 13:27:47.337000,33.05,33.05,33.1,11288050.0
2018-01-25 13:27:50.027000,33.05,33.05,33.1,11288050.0
2018-01-25 13:27:52.778000,33.05,33.05,33.1,11288050.0
2018-01-25 13:27:55.617000,33.05,33.05,33.1,11288050.0
2018-01-25 13:27:58.289000,33.05,33.05,33.1,11288050.0
2018-01-25 13:28:00.884000,33.05,33.05,33.1,11288050.0
2018-01-25 13:28:03.501000,33.05,33.05,33.1,11288050.0
2018-01-25 13:28:06.319000,33.05,33.05,33.1,11288050.0
2018-01-25 13:28:09.205000,33.05,33.05,33.1,11288050.0
2018-01-25 13:28:12.349000,33.05,33.05,33.1,11288050.0
2018-01-25 13:28:15.040000,33.05,33.05,33.1,11288050.0
2018-01-25 13:28:17.703000,33.05,33.05,33.1,11288050.0
2018-01-25 13:28:20.484000,33.05,33.05,33.1,11288050.0
2018-01-25 13:28:23.353000,33.05,33.05,33.1,11288050.0
2018-01-25 13:28:26.057000,33.05,33.05,33.1,11288050.0
2018-01-25 13:28:28.813000,33.05,33.05,33.1,11288050.0
2018-01-25 13:28:31.451000,33.05,33.05,33.1,11288050.0
2018-01-25 13:28:34.116000,33.05,33.05,33.1,11288050.0
2018-01-25 13:28:36.950000,33.05,33.05,33.1,11288050.0
2018-01-25 13:28:39.755000,33.05,33.05,33.1,11288050.0
2018-01-25 13:28:42.766000,33.05,33.05,33.1,11288050.0
2018-01-25 13:28:45.524000,33.05,33.05,33.1,11288050.0
2018-01-25 13:28:48.155000,33.05,33.05,33.1,11288050.0
2018-01-25 13:28:50.599000,33.05,33.05,33.1,11288050.0
2018-01-25 13:28:53.176000,33.05,33.05,33.1,11288050.0
2018-01-25 13:28:55.813000,33.05,33.05,33.1,11288050.0
2018-01-25 13:28:58.564000,33.05,33.05,33.1,11288050.0
2018-01-25 13:29:01.120000,33.05,33.05,33.1,11288050.0
2018-01-25 13:29:03.955000,33.05,33.05,33.1,11288050.0
2018-01-25 13:29:06.668000,33.05,33.05,33.1,11288050.0
2018-01-25 13:29:09.615000,33.05,33.05,33.1,11288050.0
2018-01-25 13:29:12.260000,33.05,33.05,33.1,11288050.0
2018-01-25 13:29:14.935000,33.05,33.05,33.1,11288050.0
2018-01-25 13:29:17.625000,33.05,33.05,33.1,11288050.0
2018-01-25 13:29:20.364000,33.05,33.05,33.1,11288050.0
2018-01-25 13:29:23.057000,33.05,33.05,33.1,11288050.0
2018-01-25 13:29:25.918000,33.05,33.05,33.1,11291050.0
2018-01-25 13:29:28.682000,33.05,33.05,33.1,11291050.0
2018-01-25 13:29:31.309000,33.05,33.05,33.1,11291050.0
2018-01-25 13:29:33.819000,33.05,33.05,33.1,11291050.0
2018-01-25 13:29:36.385000,33.05,33.05,33.1,11291050.0
2018-01-25 13:29:39.317000,33.05,33.05,33.1,11291050.0
2018-01-25 13:29:42.090000,33.05,33.05,33.1,11291050.0
2018-01-25 13:29:44.629000,33.05,33.05,33.1,11291050.0
2018-01-25 13:29:47.411000,33.05,33.05,33.1,11291050.0
2018-01-25 13:29:50.227000,33.05,33.05,33.1,11291050.0
2018-01-25 13:29:53.269000,33.05,33.05,33.1,11291050.0
2018-01-25 13:29:55.920000,33.05,33.05,33.1,11291050.0
2018-01-25 13:29:58.584000,33.05,33.05,33.1,11291050.0
2018-01-25 13:30:01.501000,33.05,33.05,33.1,11291050.0
2018-01-25 13:30:04.145000,33.05,33.05,33.1,11291050.0
2018-01-25 13:30:06.817000,33.05,33.05,33.1,11291050.0
2018-01-25 13:30:09.840000,33.05,33.05,33.1,11291050.0
2018-01-25 13:30:12.625000,33.05,33.05,33.1,11291050.0
2018-01-25 13:30:15.390000,33.05,33.05,33.1,11291050.0
2018-01-25 13:30:17.968000,33.05,33.05,33.1,11302550.0
2018-01-25 13:30:20.683000,33.05,33.05,33.1,11302550.0
2018-01-25 13:30:23.565000,33.05,33.05,33.1,11302550.0
2018-01-25 13:30:26.285000,33.05,33.05,33.1,11302550.0
2018-01-25 13:30:28.993000,33.05,33.05,33.1,11302550.0
2018-01-25 13:30:31.866000,33.05,33.05,33.1,11302550.0
2018-01-25 13:30:35.464000,33.05,33.05,33.1,11302550.0
2018-01-25 13:30:38.018000,33.05,33.05,33.1,11302550.0
2018-01-25 13:30:40.967000,33.05,33.05,33.1,11302550.0
2018-01-25 13:30:43.657000,33.05,33.05,33.1,11302550.0
2018-01-25 13:30:46.346000,33.05,33.05,33.1,11302550.0
2018-01-25 13:30:49.156000,33.05,33.05,33.1,11302550.0
2018-01-25 13:30:51.844000,33.05,33.05,33.1,11302550.0
2018-01-25 13:30:54.731000,33.05,33.05,33.1,11302550.0
2018-01-25 13:30:57.512000,33.05,33.05,33.1,11302550.0
2018-01-25 13:30:59.969000,33.05,33.05,33.1,11302550.0
2018-01-25 13:31:02.547000,33.05,33.0,33.05,11456550.0
2018-01-25 13:31:05.251000,33.05,33.0,33.05,11456550.0
2018-01-25 13:31:07.704000,33.05,33.0,33.05,11456550.0
2018-01-25 13:31:10.452000,33.05,33.0,33.05,11456550.0
2018-01-25 13:31:13.219000,33.05,33.0,33.05,11456550.0
2018-01-25 13:31:15.943000,33.05,33.0,33.05,11456550.0
2018-01-25 13:31:18.626000,33.05,33.0,33.05,11456550.0
2018-01-25 13:31:21.302000,33.05,33.0,33.05,11456550.0
2018-01-25 13:31:23.936000,33.05,33.0,33.05,11456550.0
2018-01-25 13:31:26.765000,33.05,33.0,33.05,11456550.0
2018-01-25 13:31:29.367000,33.05,33.0,33.05,11456550.0
2018-01-25 13:31:32.045000,33.05,33.0,33.05,11456550.0
2018-01-25 13:31:35.011000,33.05,33.0,33.05,11456550.0
2018-01-25 13:31:37.505000,33.05,33.0,33.05,11456550.0
2018-01-25 13:31:39.990000,33.05,33.0,33.05,11456550.0
2018-01-25 13:31:42.743000,33.05,33.0,33.05,11456550.0
2018-01-25 13:31:45.244000,33.05,33.0,33.05,11456550.0
2018-01-25 13:31:47.984000,33.05,33.0,33.05,11456550.0
2018-01-25 13:31:50.616000,33.05,33.0,33.05,11456550.0
2018-01-25 13:31:53.435000,33.05,33.0,33.05,11456550.0
2018-01-25 13:31:56.069000,33.05,33.0,33.05,11456550.0
2018-01-25 13:31:58.630000,33.05,33.0,33.05,11456550.0
2018-01-25 13:32:01.172000,33.05,33.0,33.05,11456550.0
2018-01-25 13:32:03.757000,33.05,33.0,33.05,11456550.0
2018-01-25 13:32:06.377000,33.05,33.0,33.05,11456550.0
2018-01-25 13:32:09.088000,33.05,33.0,33.05,11456550.0
2018-01-25 13:32:11.736000,33.05,33.0,33.05,11456550.0
2018-01-25 13:32:14.404000,33.05,33.0,33.05,11456550.0
2018-01-25 13:32:17.124000,33.05,33.0,33.05,11456550.0
2018-01-25 13:32:19.772000,33.05,33.0,33.05,11456550.0
2018-01-25 13:32:22.476000,33.05,33.0,33.05,11456550.0
2018-01-25 13:32:25.088000,33.05,33.0,33.05,11456550.0
2018-01-25 13:32:27.746000,33.05,33.0,33.05,11456550.0
2018-01-25 13:32:30.443000,33.05,33.0,33.05,11456550.0
2018-01-25 13:32:33.174000,33.05,33.0,33.05,11456550.0
2018-01-25 13:32:36.008000,33.05,33.0,33.05,11456550.0
2018-01-25 13:32:38.556000,33.05,33.0,33.05,11456550.0
2018-01-25 13:32:41.114000,33.05,33.0,33.05,11456550.0
2018-01-25 13:32:43.614000,33.05,33.0,33.05,11456550.0
2018-01-25 13:32:46.267000,33.05,33.0,33.05,11456550.0
2018-01-25 13:32:48.988000,33.05,33.0,33.05,11456550.0
2018-01-25 13:32:51.548000,33.05,33.0,33.05,11456550.0
2018-01-25 13:32:54.245000,33.05,33.0,33.05,11456550.0
2018-01-25 13:32:56.944000,33.05,33.0,33.05,11456550.0
2018-01-25 13:32:59.604000,33.05,33.0,33.05,11456550.0
2018-01-25 13:33:02.292000,33.05,33.0,33.05,11456550.0
2018-01-25 13:33:04.897000,33.05,33.0,33.05,11456550.0
2018-01-25 13:33:07.440000,33.05,33.0,33.05,11456550.0
2018-01-25 13:33:10.295000,33.05,33.0,33.05,11456550.0
2018-01-25 13:33:12.901000,33.05,33.0,33.05,11456550.0
2018-01-25 13:33:15.670000,33.05,33.0,33.05,11456550.0
2018-01-25 13:33:18.467000,33.05,33.0,33.05,11456550.0
2018-01-25 13:33:21.308000,33.05,33.0,33.05,11456550.0
2018-01-25 13:33:23.980000,33.05,33.0,33.05,11456550.0
2018-01-25 13:33:26.645000,33.05,33.0,33.05,11456550.0
2018-01-25 13:33:29.227000,33.05,33.0,33.05,11456550.0
2018-01-25 13:33:32.099000,33.05,33.0,33.05,11456550.0
2018-01-25 13:33:34.700000,33.05,33.0,33.05,11456550.0
2018-01-25 13:33:37.504000,33.1,33.05,33.1,11617550.0
2018-01-25 13:33:40.031000,33.1,33.05,33.1,11617550.0
2018-01-25 13:33:42.639000,33.1,33.05,33.1,11617550.0
2018-01-25 13:33:45.244000,33.1,33.05,33.1,11617550.0
2018-01-25 13:33:47.661000,33.1,33.05,33.1,11617550.0
2018-01-25 13:33:50.251000,33.1,33.05,33.1,11617550.0
2018-01-25 13:33:52.932000,33.1,33.05,33.1,11617550.0
2018-01-25 13:33:55.892000,33.1,33.05,33.1,11617550.0
2018-01-25 13:33:58.585000,33.1,33.05,33.1,11617550.0
2018-01-25 13:34:01.212000,33.1,33.05,33.1,11617550.0
2018-01-25 13:34:03.965000,33.1,33.05,33.1,11617550.0
2018-01-25 13:34:06.633000,33.1,33.05,33.1,11617550.0
2018-01-25 13:34:09.199000,33.1,33.05,33.1,11617550.0
2018-01-25 13:34:11.913000,33.1,33.05,33.1,11617550.0
2018-01-25 13:34:14.533000,33.1,33.05,33.1,11617550.0
2018-01-25 13:34:17.191000,33.1,33.05,33.1,11617550.0
2018-01-25 13:34:19.894000,33.1,33.05,33.1,11617550.0
2018-01-25 13:34:22.351000,33.1,33.05,33.1,11617550.0
2018-01-25 13:34:25.032000,33.1,33.05,33.1,11617550.0
2018-01-25 13:34:27.717000,33.1,33.05,33.1,11617550.0
2018-01-25 13:34:30.624000,33.1,33.05,33.1,11617550.0
2018-01-25 13:34:33.388000,33.1,33.05,33.1,11617550.0
2018-01-25 13:34:36.047000,33.1,33.05,33.1,11617550.0
2018-01-25 13:34:38.572000,33.1,33.05,33.1,11617550.0
2018-01-25 13:34:41.052000,33.1,33.05,33.1,11617550.0
2018-01-25 13:34:43.825000,33.1,33.05,33.1,11617550.0
2018-01-25 13:34:46.364000,33.1,33.05,33.1,11617550.0
2018-01-25 13:34:48.901000,33.1,33.05,33.1,11617550.0
2018-01-25 13:34:51.382000,33.05,33.05,33.1,11620550.0
2018-01-25 13:34:53.947000,33.05,33.05,33.1,11620550.0
2018-01-25 13:34:56.708000,33.05,33.05,33.1,11620550.0
2018-01-25 13:34:59.446000,33.05,33.05,33.1,11620550.0
2018-01-25 13:35:02.178000,33.05,33.05,33.1,11620550.0
2018-01-25 13:35:04.764000,33.05,33.05,33.1,11620550.0
2018-01-25 13:35:07.706000,33.05,33.05,33.1,11620550.0
2018-01-25 13:35:10.460000,33.05,33.05,33.1,11620550.0
2018-01-25 13:35:13.440000,33.05,33.05,33.1,11620550.0
2018-01-25 13:35:15.915000,33.05,33.05,33.1,11620550.0
2018-01-25 13:35:18.892000,33.05,33.05,33.1,11620550.0
2018-01-25 13:35:21.472000,33.05,33.05,33.1,11620550.0
2018-01-25 13:35:24.049000,33.05,33.05,33.1,11620550.0
2018-01-25 13:35:26.850000,33.05,33.05,33.1,11620550.0
2018-01-25 13:35:29.538000,33.05,33.05,33.1,11620550.0
2018-01-25 13:35:32.066000,33.05,33.05,33.1,11620550.0
2018-01-25 13:35:35.597000,33.05,33.05,33.1,11620550.0
2018-01-25 13:35:38.235000,33.05,33.05,33.1,11620550.0
2018-01-25 13:35:41.150000,33.05,33.05,33.1,11620550.0
2018-01-25 13:35:43.758000,33.05,33.05,33.1,11620550.0
2018-01-25 13:35:46.615000,33.05,33.05,33.1,11620550.0
2018-01-25 13:35:49.410000,33.05,33.05,33.1,11620550.0
2018-01-25 13:35:52.194000,33.05,33.05,33.1,11620550.0
2018-01-25 13:35:55.162000,33.05,33.05,33.1,11620550.0
2018-01-25 13:35:57.716000,33.05,33.05,33.1,11620550.0
2018-01-25 13:36:00.437000,33.05,33.05,33.1,11620550.0
2018-01-25 13:36:03.403000,33.05,33.05,33.1,11620550.0
2018-01-25 13:36:06,33.05,33.05,33.1,11620550.0
2018-01-25 13:36:08.601000,33.05,33.05,33.1,11620550.0
2018-01-25 13:36:11.153000,33.05,33.05,33.1,11620550.0
2018-01-25 13:36:13.853000,33.05,33.05,33.1,11620550.0
2018-01-25 13:36:16.569000,33.05,33.05,33.1,11620550.0
2018-01-25 13:36:19.673000,33.05,33.05,33.1,11620550.0
2018-01-25 13:36:22.625000,33.05,33.05,33.1,11620550.0
2018-01-25 13:36:25.142000,33.05,33.05,33.1,11620550.0
2018-01-25 13:36:28.020000,33.05,33.05,33.1,11620550.0
2018-01-25 13:36:30.562000,33.05,33.05,33.1,11620550.0
2018-01-25 13:36:33.251000,33.05,33.05,33.1,11620550.0
2018-01-25 13:36:35.911000,33.05,33.05,33.1,11620550.0
2018-01-25 13:36:38.573000,33.05,33.05,33.1,11620550.0
2018-01-25 13:36:41.219000,33.05,33.05,33.1,11620550.0
2018-01-25 13:36:43.951000,33.05,33.05,33.1,11620550.0
2018-01-25 13:36:46.647000,33.05,33.05,33.1,11620550.0
2018-01-25 13:36:49.349000,33.05,33.05,33.1,11620550.0
2018-01-25 13:36:52.148000,33.05,33.05,33.1,11620550.0
2018-01-25 13:36:54.956000,33.05,33.05,33.1,11620550.0
2018-01-25 13:36:57.563000,33.05,33.05,33.1,11620550.0
2018-01-25 13:37:00.191000,33.05,33.05,33.1,11620550.0
2018-01-25 13:37:03.451000,33.05,33.05,33.1,11620550.0
2018-01-25 13:37:06.245000,33.05,33.05,33.1,11620550.0
2018-01-25 13:37:09.060000,33.05,33.05,33.1,11620550.0
2018-01-25 13:37:12.117000,33.05,33.05,33.1,11620550.0
2018-01-25 13:37:14.782000,33.05,33.05,33.1,11620550.0
2018-01-25 13:37:17.494000,33.05,33.05,33.1,11620550.0
2018-01-25 13:37:20.060000,33.05,33.05,33.1,11620550.0
2018-01-25 13:37:22.663000,33.1,33.05,33.1,11621550.0
2018-01-25 13:37:25.527000,33.1,33.05,33.1,11621550.0
2018-01-25 13:37:28.162000,33.1,33.05,33.1,11621550.0
2018-01-25 13:37:30.744000,33.1,33.05,33.1,11621550.0
2018-01-25 13:37:33.447000,33.1,33.05,33.1,11621550.0
2018-01-25 13:37:36.120000,33.1,33.05,33.1,11621550.0
2018-01-25 13:37:38.639000,33.1,33.05,33.1,11621550.0
2018-01-25 13:37:41.470000,33.1,33.05,33.1,11621550.0
2018-01-25 13:37:44.214000,33.1,33.05,33.1,11621550.0
2018-01-25 13:37:46.822000,33.1,33.05,33.1,11621550.0
2018-01-25 13:37:49.514000,33.1,33.05,33.1,11621550.0
2018-01-25 13:37:52.363000,33.1,33.05,33.1,11621550.0
2018-01-25 13:37:55.113000,33.1,33.05,33.1,11621550.0
2018-01-25 13:37:58.018000,33.1,33.05,33.1,11621550.0
2018-01-25 13:38:00.662000,33.1,33.05,33.1,11621550.0
2018-01-25 13:38:03.394000,33.1,33.05,33.1,11621550.0
2018-01-25 13:38:06.054000,33.1,33.05,33.1,11621550.0
2018-01-25 13:38:08.605000,33.1,33.05,33.1,11621550.0
2018-01-25 13:38:11.378000,33.1,33.05,33.1,11621550.0
2018-01-25 13:38:13.860000,33.1,33.05,33.1,11621550.0
2018-01-25 13:38:16.500000,33.1,33.05,33.1,11621550.0
2018-01-25 13:38:19.409000,33.1,33.05,33.1,11621550.0
2018-01-25 13:38:22.164000,33.1,33.05,33.1,11621550.0
2018-01-25 13:38:24.895000,33.1,33.05,33.1,11621550.0
2018-01-25 13:38:27.624000,33.1,33.05,33.1,11621550.0
2018-01-25 13:38:30.112000,33.1,33.05,33.1,11621550.0
2018-01-25 13:38:32.963000,33.1,33.05,33.1,11621550.0
2018-01-25 13:38:35.669000,33.1,33.05,33.1,11621550.0
2018-01-25 13:38:38.337000,33.1,33.05,33.1,11621550.0
2018-01-25 13:38:41.168000,33.1,33.05,33.1,11621550.0
2018-01-25 13:38:43.700000,33.1,33.05,33.1,11621550.0
2018-01-25 13:38:46.353000,33.1,33.05,33.1,11621550.0
2018-01-25 13:38:49.022000,33.1,33.05,33.1,11621550.0
2018-01-25 13:38:51.714000,33.1,33.05,33.1,11621550.0
2018-01-25 13:38:54.445000,33.1,33.05,33.1,11621550.0
2018-01-25 13:38:57.089000,33.1,33.05,33.1,11621550.0
2018-01-25 13:38:59.874000,33.1,33.05,33.1,11621550.0
2018-01-25 13:39:02.640000,33.1,33.05,33.1,11621550.0
2018-01-25 13:39:05.233000,33.1,33.05,33.1,11621550.0
2018-01-25 13:39:07.943000,33.1,33.05,33.1,11621550.0
2018-01-25 13:39:10.571000,33.1,33.05,33.1,11627050.0
2018-01-25 13:39:13.358000,33.1,33.05,33.1,11627050.0
2018-01-25 13:39:16.207000,33.1,33.05,33.1,11627050.0
2018-01-25 13:39:18.707000,33.1,33.05,33.1,11627050.0
2018-01-25 13:39:21.388000,33.1,33.05,33.1,11627050.0
2018-01-25 13:39:24.251000,33.1,33.05,33.1,11627050.0
2018-01-25 13:39:26.840000,33.1,33.05,33.1,11627050.0
2018-01-25 13:39:29.648000,33.1,33.05,33.1,11627050.0
2018-01-25 13:39:32.215000,33.1,33.05,33.1,11627050.0
2018-01-25 13:39:34.880000,33.1,33.05,33.1,11627050.0
2018-01-25 13:39:37.481000,33.1,33.05,33.1,11627050.0
2018-01-25 13:39:40.252000,33.1,33.05,33.1,11627050.0
2018-01-25 13:39:42.972000,33.1,33.05,33.1,11627050.0
2018-01-25 13:39:45.663000,33.1,33.05,33.1,11627050.0
2018-01-25 13:39:48.203000,33.1,33.05,33.1,11627050.0
2018-01-25 13:39:50.777000,33.1,33.05,33.1,11627050.0
2018-01-25 13:39:53.262000,33.1,33.05,33.1,11627050.0
2018-01-25 13:39:55.991000,33.1,33.05,33.1,11627050.0
2018-01-25 13:39:58.673000,33.1,33.05,33.1,11627050.0
2018-01-25 13:40:01.348000,33.1,33.05,33.1,11627050.0
2018-01-25 13:40:04.284000,33.1,33.05,33.1,11627050.0
2018-01-25 13:40:06.919000,33.1,33.05,33.1,11627050.0
2018-01-25 13:40:09.561000,33.1,33.05,33.1,11627050.0
2018-01-25 13:40:12.137000,33.1,33.05,33.1,11627050.0
2018-01-25 13:40:14.691000,33.1,33.05,33.1,11627050.0
2018-01-25 13:40:17.435000,33.1,33.05,33.1,11627050.0
2018-01-25 13:40:20.058000,33.1,33.05,33.1,11627050.0
2018-01-25 13:40:22.766000,33.1,33.05,33.1,11627050.0
2018-01-25 13:40:25.454000,33.1,33.05,33.1,11627050.0
2018-01-25 13:40:28.071000,33.1,33.05,33.1,11627050.0
2018-01-25 13:40:30.660000,33.1,33.05,33.1,11627050.0
2018-01-25 13:40:33.294000,33.1,33.05,33.1,11627050.0
2018-01-25 13:40:35.813000,33.1,33.05,33.1,11627050.0
2018-01-25 13:40:38.565000,33.1,33.05,33.1,11627050.0
2018-01-25 13:40:41.179000,33.1,33.05,33.1,11627050.0
2018-01-25 13:40:44.195000,33.1,33.05,33.1,11627050.0
2018-01-25 13:40:46.710000,33.1,33.05,33.1,11627050.0
2018-01-25 13:40:49.325000,33.1,33.05,33.1,11627050.0
2018-01-25 13:40:52.075000,33.1,33.05,33.1,11627050.0
2018-01-25 13:40:54.766000,33.1,33.05,33.1,11723050.0
2018-01-25 13:40:57.437000,33.1,33.05,33.1,11723050.0
2018-01-25 13:41:00,33.1,33.05,33.1,11723050.0
2018-01-25 13:41:02.689000,33.1,33.05,33.1,11723050.0
2018-01-25 13:41:05.279000,33.1,33.05,33.1,11723050.0
2018-01-25 13:41:08.075000,33.1,33.05,33.1,11820550.0
2018-01-25 13:41:10.719000,33.1,33.05,33.1,11820550.0
2018-01-25 13:41:13.422000,33.1,33.05,33.1,11820550.0
2018-01-25 13:41:16.256000,33.1,33.05,33.1,11820550.0
2018-01-25 13:41:18.848000,33.1,33.05,33.1,11820550.0
2018-01-25 13:41:21.429000,33.1,33.05,33.1,11820550.0
2018-01-25 13:41:24.131000,33.1,33.05,33.1,11820550.0
2018-01-25 13:41:26.624000,33.1,33.05,33.1,11820550.0
2018-01-25 13:41:29.299000,33.1,33.05,33.1,11820550.0
2018-01-25 13:41:32.154000,33.1,33.05,33.1,11820550.0
2018-01-25 13:41:34.911000,33.1,33.05,33.1,11820550.0
2018-01-25 13:41:37.750000,33.1,33.05,33.1,11820550.0
2018-01-25 13:41:40.330000,33.1,33.05,33.1,11820550.0
2018-01-25 13:41:43.018000,33.1,33.05,33.1,11820550.0
2018-01-25 13:41:45.762000,33.1,33.05,33.1,11820550.0
2018-01-25 13:41:48.282000,33.1,33.05,33.1,11820550.0
2018-01-25 13:41:50.954000,33.1,33.05,33.1,11820550.0
2018-01-25 13:41:53.649000,33.1,33.05,33.1,11820550.0
2018-01-25 13:41:56.451000,33.1,33.05,33.1,11820550.0
2018-01-25 13:41:59.119000,33.1,33.05,33.1,11820550.0
2018-01-25 13:42:01.607000,33.1,33.05,33.1,11820550.0
2018-01-25 13:42:04.115000,33.1,33.05,33.1,11820550.0
2018-01-25 13:42:06.642000,33.1,33.05,33.1,11820550.0
2018-01-25 13:42:09.241000,33.1,33.05,33.1,11820550.0
2018-01-25 13:42:11.865000,33.1,33.1,33.15,12318756.0
2018-01-25 13:42:14.388000,33.1,33.1,33.15,12318756.0
2018-01-25 13:42:17.046000,33.1,33.1,33.15,12318756.0
2018-01-25 13:42:19.568000,33.1,33.1,33.15,12318756.0
2018-01-25 13:42:22.236000,33.1,33.1,33.15,12318756.0
2018-01-25 13:42:25.012000,33.1,33.1,33.15,12318756.0
2018-01-25 13:42:27.628000,33.1,33.1,33.15,12318756.0
2018-01-25 13:42:30.317000,33.1,33.1,33.15,12318756.0
2018-01-25 13:42:32.969000,33.1,33.1,33.15,12318756.0
2018-01-25 13:42:35.674000,33.1,33.1,33.15,12318756.0
2018-01-25 13:42:38.375000,33.1,33.1,33.15,12318756.0
2018-01-25 13:42:41.049000,33.1,33.1,33.15,12318756.0
2018-01-25 13:42:43.683000,33.1,33.1,33.15,12318756.0
2018-01-25 13:42:46.428000,33.1,33.1,33.15,12318756.0
2018-01-25 13:42:49.032000,33.1,33.1,33.15,14071496.0
2018-01-25 13:42:51.627000,33.1,33.1,33.15,14071496.0
2018-01-25 13:42:54.280000,33.1,33.1,33.15,14071496.0
2018-01-25 13:42:57.111000,33.1,33.1,33.15,14071496.0
2018-01-25 13:42:59.788000,33.1,33.1,33.15,14071496.0
2018-01-25 13:43:02.348000,33.1,33.1,33.15,14071496.0
2018-01-25 13:43:04.899000,33.1,33.1,33.15,14071496.0
2018-01-25 13:43:07.572000,33.1,33.1,33.15,14071496.0
2018-01-25 13:43:10.310000,33.1,33.1,33.15,14071496.0
2018-01-25 13:43:12.960000,33.1,33.1,33.15,14071496.0
2018-01-25 13:43:15.631000,33.1,33.1,33.15,14071496.0
2018-01-25 13:43:18.226000,33.1,33.1,33.15,14071496.0
2018-01-25 13:43:20.796000,33.1,33.1,33.15,14071496.0
2018-01-25 13:43:23.371000,33.1,33.1,33.15,14071496.0
2018-01-25 13:43:26.138000,33.1,33.1,33.15,14071496.0
2018-01-25 13:43:28.858000,33.1,33.1,33.15,14071496.0
2018-01-25 13:43:31.444000,33.1,33.1,33.15,14071496.0
2018-01-25 13:43:34.215000,33.1,33.1,33.15,14071496.0
2018-01-25 13:43:37.159000,33.1,33.1,33.15,14071496.0
2018-01-25 13:43:40.082000,33.1,33.1,33.15,14071496.0
2018-01-25 13:43:42.738000,33.1,33.1,33.15,14071496.0
2018-01-25 13:43:45.442000,33.1,33.1,33.15,14071496.0
2018-01-25 13:43:48.066000,33.1,33.1,33.15,14071496.0
2018-01-25 13:43:50.849000,33.1,33.1,33.15,14071496.0
2018-01-25 13:43:53.558000,33.1,33.1,33.15,14071496.0
2018-01-25 13:43:56.365000,33.1,33.1,33.15,14071496.0
2018-01-25 13:43:59.193000,33.1,33.1,33.15,14071496.0
2018-01-25 13:44:01.652000,33.1,33.1,33.15,14071496.0
2018-01-25 13:44:04.318000,33.1,33.1,33.15,14071496.0
2018-01-25 13:44:07.105000,33.1,33.1,33.15,14071496.0
2018-01-25 13:44:09.797000,33.1,33.1,33.15,14071496.0
2018-01-25 13:44:12.510000,33.1,33.1,33.15,14071496.0
2018-01-25 13:44:15.263000,33.1,33.1,33.15,14071496.0
2018-01-25 13:44:19.088000,33.1,33.1,33.15,14071496.0
2018-01-25 13:44:21.702000,33.1,33.1,33.15,14083996.0
2018-01-25 13:44:24.508000,33.1,33.1,33.15,14083996.0
2018-01-25 13:44:27.097000,33.1,33.1,33.15,14083996.0
2018-01-25 13:44:29.741000,33.1,33.1,33.15,14083996.0
2018-01-25 13:44:32.394000,33.1,33.1,33.15,14083996.0
2018-01-25 13:44:35.189000,33.1,33.1,33.15,14083996.0
2018-01-25 13:44:37.925000,33.1,33.1,33.15,14083996.0
2018-01-25 13:44:40.529000,33.1,33.1,33.15,14083996.0
2018-01-25 13:44:43.053000,33.1,33.1,33.15,14083996.0
2018-01-25 13:44:45.701000,33.1,33.1,33.15,14083996.0
2018-01-25 13:44:48.291000,33.1,33.1,33.15,14083996.0
2018-01-25 13:44:50.820000,33.1,33.1,33.15,14083996.0
2018-01-25 13:44:53.397000,33.1,33.1,33.15,14083996.0
2018-01-25 13:44:56.088000,33.1,33.1,33.15,14083996.0
2018-01-25 13:44:58.683000,33.1,33.1,33.15,14083996.0
2018-01-25 13:45:01.467000,33.1,33.1,33.15,14083996.0
2018-01-25 13:45:04.105000,33.1,33.1,33.15,14083996.0
2018-01-25 13:45:06.781000,33.1,33.1,33.15,14083996.0
2018-01-25 13:45:09.455000,33.1,33.1,33.15,14083996.0
2018-01-25 13:45:12.394000,33.1,33.1,33.15,14083996.0
2018-01-25 13:45:15.147000,33.1,33.1,33.15,14083996.0
2018-01-25 13:45:17.786000,33.1,33.1,33.15,14083996.0
2018-01-25 13:45:20.521000,33.1,33.1,33.15,14083996.0
2018-01-25 13:45:23.069000,33.1,33.1,33.15,14083996.0
2018-01-25 13:45:25.702000,33.1,33.1,33.15,14083996.0
2018-01-25 13:45:28.352000,33.1,33.1,33.15,14083996.0
2018-01-25 13:45:31.236000,33.1,33.1,33.15,14083996.0
2018-01-25 13:45:33.774000,33.1,33.1,33.15,14083996.0
2018-01-25 13:45:36.539000,33.1,33.1,33.15,14083996.0
2018-01-25 13:45:39.215000,33.1,33.1,33.15,14099196.0
2018-01-25 13:45:41.762000,33.1,33.1,33.15,14099196.0
2018-01-25 13:45:44.444000,33.1,33.1,33.15,14099196.0
2018-01-25 13:45:47.005000,33.1,33.1,33.15,14099196.0
2018-01-25 13:45:49.884000,33.1,33.1,33.15,14099196.0
2018-01-25 13:45:52.442000,33.1,33.1,33.15,14099196.0
2018-01-25 13:45:55.121000,33.1,33.1,33.15,14099196.0
2018-01-25 13:45:57.960000,33.1,33.1,33.15,14099196.0
2018-01-25 13:46:00.654000,33.1,33.1,33.15,14099196.0
2018-01-25 13:46:03.319000,33.1,33.1,33.15,14099196.0
2018-01-25 13:46:05.885000,33.1,33.1,33.15,14099196.0
2018-01-25 13:46:08.414000,33.1,33.1,33.15,14099196.0
2018-01-25 13:46:10.989000,33.1,33.1,33.15,14099196.0
2018-01-25 13:46:13.635000,33.1,33.1,33.15,14099196.0
2018-01-25 13:46:16.375000,33.1,33.1,33.15,14099196.0
2018-01-25 13:46:19.173000,33.1,33.1,33.15,14099196.0
2018-01-25 13:46:21.882000,33.1,33.1,33.15,14099196.0
2018-01-25 13:46:24.524000,33.1,33.1,33.15,14099196.0
2018-01-25 13:46:27.191000,33.15,33.1,33.15,14243936.0
2018-01-25 13:46:29.990000,33.15,33.1,33.15,14243936.0
2018-01-25 13:46:32.631000,33.15,33.1,33.15,14243936.0
2018-01-25 13:46:35.205000,33.15,33.1,33.15,14243936.0
2018-01-25 13:46:37.992000,33.15,33.1,33.15,14243936.0
2018-01-25 13:46:40.569000,33.15,33.1,33.15,14243936.0
2018-01-25 13:46:43.052000,33.15,33.1,33.15,14243936.0
2018-01-25 13:46:45.321000,33.15,33.1,33.15,14243936.0
2018-01-25 13:46:47.805000,33.15,33.1,33.15,14243936.0
2018-01-25 13:46:50.193000,33.15,33.1,33.15,14243936.0
2018-01-25 13:46:52.554000,33.15,33.1,33.15,14243936.0
2018-01-25 13:46:55.147000,33.15,33.1,33.15,14243936.0
2018-01-25 13:46:57.774000,33.15,33.1,33.15,14243936.0
2018-01-25 13:47:00.116000,33.15,33.1,33.15,14243936.0
2018-01-25 13:47:02.522000,33.15,33.1,33.15,14243936.0
2018-01-25 13:47:04.912000,33.15,33.1,33.15,14243936.0
2018-01-25 13:47:07.631000,33.15,33.1,33.15,14243936.0
2018-01-25 13:47:10.154000,33.15,33.1,33.15,14243936.0
2018-01-25 13:47:12.727000,33.15,33.1,33.15,14243936.0
2018-01-25 13:47:15.250000,33.15,33.1,33.15,14243936.0
2018-01-25 13:47:18.212000,33.15,33.1,33.15,14243936.0
2018-01-25 13:47:21.175000,33.15,33.1,33.15,14243936.0
2018-01-25 13:47:23.774000,33.15,33.1,33.15,14243936.0
2018-01-25 13:47:26.608000,33.15,33.1,33.15,14243936.0
2018-01-25 13:47:29.210000,33.15,33.1,33.15,14243936.0
2018-01-25 13:47:31.893000,33.15,33.1,33.15,14243936.0
2018-01-25 13:47:34.280000,33.15,33.1,33.15,14243936.0
2018-01-25 13:47:36.909000,33.15,33.1,33.15,14243936.0
2018-01-25 13:47:39.605000,33.15,33.1,33.15,14243936.0
2018-01-25 13:47:42.429000,33.15,33.1,33.15,14243936.0
2018-01-25 13:47:45.429000,33.15,33.1,33.15,14243936.0
2018-01-25 13:47:48.223000,33.15,33.1,33.15,14243936.0
2018-01-25 13:47:50.901000,33.15,33.1,33.15,14243936.0
2018-01-25 13:47:53.629000,33.15,33.1,33.15,14243936.0
2018-01-25 13:47:56.554000,33.15,33.1,33.15,14243936.0
2018-01-25 13:47:59.234000,33.15,33.1,33.15,14243936.0
2018-01-25 13:48:01.925000,33.15,33.1,33.15,14243936.0
2018-01-25 13:48:05.812000,33.15,33.1,33.15,14243936.0
2018-01-25 13:48:08.573000,33.15,33.1,33.15,14243936.0
2018-01-25 13:48:11.531000,33.15,33.1,33.15,14243936.0
2018-01-25 13:48:14.197000,33.15,33.1,33.15,14243936.0
2018-01-25 13:48:16.887000,33.15,33.1,33.15,14243936.0
2018-01-25 13:48:19.548000,33.15,33.1,33.15,14243936.0
2018-01-25 13:48:25.253000,33.1,33.05,33.15,14395436.0
2018-01-25 13:48:28.104000,33.1,33.05,33.15,14395436.0
2018-01-25 13:48:31.043000,33.1,33.05,33.15,14395436.0
2018-01-25 13:48:33.778000,33.1,33.05,33.15,14395436.0
2018-01-25 13:48:36.435000,33.1,33.05,33.15,14395436.0
2018-01-25 13:48:39.251000,33.1,33.05,33.15,14395436.0
2018-01-25 13:48:41.930000,33.1,33.05,33.15,14395436.0
2018-01-25 13:48:44.690000,33.1,33.05,33.15,14395436.0
2018-01-25 13:48:47.246000,33.1,33.05,33.15,14395436.0
2018-01-25 13:48:50.031000,33.1,33.05,33.15,14395436.0
2018-01-25 13:48:52.777000,33.1,33.05,33.15,14395436.0
2018-01-25 13:48:55.669000,33.1,33.05,33.15,14395436.0
2018-01-25 13:48:58.346000,33.1,33.05,33.15,14395436.0
2018-01-25 13:49:01.131000,33.1,33.1,33.15,17842936.0
2018-01-25 13:49:03.657000,33.1,33.1,33.15,17842936.0
2018-01-25 13:49:06.570000,33.1,33.1,33.15,17842936.0
2018-01-25 13:49:09.245000,33.1,33.1,33.15,17842936.0
2018-01-25 13:49:11.813000,33.1,33.1,33.15,17842936.0
2018-01-25 13:49:14.464000,33.1,33.1,33.15,17842936.0
2018-01-25 13:49:17.041000,33.1,33.1,33.15,17842936.0
2018-01-25 13:49:19.677000,33.1,33.1,33.15,17842936.0
2018-01-25 13:49:22.490000,33.1,33.1,33.15,17842936.0
2018-01-25 13:49:25.422000,33.1,33.1,33.15,17842936.0
2018-01-25 13:49:28.137000,33.1,33.1,33.15,17842936.0
2018-01-25 13:49:30.837000,33.1,33.1,33.15,17842936.0
2018-01-25 13:49:33.500000,33.1,33.1,33.15,17842936.0
2018-01-25 13:49:36.275000,33.1,33.1,33.15,17842936.0
2018-01-25 13:49:39.057000,33.1,33.1,33.15,17842936.0
2018-01-25 13:49:41.793000,33.1,33.1,33.15,17842936.0
2018-01-25 13:49:44.638000,33.1,33.1,33.15,17842936.0
2018-01-25 13:49:47.480000,33.1,33.1,33.15,17842936.0
2018-01-25 13:49:50.350000,33.1,33.1,33.15,17842936.0
2018-01-25 13:49:53.153000,33.1,33.1,33.15,17842936.0
2018-01-25 13:49:55.846000,33.1,33.1,33.15,17842936.0
2018-01-25 13:49:58.576000,33.1,33.1,33.15,19447936.0
2018-01-25 13:50:01.598000,33.1,33.1,33.15,19447936.0
2018-01-25 13:50:04.313000,33.1,33.1,33.15,19447936.0
2018-01-25 13:50:07.192000,33.1,33.1,33.15,19447936.0
2018-01-25 13:50:10.062000,33.1,33.1,33.15,19447936.0
2018-01-25 13:50:12.827000,33.1,33.1,33.15,19447936.0
2018-01-25 13:50:15.483000,33.1,33.1,33.15,19447936.0
2018-01-25 13:50:18.139000,33.1,33.1,33.15,19447936.0
2018-01-25 13:50:21.060000,33.1,33.1,33.15,19447936.0
2018-01-25 13:50:23.576000,33.1,33.1,33.15,19447936.0
2018-01-25 13:50:26.270000,33.1,33.1,33.15,19447936.0
2018-01-25 13:50:28.940000,33.1,33.1,33.15,19447936.0
2018-01-25 13:50:31.645000,33.1,33.1,33.15,19447936.0
2018-01-25 13:50:34.202000,33.1,33.1,33.15,19447936.0
2018-01-25 13:50:36.775000,33.1,33.1,33.15,19447936.0
2018-01-25 13:50:39.483000,33.1,33.1,33.15,19447936.0
2018-01-25 13:50:42.018000,33.1,33.1,33.15,19447936.0
2018-01-25 13:50:44.672000,33.1,33.1,33.15,19447936.0
2018-01-25 13:50:47.102000,33.1,33.1,33.15,19447936.0
2018-01-25 13:50:49.596000,33.1,33.1,33.15,19447936.0
2018-01-25 13:50:52.138000,33.1,33.1,33.15,19447936.0
2018-01-25 13:50:54.864000,33.1,33.1,33.15,19468936.0
2018-01-25 13:50:57.621000,33.1,33.1,33.15,19468936.0
2018-01-25 13:51:00.125000,33.1,33.1,33.15,19468936.0
2018-01-25 13:51:04.077000,33.1,33.1,33.15,19468936.0
2018-01-25 13:51:07.998000,33.1,33.1,33.15,19468936.0
2018-01-25 13:51:11.231000,33.1,33.1,33.15,19468936.0
2018-01-25 13:51:14.516000,33.1,33.1,33.15,19468936.0
2018-01-25 13:51:18.169000,33.1,33.1,33.15,19468936.0
2018-01-25 13:51:21.142000,33.1,33.1,33.15,19468936.0
2018-01-25 13:51:25.017000,33.1,33.1,33.15,19468936.0
2018-01-25 13:51:28.325000,33.1,33.1,33.15,19468936.0
2018-01-25 13:51:31.547000,33.1,33.1,33.15,19468936.0
2018-01-25 13:51:34.828000,33.1,33.1,33.15,19468936.0
2018-01-25 13:51:38.029000,33.1,33.1,33.15,19468936.0
2018-01-25 13:51:41.209000,33.1,33.1,33.15,19468936.0
2018-01-25 13:51:44.547000,33.1,33.1,33.15,19468936.0
2018-01-25 13:51:47.636000,33.1,33.1,33.15,19477936.0
2018-01-25 13:51:50.993000,33.1,33.1,33.15,19477936.0
2018-01-25 13:51:54.110000,33.1,33.1,33.15,19477936.0
2018-01-25 13:51:57.471000,33.1,33.1,33.15,19477936.0
2018-01-25 13:52:00.482000,33.1,33.1,33.15,19477936.0
2018-01-25 13:52:03.634000,33.1,33.1,33.15,19477936.0
2018-01-25 13:52:06.662000,33.1,33.1,33.15,19477936.0
2018-01-25 13:52:10.007000,33.1,33.1,33.15,19477936.0
2018-01-25 13:52:13.126000,33.1,33.1,33.15,19477936.0
2018-01-25 13:52:16.487000,33.1,33.1,33.15,19477936.0
2018-01-25 13:52:19.689000,33.1,33.1,33.15,19477936.0
2018-01-25 13:52:22.760000,33.1,33.1,33.15,19477936.0
2018-01-25 13:52:26.001000,33.1,33.1,33.15,19477936.0
2018-01-25 13:52:29.045000,33.1,33.1,33.15,19477936.0
2018-01-25 13:52:32.230000,33.1,33.1,33.15,19477936.0
2018-01-25 13:52:35.352000,33.1,33.1,33.15,19477936.0
2018-01-25 13:52:38.409000,33.1,33.1,33.15,19477936.0
2018-01-25 13:52:41.830000,33.1,33.1,33.15,19477936.0
2018-01-25 13:52:48,33.1,33.1,33.15,19477936.0
2018-01-25 13:52:51.109000,33.1,33.1,33.15,19477936.0
2018-01-25 13:52:54.111000,33.1,33.1,33.15,19477936.0
2018-01-25 13:52:57.228000,33.1,33.1,33.15,19477936.0
2018-01-25 13:53:00.449000,33.1,33.1,33.15,19477936.0
2018-01-25 13:53:11.741000,33.1,33.1,33.15,19477936.0
2018-01-25 13:53:14.879000,33.1,33.1,33.15,19477936.0
2018-01-25 13:53:18.453000,33.1,33.1,33.15,19477936.0
2018-01-25 13:53:21.869000,33.15,33.1,33.15,19479436.0
2018-01-25 13:53:25.245000,33.15,33.1,33.15,19479436.0
2018-01-25 13:53:28.299000,33.15,33.1,33.15,19479436.0
2018-01-25 13:53:31.515000,33.15,33.1,33.15,19479436.0
2018-01-25 13:53:34.838000,33.15,33.1,33.15,19479436.0
2018-01-25 13:53:38.048000,33.15,33.1,33.15,19479436.0
2018-01-25 13:53:41.135000,33.15,33.1,33.15,19479436.0
2018-01-25 13:53:44.613000,33.15,33.1,33.15,19479436.0
2018-01-25 13:53:47.725000,33.15,33.1,33.15,19479436.0
2018-01-25 13:53:50.762000,33.15,33.1,33.15,19479436.0
2018-01-25 13:53:53.612000,33.15,33.1,33.15,19479436.0
2018-01-25 13:53:56.975000,33.15,33.1,33.15,19479436.0
2018-01-25 13:53:59.903000,33.15,33.1,33.15,19479436.0
2018-01-25 13:54:02.873000,33.15,33.1,33.15,19479436.0
2018-01-25 13:54:06.065000,33.15,33.1,33.15,19479436.0
2018-01-25 13:54:08.980000,33.15,33.1,33.15,19479436.0
2018-01-25 13:54:12.079000,33.1,33.1,33.15,19599436.0
2018-01-25 13:54:15.176000,33.1,33.1,33.15,19599436.0
2018-01-25 13:54:18.225000,33.1,33.1,33.15,19599436.0
2018-01-25 13:54:21.217000,33.1,33.1,33.15,19599436.0
2018-01-25 13:54:24.559000,33.1,33.1,33.15,19599436.0
2018-01-25 13:54:27.353000,33.1,33.1,33.15,19599436.0
2018-01-25 13:54:30.260000,33.1,33.1,33.15,19599436.0
2018-01-25 13:54:33.430000,33.1,33.1,33.15,19599436.0
2018-01-25 13:54:36.277000,33.1,33.1,33.15,19599436.0
2018-01-25 13:54:39.416000,33.1,33.1,33.15,19599436.0
2018-01-25 13:54:42.447000,33.1,33.1,33.15,19599436.0
2018-01-25 13:54:45.305000,33.1,33.1,33.15,19599436.0
2018-01-25 13:54:48.608000,33.1,33.1,33.15,19599436.0
2018-01-25 13:54:51.510000,33.1,33.1,33.15,19599436.0
2018-01-25 13:54:54.417000,33.1,33.1,33.15,19599436.0
2018-01-25 13:54:57.278000,33.1,33.1,33.15,19599436.0
2018-01-25 13:55:00.402000,33.1,33.1,33.15,19599436.0
2018-01-25 13:55:03.439000,33.1,33.1,33.15,19599436.0
2018-01-25 13:55:06.388000,33.1,33.1,33.15,19599436.0
2018-01-25 13:55:09.511000,33.1,33.1,33.15,19599436.0
2018-01-25 13:55:12.377000,33.1,33.1,33.15,19599436.0
2018-01-25 13:55:15.279000,33.1,33.1,33.15,19599436.0
2018-01-25 13:55:18.322000,33.1,33.1,33.15,19599436.0
2018-01-25 13:55:21.215000,33.1,33.1,33.15,19799936.0
2018-01-25 13:55:24.097000,33.1,33.1,33.15,19799936.0
2018-01-25 13:55:27.178000,33.1,33.1,33.15,19799936.0
2018-01-25 13:55:30.143000,33.1,33.1,33.15,19799936.0
2018-01-25 13:55:33.082000,33.1,33.1,33.15,19799936.0
2018-01-25 13:55:36.021000,33.1,33.1,33.15,19799936.0
2018-01-25 13:55:39.044000,33.1,33.1,33.15,19799936.0
2018-01-25 13:55:42.141000,33.1,33.1,33.15,19799936.0
2018-01-25 13:55:45.200000,33.1,33.1,33.15,19799936.0
2018-01-25 13:55:48.338000,33.1,33.1,33.15,19799936.0
2018-01-25 13:55:51.298000,33.1,33.1,33.15,19799936.0
2018-01-25 13:55:54.279000,33.1,33.1,33.15,19799936.0
2018-01-25 13:55:57.204000,33.1,33.1,33.15,19799936.0
2018-01-25 13:56:00.354000,33.1,33.1,33.15,19799936.0
2018-01-25 13:56:03.527000,33.1,33.1,33.15,19799936.0
2018-01-25 13:56:06.589000,33.1,33.1,33.15,19799936.0
2018-01-25 13:56:09.644000,33.1,33.1,33.15,19799936.0
2018-01-25 13:56:12.692000,33.1,33.1,33.15,19799936.0
2018-01-25 13:56:15.765000,33.1,33.1,33.15,19799936.0
2018-01-25 13:56:18.795000,33.1,33.1,33.15,19799936.0
2018-01-25 13:56:21.703000,33.1,33.1,33.15,19799936.0
2018-01-25 13:56:24.776000,33.1,33.1,33.15,19799936.0
2018-01-25 13:56:27.857000,33.1,33.1,33.15,19799936.0
2018-01-25 13:56:30.796000,33.1,33.1,33.15,19799936.0
2018-01-25 13:56:33.744000,33.1,33.1,33.15,19799936.0
2018-01-25 13:56:36.622000,33.1,33.1,33.15,19799936.0
2018-01-25 13:56:39.725000,33.1,33.1,33.15,19799936.0
2018-01-25 13:56:42.619000,33.1,33.1,33.15,19799936.0
2018-01-25 13:56:45.413000,33.1,33.1,33.15,19799936.0
2018-01-25 13:56:48.207000,33.1,33.1,33.15,19799936.0
2018-01-25 13:56:51.103000,33.1,33.1,33.15,19799936.0
2018-01-25 13:56:54.002000,33.1,33.1,33.15,19799936.0
2018-01-25 13:56:56.968000,33.1,33.1,33.15,19799936.0
2018-01-25 13:56:59.813000,33.1,33.1,33.15,19799936.0
2018-01-25 13:57:01.765000,,,,
2018-01-25 13:57:04.503000,33.1,33.1,33.15,19799936.0
2018-01-25 13:57:07.218000,33.1,33.1,33.15,19799936.0
2018-01-25 13:57:10.216000,33.1,33.1,33.15,19799936.0
2018-01-25 13:57:12.977000,33.1,33.1,33.15,19799936.0
2018-01-25 13:57:15.949000,33.1,33.1,33.15,19799936.0
2018-01-25 13:57:19.242000,33.1,33.1,33.15,19799936.0
2018-01-25 13:57:22.308000,33.1,33.1,33.15,19899936.0
2018-01-25 13:57:25.296000,33.1,33.1,33.15,19899936.0
2018-01-25 13:57:28.353000,33.1,33.1,33.15,19899936.0
2018-01-25 13:57:31.427000,33.1,33.1,33.15,19899936.0
2018-01-25 13:57:34.320000,33.1,33.1,33.15,19899936.0
2018-01-25 13:57:37.319000,33.1,33.1,33.15,19899936.0
2018-01-25 13:57:40.602000,33.1,33.1,33.15,19899936.0
2018-01-25 13:57:43.524000,33.1,33.1,33.15,19899936.0
2018-01-25 13:57:46.431000,33.1,33.1,33.15,19899936.0
2018-01-25 13:57:49.634000,33.1,33.1,33.15,19899936.0
2018-01-25 13:57:52.759000,33.1,33.1,33.15,19899936.0
2018-01-25 13:57:55.603000,33.1,33.1,33.15,19899936.0
2018-01-25 13:57:58.522000,33.1,33.1,33.15,19899936.0
2018-01-25 13:58:01.682000,33.1,33.1,33.15,19899936.0
2018-01-25 13:58:04.541000,33.1,33.1,33.15,19899936.0
2018-01-25 13:58:07.535000,33.1,33.1,33.15,19899936.0
2018-01-25 13:58:10.681000,33.1,33.1,33.15,19899936.0
2018-01-25 13:58:13.635000,33.1,33.1,33.15,19899936.0
2018-01-25 13:58:16.572000,33.1,33.1,33.15,19899936.0
2018-01-25 13:58:19.322000,33.1,33.1,33.15,19899936.0
2018-01-25 13:58:22.240000,33.1,33.1,33.15,19899936.0
2018-01-25 13:58:25.292000,33.1,33.1,33.15,19899936.0
2018-01-25 13:58:28.209000,33.1,33.1,33.15,19899936.0
2018-01-25 13:58:31.182000,33.1,33.1,33.15,19899936.0
2018-01-25 13:58:34.181000,33.1,33.1,33.15,19899936.0
2018-01-25 13:58:37.240000,33.1,33.1,33.15,19899936.0
2018-01-25 13:58:40.073000,33.15,33.1,33.15,19955936.0
2018-01-25 13:58:43.088000,33.15,33.1,33.15,19955936.0
2018-01-25 13:58:45.979000,33.15,33.1,33.15,19955936.0
2018-01-25 13:58:48.965000,33.15,33.1,33.15,19955936.0
2018-01-25 13:58:51.929000,33.15,33.1,33.15,19955936.0
2018-01-25 13:58:54.808000,33.15,33.1,33.15,19955936.0
2018-01-25 13:58:57.847000,33.15,33.1,33.15,19955936.0
2018-01-25 13:59:01.067000,33.15,33.1,33.15,19955936.0
2018-01-25 13:59:03.960000,33.15,33.1,33.15,19955936.0
2018-01-25 13:59:07.121000,33.15,33.1,33.15,19955936.0
2018-01-25 13:59:10.137000,33.15,33.1,33.15,19955936.0
2018-01-25 13:59:13.089000,33.15,33.1,33.15,19955936.0
2018-01-25 13:59:16.606000,33.15,33.1,33.15,19955936.0
2018-01-25 13:59:19.541000,33.15,33.1,33.15,19955936.0
2018-01-25 13:59:22.599000,33.15,33.1,33.15,19955936.0
2018-01-25 13:59:25.593000,33.15,33.1,33.15,19955936.0
2018-01-25 13:59:28.604000,33.15,33.1,33.15,19955936.0
2018-01-25 13:59:31.451000,33.15,33.1,33.15,19955936.0
2018-01-25 13:59:34.667000,33.15,33.1,33.15,19955936.0
2018-01-25 13:59:37.630000,33.15,33.1,33.15,19955936.0
2018-01-25 13:59:40.876000,33.15,33.1,33.15,19955936.0
2018-01-25 13:59:43.899000,33.15,33.1,33.15,19955936.0
2018-01-25 13:59:46.967000,33.15,33.1,33.15,19955936.0
2018-01-25 13:59:49.870000,33.15,33.1,33.15,19955936.0
2018-01-25 13:59:52.904000,33.15,33.1,33.15,19955936.0
2018-01-25 13:59:55.973000,33.15,33.1,33.15,19955936.0
2018-01-25 13:59:59.121000,33.15,33.1,33.15,19955936.0
2018-01-25 14:00:02.019000,33.15,33.1,33.15,19955936.0
2018-01-25 14:00:07.576000,33.15,33.1,33.15,19955936.0
2018-01-25 14:00:11.113000,33.15,33.1,33.15,19955936.0
2018-01-25 14:00:14.404000,33.15,33.1,33.15,19955936.0
2018-01-25 14:00:22.495000,33.15,33.1,33.15,19955936.0
2018-01-25 14:00:25.687000,33.15,33.1,33.15,19955936.0
2018-01-25 14:00:28.933000,33.15,33.1,33.15,19955936.0
2018-01-25 14:00:32.048000,33.15,33.1,33.15,19955936.0
2018-01-25 14:00:35.716000,33.15,33.1,33.15,19955936.0
2018-01-25 14:00:40.499000,33.15,33.1,33.15,19955936.0
2018-01-25 14:00:43.603000,33.15,33.1,33.15,19955936.0
2018-01-25 14:00:46.497000,33.15,33.1,33.15,19955936.0
2018-01-25 14:00:49.574000,33.15,33.1,33.15,19955936.0
2018-01-25 14:00:53.060000,33.15,33.1,33.15,19955936.0
2018-01-25 14:00:56.312000,33.15,33.1,33.15,19991936.0
2018-01-25 14:01:00.576000,33.15,33.1,33.15,19991936.0
2018-01-25 14:01:04.668000,33.15,33.1,33.15,19991936.0
2018-01-25 14:01:09.042000,33.15,33.1,33.15,19991936.0
2018-01-25 14:01:13.283000,33.15,33.1,33.15,19991936.0
2018-01-25 14:01:16.315000,33.15,33.1,33.15,19991936.0
2018-01-25 14:01:19.542000,33.15,33.1,33.15,19991936.0
2018-01-25 14:01:22.639000,33.15,33.1,33.15,19991936.0
2018-01-25 14:01:25.937000,33.15,33.1,33.15,19991936.0
2018-01-25 14:01:29.438000,33.15,33.1,33.15,19991936.0
2018-01-25 14:01:34.058000,33.15,33.1,33.15,19991936.0
2018-01-25 14:01:38.588000,33.15,33.1,33.15,19991936.0
2018-01-25 14:01:43.268000,33.15,33.1,33.15,19991936.0
2018-01-25 14:01:49.484000,33.15,33.1,33.15,19991936.0
2018-01-25 14:01:53.161000,33.15,33.1,33.15,19991936.0
2018-01-25 14:01:56.929000,33.15,33.1,33.15,19991936.0
2018-01-25 14:02:00.733000,33.15,33.1,33.15,19991936.0
2018-01-25 14:02:03.686000,33.15,33.1,33.15,19991936.0
2018-01-25 14:02:06.813000,33.15,33.1,33.15,19991936.0
2018-01-25 14:02:09.711000,33.15,33.1,33.15,19991936.0
2018-01-25 14:02:12.853000,33.15,33.1,33.15,19991936.0
2018-01-25 14:02:15.759000,33.15,33.1,33.15,19991936.0
2018-01-25 14:02:18.888000,33.15,33.1,33.15,19991936.0
2018-01-25 14:02:21.823000,33.15,33.1,33.15,20003036.0
2018-01-25 14:02:24.832000,33.15,33.1,33.15,20003036.0
2018-01-25 14:02:27.679000,33.15,33.1,33.15,20003036.0
2018-01-25 14:02:30.636000,33.15,33.1,33.15,20003036.0
2018-01-25 14:02:33.580000,33.15,33.1,33.15,20003036.0
2018-01-25 14:02:36.512000,33.15,33.1,33.15,20003036.0
2018-01-25 14:02:40.609000,33.15,33.1,33.15,20003036.0
2018-01-25 14:02:44.561000,33.15,33.1,33.15,20003036.0
2018-01-25 14:02:51.246000,33.15,33.1,33.15,20003036.0
2018-01-25 14:02:54.822000,33.15,33.1,33.15,20003036.0
2018-01-25 14:02:57.948000,33.15,33.1,33.15,20003036.0
2018-01-25 14:03:01.439000,33.15,33.1,33.15,20003036.0
2018-01-25 14:03:04.733000,33.15,33.1,33.15,20003036.0
2018-01-25 14:03:08.282000,33.15,33.1,33.15,20003036.0
2018-01-25 14:03:11.674000,33.15,33.1,33.15,20003036.0
2018-01-25 14:03:14.921000,33.15,33.1,33.15,20003036.0
2018-01-25 14:03:18.158000,33.15,33.1,33.15,20003036.0
2018-01-25 14:03:21.416000,33.15,33.1,33.15,20003036.0
2018-01-25 14:03:24.705000,33.15,33.1,33.15,20003036.0
2018-01-25 14:03:27.864000,33.15,33.1,33.15,20003036.0
2018-01-25 14:03:31.167000,33.15,33.1,33.15,20003036.0
2018-01-25 14:03:34.201000,33.15,33.1,33.15,20003036.0
2018-01-25 14:03:37.487000,33.15,33.1,33.15,20003036.0
2018-01-25 14:03:40.564000,33.15,33.1,33.15,20003036.0
2018-01-25 14:03:43.742000,33.15,33.1,33.15,20003036.0
2018-01-25 14:03:46.846000,33.15,33.1,33.15,20003036.0
2018-01-25 14:03:50.075000,33.15,33.1,33.15,20003036.0
2018-01-25 14:03:53.371000,33.1,33.1,33.15,20068036.0
2018-01-25 14:03:56.628000,33.1,33.1,33.15,20068036.0
2018-01-25 14:03:59.817000,33.1,33.1,33.15,20068036.0
2018-01-25 14:04:03.087000,33.1,33.1,33.15,20068036.0
2018-01-25 14:04:06.340000,33.1,33.1,33.15,20068036.0
2018-01-25 14:04:09.425000,33.1,33.1,33.15,20068036.0
2018-01-25 14:04:12.570000,33.1,33.1,33.15,20068036.0
2018-01-25 14:04:15.902000,33.1,33.1,33.15,20068036.0
2018-01-25 14:04:19.049000,33.1,33.1,33.15,20068036.0
2018-01-25 14:04:22.225000,33.1,33.1,33.15,20068036.0
2018-01-25 14:04:25.358000,33.1,33.1,33.15,20068036.0
2018-01-25 14:04:28.502000,33.1,33.1,33.15,20068036.0
2018-01-25 14:04:31.865000,33.1,33.1,33.15,20068036.0
2018-01-25 14:04:35.156000,33.1,33.1,33.15,20068036.0
2018-01-25 14:04:38.408000,33.1,33.1,33.15,20068036.0
2018-01-25 14:04:41.800000,33.1,33.1,33.15,20068036.0
2018-01-25 14:04:45.425000,33.1,33.1,33.15,20139256.0
2018-01-25 14:04:49.048000,33.1,33.1,33.15,20139256.0
2018-01-25 14:04:52.483000,33.1,33.1,33.15,20139256.0
2018-01-25 14:04:56.039000,33.1,33.1,33.15,20139256.0
2018-01-25 14:04:59.127000,33.1,33.1,33.15,20139256.0
2018-01-25 14:05:02.301000,33.1,33.1,33.15,20139256.0
2018-01-25 14:05:05.348000,33.1,33.1,33.15,20139256.0
2018-01-25 14:05:08.327000,33.1,33.1,33.15,20139256.0
2018-01-25 14:05:11.699000,33.1,33.1,33.15,20139256.0
2018-01-25 14:05:15.113000,33.1,33.1,33.15,20139256.0
2018-01-25 14:05:18.133000,33.1,33.1,33.15,20139256.0
2018-01-25 14:05:21.193000,33.1,33.1,33.15,20139256.0
2018-01-25 14:05:23.683000,,,,
2018-01-25 14:05:26.797000,33.1,33.1,33.15,20139256.0
2018-01-25 14:05:29.738000,33.1,33.1,33.15,20139256.0
2018-01-25 14:05:32.414000,33.1,33.1,33.15,20139256.0
2018-01-25 14:05:35.284000,33.1,33.1,33.15,20139256.0
2018-01-25 14:05:38.162000,33.1,33.1,33.15,20139256.0
2018-01-25 14:05:41.108000,33.1,33.1,33.15,20139256.0
2018-01-25 14:05:43.853000,33.1,33.1,33.15,20139256.0
2018-01-25 14:05:46.786000,33.1,33.1,33.15,20139256.0
2018-01-25 14:05:49.627000,33.1,33.1,33.15,20139256.0
2018-01-25 14:05:52.277000,33.1,33.1,33.15,20139256.0
2018-01-25 14:05:55.131000,33.1,33.1,33.15,20139256.0
2018-01-25 14:05:58.184000,33.1,33.1,33.15,20139256.0
2018-01-25 14:06:01.371000,33.1,33.1,33.15,20139256.0
2018-01-25 14:06:04.238000,33.1,33.1,33.15,20139256.0
2018-01-25 14:06:07.182000,33.1,33.1,33.15,20139256.0
2018-01-25 14:06:10.349000,33.1,33.1,33.15,20139256.0
2018-01-25 14:06:13.349000,33.1,33.1,33.15,20139256.0
2018-01-25 14:06:16.277000,33.1,33.1,33.15,20139256.0
2018-01-25 14:06:19.301000,33.1,33.1,33.15,20144756.0
2018-01-25 14:06:22.147000,33.1,33.1,33.15,20144756.0
2018-01-25 14:06:25.367000,33.1,33.1,33.15,20144756.0
2018-01-25 14:06:28.324000,33.1,33.1,33.15,20144756.0
2018-01-25 14:06:31.137000,33.1,33.1,33.15,20144756.0
2018-01-25 14:06:34.027000,33.1,33.1,33.15,20144756.0
2018-01-25 14:06:36.854000,33.1,33.1,33.15,20144756.0
2018-01-25 14:06:39.698000,33.1,33.1,33.15,20144756.0
2018-01-25 14:06:42.607000,33.1,33.1,33.15,20144756.0
2018-01-25 14:06:45.603000,33.1,33.1,33.15,20144756.0
2018-01-25 14:06:48.396000,33.1,33.1,33.15,20144756.0
2018-01-25 14:06:51.370000,33.1,33.1,33.15,20144756.0
2018-01-25 14:06:54.454000,33.1,33.1,33.15,20144756.0
2018-01-25 14:06:57.309000,33.1,33.1,33.15,20144756.0
2018-01-25 14:07:00.249000,33.1,33.1,33.15,20144756.0
2018-01-25 14:07:03.185000,33.1,33.1,33.15,20144756.0
2018-01-25 14:07:06.166000,33.1,33.1,33.15,20144756.0
2018-01-25 14:07:08.896000,33.1,33.1,33.15,20144756.0
2018-01-25 14:07:11.791000,33.1,33.1,33.15,20144756.0
2018-01-25 14:07:14.771000,33.1,33.1,33.15,20144756.0
2018-01-25 14:07:17.683000,33.1,33.1,33.15,20144756.0
2018-01-25 14:07:20.587000,33.1,33.1,33.15,20144756.0
2018-01-25 14:07:23.592000,33.1,33.1,33.15,20144756.0
2018-01-25 14:07:26.476000,33.1,33.1,33.15,20144756.0
2018-01-25 14:07:29.414000,33.1,33.1,33.15,20144756.0
2018-01-25 14:07:32.348000,33.1,33.1,33.15,20144756.0
2018-01-25 14:07:35.273000,33.1,33.1,33.15,20144756.0
2018-01-25 14:07:38.229000,33.1,33.1,33.15,20144756.0
2018-01-25 14:07:41.375000,33.1,33.1,33.15,20144756.0
2018-01-25 14:07:44.474000,33.1,33.1,33.15,20144756.0
2018-01-25 14:07:47.478000,33.1,33.1,33.15,20144756.0
2018-01-25 14:07:50.400000,33.1,33.1,33.15,20144756.0
2018-01-25 14:07:53.296000,33.1,33.1,33.15,20144756.0
2018-01-25 14:07:56.195000,33.1,33.1,33.15,20144756.0
2018-01-25 14:07:59.111000,33.1,33.1,33.15,20144756.0
2018-01-25 14:08:02.048000,33.1,33.1,33.15,20144756.0
2018-01-25 14:08:05.025000,33.1,33.1,33.15,20152256.0
2018-01-25 14:08:07.901000,33.1,33.1,33.15,20152256.0
2018-01-25 14:08:11.129000,33.1,33.1,33.15,20152256.0
2018-01-25 14:08:14.021000,33.1,33.1,33.15,20152256.0
2018-01-25 14:08:17.085000,33.1,33.1,33.15,20152256.0
2018-01-25 14:08:19.865000,33.1,33.1,33.15,20152256.0
2018-01-25 14:08:22.794000,33.1,33.1,33.15,20152256.0
2018-01-25 14:08:25.397000,33.1,33.1,33.15,20152256.0
2018-01-25 14:08:28.096000,33.1,33.1,33.15,20152256.0
2018-01-25 14:08:30.888000,33.1,33.1,33.15,20152256.0
2018-01-25 14:08:33.626000,33.1,33.1,33.15,20152256.0
2018-01-25 14:08:36.182000,33.1,33.1,33.15,20152256.0
2018-01-25 14:08:38.843000,33.1,33.1,33.15,20152256.0
2018-01-25 14:08:41.519000,33.1,33.05,33.1,20152256.0
2018-01-25 14:08:44.200000,33.1,33.05,33.1,20152256.0
2018-01-25 14:08:47.233000,33.1,33.05,33.1,20152256.0
2018-01-25 14:08:49.836000,33.1,33.05,33.1,20152256.0
2018-01-25 14:08:52.493000,33.1,33.05,33.1,20152256.0
2018-01-25 14:08:55.008000,33.1,33.05,33.1,20152256.0
2018-01-25 14:08:57.916000,33.1,33.05,33.1,20152256.0
2018-01-25 14:09:00.524000,33.1,33.05,33.1,20152256.0
2018-01-25 14:09:03.581000,33.1,33.05,33.1,20152256.0
2018-01-25 14:09:06.463000,33.1,33.05,33.1,20152256.0
2018-01-25 14:09:09.311000,33.1,33.05,33.1,20152256.0
2018-01-25 14:09:11.965000,33.1,33.05,33.1,20152256.0
2018-01-25 14:09:14.679000,33.1,33.05,33.1,20152256.0
2018-01-25 14:09:17.386000,33.1,33.05,33.1,20152256.0
2018-01-25 14:09:19.915000,33.1,33.1,33.15,20182396.0
2018-01-25 14:09:22.935000,33.1,33.1,33.15,20182396.0
2018-01-25 14:09:25.605000,33.1,33.1,33.15,20182396.0
2018-01-25 14:09:28.510000,33.1,33.1,33.15,20182396.0
2018-01-25 14:09:31.081000,33.1,33.1,33.15,20182396.0
2018-01-25 14:09:33.944000,33.1,33.1,33.15,20182396.0
2018-01-25 14:09:36.707000,33.1,33.1,33.15,20182396.0
2018-01-25 14:09:39.322000,33.1,33.1,33.15,20182396.0
2018-01-25 14:09:42.280000,33.1,33.1,33.15,20182396.0
2018-01-25 14:09:44.915000,33.1,33.1,33.15,20182396.0
2018-01-25 14:09:47.836000,33.1,33.1,33.15,20182396.0
2018-01-25 14:09:50.373000,33.1,33.1,33.15,20182396.0
2018-01-25 14:09:53.119000,33.1,33.1,33.15,20182396.0
2018-01-25 14:09:55.791000,33.1,33.1,33.15,20182396.0
2018-01-25 14:09:58.360000,33.1,33.1,33.15,20182396.0
2018-01-25 14:10:00.994000,33.1,33.1,33.15,20182396.0
2018-01-25 14:10:03.619000,33.1,33.1,33.15,20182396.0
2018-01-25 14:10:06.261000,33.1,33.1,33.15,20182396.0
2018-01-25 14:10:08.893000,33.1,33.1,33.15,20182396.0
2018-01-25 14:10:11.763000,33.1,33.1,33.15,20182396.0
2018-01-25 14:10:14.509000,33.1,33.1,33.15,20182396.0
2018-01-25 14:10:17.852000,33.1,33.1,33.15,20182396.0
2018-01-25 14:10:20.526000,33.1,33.1,33.15,20182396.0
2018-01-25 14:10:23.130000,33.1,33.1,33.15,20182396.0
2018-01-25 14:10:26.025000,33.1,33.1,33.15,20182396.0
2018-01-25 14:10:28.716000,33.1,33.1,33.15,20182396.0
2018-01-25 14:10:31.330000,33.05,33.05,33.1,20369896.0
2018-01-25 14:10:33.943000,33.05,33.05,33.1,20369896.0
2018-01-25 14:10:36.622000,33.05,33.05,33.1,20369896.0
2018-01-25 14:10:39.296000,33.05,33.05,33.1,20369896.0
2018-01-25 14:10:42.171000,33.05,33.05,33.1,20369896.0
2018-01-25 14:10:45.087000,33.05,33.05,33.1,20369896.0
2018-01-25 14:10:47.657000,33.05,33.05,33.1,20369896.0
2018-01-25 14:10:50.152000,33.05,33.05,33.1,20369896.0
2018-01-25 14:10:52.660000,33.05,33.05,33.1,20369896.0
2018-01-25 14:10:55.183000,33.05,33.05,33.1,20369896.0
2018-01-25 14:10:57.890000,33.05,33.05,33.1,20369896.0
2018-01-25 14:11:00.499000,33.05,33.05,33.1,20369896.0
2018-01-25 14:11:03.108000,33.05,33.05,33.1,20369896.0
2018-01-25 14:11:05.685000,33.05,33.05,33.1,20369896.0
2018-01-25 14:11:08.436000,33.05,33.05,33.1,20369896.0
2018-01-25 14:11:11.154000,33.05,33.05,33.1,20369896.0
2018-01-25 14:11:13.861000,33.05,33.05,33.1,20369896.0
2018-01-25 14:11:16.549000,33.05,33.05,33.1,20369896.0
2018-01-25 14:11:19.068000,33.05,33.05,33.1,20369896.0
2018-01-25 14:11:21.789000,33.05,33.05,33.1,20369896.0
2018-01-25 14:11:24.435000,33.05,33.05,33.1,20369896.0
2018-01-25 14:11:27.141000,33.05,33.05,33.1,20369896.0
2018-01-25 14:11:29.730000,33.05,33.05,33.1,20369896.0
2018-01-25 14:11:32.155000,33.05,33.05,33.1,20369896.0
2018-01-25 14:11:34.698000,33.05,33.05,33.1,20369896.0
2018-01-25 14:11:37.469000,33.05,33.05,33.1,20369896.0
2018-01-25 14:11:40.169000,33.05,33.05,33.1,20369896.0
2018-01-25 14:11:44.241000,33.1,33.05,33.15,20376396.0
2018-01-25 14:11:48.079000,33.1,33.05,33.15,20376396.0
2018-01-25 14:11:51.950000,33.1,33.05,33.15,20376396.0
2018-01-25 14:11:55.547000,33.1,33.05,33.15,20376396.0
2018-01-25 14:11:58.903000,33.1,33.05,33.15,20376396.0
2018-01-25 14:12:02.988000,33.1,33.05,33.15,20376396.0
2018-01-25 14:12:06.624000,33.1,33.05,33.15,20376396.0
2018-01-25 14:12:09.685000,33.1,33.05,33.15,20376396.0
2018-01-25 14:12:14.982000,33.1,33.05,33.15,20376396.0
2018-01-25 14:12:17.734000,33.1,33.05,33.15,20376396.0
2018-01-25 14:12:20.841000,33.1,33.05,33.15,20376396.0
2018-01-25 14:12:24.047000,33.1,33.05,33.15,20376396.0
2018-01-25 14:12:27.287000,33.1,33.05,33.15,20376396.0
2018-01-25 14:12:31.260000,33.1,33.05,33.15,20376396.0
2018-01-25 14:12:34.380000,33.1,33.05,33.15,20376396.0
2018-01-25 14:12:37.496000,33.1,33.05,33.15,20376396.0
2018-01-25 14:12:40.718000,33.1,33.05,33.15,20376396.0
2018-01-25 14:12:44.079000,33.1,33.05,33.15,20376396.0
2018-01-25 14:12:49.215000,33.1,33.05,33.15,20376396.0
2018-01-25 14:12:52.525000,33.1,33.05,33.15,20376396.0
2018-01-25 14:12:55.218000,33.1,33.05,33.15,20376396.0
2018-01-25 14:12:57.833000,33.1,33.05,33.15,20376396.0
2018-01-25 14:13:00.744000,33.1,33.05,33.15,20376396.0
2018-01-25 14:13:04.223000,33.1,33.05,33.15,20376396.0
2018-01-25 14:13:08.841000,33.1,33.05,33.15,20376396.0
2018-01-25 14:13:11.935000,33.1,33.05,33.15,20376396.0
2018-01-25 14:13:15.799000,33.1,33.05,33.15,20376396.0
2018-01-25 14:13:18.320000,33.1,33.05,33.15,20376396.0
2018-01-25 14:13:20.920000,33.1,33.05,33.15,20376396.0
2018-01-25 14:13:23.511000,33.1,33.05,33.15,20376396.0
2018-01-25 14:13:26.328000,33.1,33.05,33.15,20376396.0
2018-01-25 14:13:28.970000,33.1,33.05,33.15,20376396.0
2018-01-25 14:13:31.861000,33.1,33.05,33.15,20376396.0
2018-01-25 14:13:34.586000,33.1,33.05,33.15,20376396.0
2018-01-25 14:13:37.612000,33.1,33.05,33.15,20376396.0
2018-01-25 14:13:40.273000,33.1,33.05,33.1,20377896.0
2018-01-25 14:13:42.945000,33.1,33.05,33.1,20377896.0
2018-01-25 14:13:45.818000,33.1,33.05,33.1,20377896.0
2018-01-25 14:13:48.524000,33.1,33.05,33.1,20377896.0
2018-01-25 14:13:51.437000,33.1,33.05,33.1,20377896.0
2018-01-25 14:13:54.475000,33.1,33.05,33.1,20377896.0
2018-01-25 14:13:57.206000,33.1,33.05,33.1,20377896.0
2018-01-25 14:13:59.906000,33.1,33.05,33.1,20377896.0
2018-01-25 14:14:02.514000,33.1,33.05,33.1,20377896.0
2018-01-25 14:14:05.155000,33.1,33.05,33.1,20377896.0
2018-01-25 14:14:07.674000,33.1,33.05,33.1,20377896.0
2018-01-25 14:14:10.641000,33.1,33.05,33.1,20377896.0
2018-01-25 14:14:13.253000,33.1,33.05,33.1,20377896.0
2018-01-25 14:14:15.957000,33.1,33.05,33.1,20377896.0
2018-01-25 14:14:18.775000,33.1,33.05,33.1,20377896.0
2018-01-25 14:14:21.476000,33.1,33.05,33.1,20377896.0
2018-01-25 14:14:24.276000,33.1,33.05,33.1,20377896.0
2018-01-25 14:14:26.962000,33.1,33.05,33.1,20377896.0
2018-01-25 14:14:29.486000,33.1,33.05,33.1,20377896.0
2018-01-25 14:14:32.198000,33.1,33.05,33.1,20377896.0
2018-01-25 14:14:35.017000,33.1,33.05,33.1,20377896.0
2018-01-25 14:14:37.730000,33.1,33.05,33.1,20377896.0
2018-01-25 14:14:40.345000,33.1,33.05,33.1,20377896.0
2018-01-25 14:14:43.011000,33.1,33.05,33.1,20377896.0
2018-01-25 14:14:45.687000,33.1,33.05,33.1,20377896.0
2018-01-25 14:14:48.285000,33.1,33.05,33.1,20377896.0
2018-01-25 14:14:50.691000,33.1,33.05,33.1,20377896.0
2018-01-25 14:14:53.177000,33.1,33.05,33.1,20377896.0
2018-01-25 14:14:55.909000,33.1,33.05,33.1,20424396.0
2018-01-25 14:14:58.645000,33.1,33.05,33.1,20424396.0
2018-01-25 14:15:01.500000,33.1,33.05,33.1,20424396.0
2018-01-25 14:15:03.961000,33.1,33.05,33.1,20424396.0
2018-01-25 14:15:06.575000,33.1,33.05,33.1,20424396.0
2018-01-25 14:15:09.409000,33.1,33.05,33.1,20424396.0
2018-01-25 14:15:12.021000,33.1,33.05,33.1,20424396.0
2018-01-25 14:15:14.616000,33.1,33.05,33.1,20424396.0
2018-01-25 14:15:17.318000,33.1,33.05,33.1,20424396.0
2018-01-25 14:15:19.970000,33.1,33.05,33.1,20424396.0
2018-01-25 14:15:22.551000,33.1,33.05,33.1,20424396.0
2018-01-25 14:15:25.282000,33.1,33.05,33.1,20424396.0
2018-01-25 14:15:27.863000,33.1,33.05,33.1,20424396.0
2018-01-25 14:15:30.752000,33.1,33.05,33.1,20424396.0
2018-01-25 14:15:33.227000,33.1,33.05,33.1,20424396.0
2018-01-25 14:15:35.784000,33.1,33.05,33.1,20424396.0
2018-01-25 14:15:38.313000,33.1,33.05,33.1,20424396.0
2018-01-25 14:15:40.818000,33.1,33.05,33.1,20424396.0
2018-01-25 14:15:43.752000,33.1,33.05,33.1,20424396.0
2018-01-25 14:15:46.589000,33.1,33.05,33.1,20424396.0
2018-01-25 14:15:49.642000,33.1,33.1,33.15,20446896.0
2018-01-25 14:15:52.450000,33.1,33.1,33.15,20446896.0
2018-01-25 14:15:55.252000,33.1,33.1,33.15,20446896.0
2018-01-25 14:15:58.012000,33.1,33.1,33.15,20446896.0
2018-01-25 14:16:01.255000,33.1,33.1,33.15,20446896.0
2018-01-25 14:16:04.129000,33.1,33.1,33.15,20446896.0
2018-01-25 14:16:06.614000,33.1,33.1,33.15,20446896.0
2018-01-25 14:16:09.114000,33.1,33.1,33.15,20446896.0
2018-01-25 14:16:12.052000,33.1,33.1,33.15,20446896.0
2018-01-25 14:16:14.695000,33.1,33.1,33.15,20446896.0
2018-01-25 14:16:17.321000,33.1,33.1,33.15,20446896.0
2018-01-25 14:16:19.892000,33.1,33.1,33.15,20446896.0
2018-01-25 14:16:22.544000,33.1,33.1,33.15,20446896.0
2018-01-25 14:16:24.988000,33.1,33.1,33.15,20446896.0
2018-01-25 14:16:27.849000,33.1,33.1,33.15,20446896.0
2018-01-25 14:16:30.927000,33.1,33.1,33.15,20446896.0
2018-01-25 14:16:33.559000,33.1,33.1,33.15,20446896.0
2018-01-25 14:16:36.447000,33.1,33.1,33.15,20446896.0
2018-01-25 14:16:39.170000,33.1,33.1,33.15,20446896.0
2018-01-25 14:16:41.691000,33.1,33.05,33.1,20542396.0
2018-01-25 14:16:44.570000,33.1,33.05,33.1,20542396.0
2018-01-25 14:16:47.146000,33.1,33.05,33.1,20542396.0
2018-01-25 14:16:49.588000,33.1,33.05,33.1,20542396.0
2018-01-25 14:16:52.179000,33.1,33.05,33.1,20542396.0
2018-01-25 14:16:54.717000,33.1,33.05,33.1,20542396.0
2018-01-25 14:16:57.356000,33.1,33.05,33.1,20542396.0
2018-01-25 14:16:59.931000,33.1,33.05,33.1,20542396.0
2018-01-25 14:17:02.353000,33.1,33.05,33.1,20542396.0
2018-01-25 14:17:04.940000,33.1,33.05,33.1,20542396.0
2018-01-25 14:17:07.290000,33.1,33.05,33.1,20542396.0
2018-01-25 14:17:10.018000,33.1,33.05,33.1,20542396.0
2018-01-25 14:17:12.579000,33.1,33.05,33.1,20542396.0
2018-01-25 14:17:15.694000,33.1,33.05,33.1,20542396.0
2018-01-25 14:17:18.416000,33.1,33.05,33.1,20542396.0
2018-01-25 14:17:20.802000,33.1,33.05,33.1,20542396.0
2018-01-25 14:17:24.040000,33.1,33.05,33.1,20542396.0
2018-01-25 14:17:27.281000,33.1,33.05,33.1,20542396.0
2018-01-25 14:17:29.829000,33.1,33.05,33.1,20542396.0
2018-01-25 14:17:32.563000,33.1,33.05,33.1,20542396.0
2018-01-25 14:17:35.115000,33.1,33.05,33.1,20542396.0
2018-01-25 14:17:37.663000,33.1,33.05,33.1,20542396.0
2018-01-25 14:17:40.302000,33.1,33.05,33.1,20542396.0
2018-01-25 14:17:42.781000,33.1,33.05,33.1,20542396.0
2018-01-25 14:17:45.293000,33.1,33.05,33.1,20542396.0
2018-01-25 14:17:47.939000,33.1,33.05,33.1,20542396.0
2018-01-25 14:17:50.661000,33.1,33.05,33.1,20542396.0
2018-01-25 14:17:53.274000,33.1,33.05,33.1,20542396.0
2018-01-25 14:17:55.911000,33.1,33.05,33.1,20542396.0
2018-01-25 14:17:58.882000,33.1,33.05,33.1,20542396.0
2018-01-25 14:18:01.466000,33.1,33.05,33.1,20542396.0
2018-01-25 14:18:04.251000,33.1,33.05,33.1,20542396.0
2018-01-25 14:18:06.940000,33.1,33.05,33.1,20542396.0
2018-01-25 14:18:09.554000,33.1,33.05,33.1,20542396.0
2018-01-25 14:18:12.101000,33.1,33.05,33.1,20542396.0
2018-01-25 14:18:14.720000,33.1,33.05,33.1,20542396.0
2018-01-25 14:18:17.178000,33.1,33.05,33.1,20542396.0
2018-01-25 14:18:19.668000,33.1,33.05,33.1,20542396.0
2018-01-25 14:18:22.062000,33.1,33.05,33.1,20542396.0
2018-01-25 14:18:24.753000,33.1,33.05,33.1,20542396.0
2018-01-25 14:18:27.486000,33.1,33.05,33.1,20542396.0
2018-01-25 14:18:30.284000,33.1,33.05,33.1,20542396.0
2018-01-25 14:18:33.098000,33.1,33.05,33.1,20542396.0
2018-01-25 14:18:35.616000,33.1,33.05,33.1,20542396.0
2018-01-25 14:18:38.077000,33.1,33.05,33.1,20542396.0
2018-01-25 14:18:40.901000,33.1,33.05,33.1,20542396.0
2018-01-25 14:18:43.569000,33.1,33.05,33.1,20542396.0
2018-01-25 14:18:46.191000,33.1,33.05,33.1,20542396.0
2018-01-25 14:18:48.648000,33.1,33.05,33.1,20542747.0
2018-01-25 14:18:51.271000,33.1,33.05,33.1,20542747.0
2018-01-25 14:18:53.725000,33.1,33.05,33.1,20542747.0
2018-01-25 14:18:56.462000,33.1,33.05,33.1,20542747.0
2018-01-25 14:18:58.994000,33.1,33.05,33.1,20542747.0
2018-01-25 14:19:01.454000,33.1,33.05,33.1,20542747.0
2018-01-25 14:19:04.126000,33.1,33.05,33.1,20542747.0
2018-01-25 14:19:06.687000,33.1,33.05,33.1,20542747.0
2018-01-25 14:19:09.302000,33.1,33.05,33.1,20542747.0
2018-01-25 14:19:11.947000,33.1,33.05,33.1,20542747.0
2018-01-25 14:19:14.552000,33.1,33.05,33.1,20542747.0
2018-01-25 14:19:17.231000,33.1,33.05,33.1,20542747.0
2018-01-25 14:19:19.936000,33.1,33.05,33.1,20542747.0
2018-01-25 14:19:22.565000,33.1,33.05,33.1,20542747.0
2018-01-25 14:19:25.214000,33.1,33.05,33.1,20542747.0
2018-01-25 14:19:27.796000,33.1,33.05,33.1,20542747.0
2018-01-25 14:19:30.509000,33.1,33.05,33.1,20542747.0
2018-01-25 14:19:33.342000,33.1,33.05,33.1,20542747.0
2018-01-25 14:19:35.835000,33.1,33.05,33.1,20542747.0
2018-01-25 14:19:38.321000,33.1,33.05,33.1,20542747.0
2018-01-25 14:19:41.057000,33.1,33.05,33.1,20542747.0
2018-01-25 14:19:43.495000,33.1,33.05,33.1,20542747.0
2018-01-25 14:19:45.977000,33.1,33.05,33.1,20542747.0
2018-01-25 14:19:48.629000,33.1,33.05,33.1,20542747.0
2018-01-25 14:19:51.261000,33.1,33.05,33.1,20542747.0
2018-01-25 14:19:55.009000,33.1,33.05,33.1,20542747.0
2018-01-25 14:19:57.880000,33.1,33.05,33.1,20542747.0
2018-01-25 14:20:00.881000,33.05,33.05,33.1,20554747.0
2018-01-25 14:20:04.188000,33.05,33.05,33.1,20554747.0
2018-01-25 14:20:07.221000,33.05,33.05,33.1,20554747.0
2018-01-25 14:20:10.331000,33.05,33.05,33.1,20554747.0
2018-01-25 14:20:13.447000,33.05,33.05,33.1,20554747.0
2018-01-25 14:20:16.729000,33.05,33.05,33.1,20554747.0
2018-01-25 14:20:19.811000,33.05,33.05,33.1,20554747.0
2018-01-25 14:20:22.761000,33.05,33.05,33.1,20554747.0
2018-01-25 14:20:25.668000,33.05,33.05,33.1,20554747.0
2018-01-25 14:20:28.721000,33.05,33.05,33.1,20554747.0
2018-01-25 14:20:31.948000,33.05,33.05,33.1,20554747.0
2018-01-25 14:20:34.990000,33.05,33.05,33.1,20554747.0
2018-01-25 14:20:38.050000,33.05,33.05,33.1,20554747.0
2018-01-25 14:20:41.071000,33.05,33.05,33.1,20554747.0
2018-01-25 14:20:44.198000,33.05,33.05,33.1,20554747.0
2018-01-25 14:20:47.308000,33.05,33.05,33.1,20554747.0
2018-01-25 14:20:50.177000,33.05,33.05,33.1,20554747.0
2018-01-25 14:20:53.091000,33.05,33.05,33.1,20554747.0
2018-01-25 14:20:56.026000,33.05,33.05,33.1,20554747.0
2018-01-25 14:20:59.031000,33.05,33.05,33.1,20554747.0
2018-01-25 14:21:01.932000,33.05,33.05,33.1,20554747.0
2018-01-25 14:21:04.874000,33.05,33.05,33.1,20554747.0
2018-01-25 14:21:07.968000,33.05,33.05,33.1,20554747.0
2018-01-25 14:21:10.821000,33.05,33.05,33.1,20554747.0
2018-01-25 14:21:13.901000,33.05,33.05,33.1,20554747.0
2018-01-25 14:21:16.946000,33.05,33.05,33.1,20556747.0
2018-01-25 14:21:19.975000,33.05,33.05,33.1,20556747.0
2018-01-25 14:21:23.187000,33.05,33.05,33.1,20556747.0
2018-01-25 14:21:26.398000,33.05,33.05,33.1,20556747.0
2018-01-25 14:21:29.285000,33.05,33.05,33.1,20556747.0
2018-01-25 14:21:32.669000,33.05,33.05,33.1,20556747.0
2018-01-25 14:21:35.789000,33.05,33.05,33.1,20556747.0
2018-01-25 14:21:39.180000,33.05,33.05,33.1,20556747.0
2018-01-25 14:21:42.062000,33.05,33.05,33.1,20556747.0
2018-01-25 14:21:45.182000,33.05,33.05,33.1,20556747.0
2018-01-25 14:21:48.278000,33.05,33.05,33.1,20556747.0
2018-01-25 14:21:51.392000,33.05,33.05,33.1,20556747.0
2018-01-25 14:21:54.458000,33.05,33.05,33.1,20556747.0
2018-01-25 14:21:57.388000,33.05,33.05,33.1,20556747.0
2018-01-25 14:22:00.477000,33.05,33.05,33.1,20556747.0
2018-01-25 14:22:03.678000,33.05,33.05,33.1,20556747.0
2018-01-25 14:22:06.551000,33.05,33.05,33.1,20556747.0
2018-01-25 14:22:09.661000,33.05,33.05,33.1,20556747.0
2018-01-25 14:22:12.945000,33.05,33.05,33.1,20556747.0
2018-01-25 14:22:15.978000,33.05,33.05,33.1,20556747.0
2018-01-25 14:22:19.065000,33.05,33.05,33.1,20556747.0
2018-01-25 14:22:22.099000,33.05,33.05,33.1,20556747.0
2018-01-25 14:22:25.280000,33.05,33.05,33.1,20556747.0
2018-01-25 14:22:28.515000,33.05,33.05,33.1,20556747.0
2018-01-25 14:22:31.420000,33.05,33.05,33.1,20556747.0
2018-01-25 14:22:34.675000,33.05,33.05,33.1,20556747.0
2018-01-25 14:22:37.637000,33.05,33.05,33.1,20556747.0
2018-01-25 14:22:40.525000,33.05,33.05,33.1,20556747.0
2018-01-25 14:22:43.483000,33.05,33.05,33.1,20556747.0
2018-01-25 14:22:46.716000,33.05,33.05,33.1,20556747.0
2018-01-25 14:22:49.782000,33.05,33.05,33.1,20556747.0
2018-01-25 14:22:52.860000,33.05,33.05,33.1,20556747.0
2018-01-25 14:22:55.824000,33.05,33.05,33.1,20556747.0
2018-01-25 14:22:59.205000,33.05,33.05,33.1,20556747.0
2018-01-25 14:23:02.182000,33.05,33.05,33.1,20556747.0
2018-01-25 14:23:05.123000,33.05,33.05,33.1,20556747.0
2018-01-25 14:23:08.124000,33.05,33.05,33.1,20556747.0
2018-01-25 14:23:11.324000,33.05,33.05,33.1,20556747.0
2018-01-25 14:23:14.402000,33.05,33.05,33.1,20556747.0
2018-01-25 14:23:17.292000,33.05,33.05,33.1,20556747.0
2018-01-25 14:23:20.604000,33.05,33.05,33.1,20557747.0
2018-01-25 14:23:23.754000,33.05,33.05,33.1,20557747.0
2018-01-25 14:23:26.746000,33.05,33.05,33.1,20557747.0
2018-01-25 14:23:29.753000,33.05,33.05,33.1,20557747.0
2018-01-25 14:23:32.807000,33.05,33.05,33.1,20557747.0
2018-01-25 14:23:35.965000,33.05,33.05,33.1,20557747.0
2018-01-25 14:23:39.045000,33.05,33.05,33.1,20557747.0
2018-01-25 14:23:42.234000,33.05,33.05,33.1,20557747.0
2018-01-25 14:23:45.297000,33.05,33.05,33.1,20557747.0
2018-01-25 14:23:48.382000,33.05,33.05,33.1,20557747.0
2018-01-25 14:23:51.381000,33.05,33.05,33.1,20557747.0
2018-01-25 14:23:54.460000,33.05,33.05,33.1,20557747.0
2018-01-25 14:23:57.498000,33.05,33.05,33.1,20557747.0
2018-01-25 14:24:00.745000,33.05,33.05,33.1,20557747.0
2018-01-25 14:24:03.905000,33.05,33.05,33.1,20557747.0
2018-01-25 14:24:07.019000,33.05,33.05,33.1,20557747.0
2018-01-25 14:24:10.069000,33.05,33.05,33.1,20557747.0
2018-01-25 14:24:13.093000,33.05,33.05,33.1,20557747.0
2018-01-25 14:24:16.248000,33.05,33.05,33.1,20557747.0
2018-01-25 14:24:19.423000,33.1,33.05,33.1,20561494.0
2018-01-25 14:24:22.546000,33.1,33.05,33.1,20561494.0
2018-01-25 14:24:25.607000,33.1,33.05,33.1,20561494.0
2018-01-25 14:24:28.614000,33.1,33.05,33.1,20561494.0
2018-01-25 14:24:31.700000,33.1,33.05,33.1,20561494.0
2018-01-25 14:24:34.852000,33.1,33.05,33.1,20561494.0
2018-01-25 14:24:37.988000,33.1,33.05,33.1,20561494.0
2018-01-25 14:24:41.154000,33.1,33.05,33.1,20561494.0
2018-01-25 14:24:44.207000,33.1,33.05,33.1,20561494.0
2018-01-25 14:24:47.313000,33.1,33.05,33.1,20561494.0
2018-01-25 14:24:50.336000,33.1,33.05,33.1,20561494.0
2018-01-25 14:24:53.470000,33.1,33.05,33.1,20561494.0
2018-01-25 14:24:56.482000,33.1,33.05,33.1,20561494.0
2018-01-25 14:24:59.626000,33.1,33.05,33.1,21078328.0
2018-01-25 14:25:02.873000,33.1,33.05,33.1,21078328.0
2018-01-25 14:25:05.905000,33.1,33.05,33.1,21078328.0
2018-01-25 14:25:08.787000,33.1,33.05,33.1,21078328.0
2018-01-25 14:25:11.811000,33.1,33.05,33.1,21078328.0
2018-01-25 14:25:14.754000,33.1,33.05,33.1,21078328.0
2018-01-25 14:25:17.728000,33.1,33.05,33.1,21078328.0
2018-01-25 14:25:20.887000,33.1,33.05,33.1,21078328.0
2018-01-25 14:25:23.954000,33.1,33.05,33.1,21078328.0
2018-01-25 14:25:26.815000,33.1,33.05,33.1,21078328.0
2018-01-25 14:25:29.864000,33.1,33.05,33.1,21078328.0
2018-01-25 14:25:33.039000,33.1,33.05,33.1,21078328.0
2018-01-25 14:25:35.981000,33.1,33.05,33.1,21078328.0
2018-01-25 14:25:38.887000,33.1,33.05,33.1,21078328.0
2018-01-25 14:25:41.890000,33.1,33.05,33.1,21078328.0
2018-01-25 14:25:45.022000,33.1,33.05,33.1,21078328.0
2018-01-25 14:25:48.032000,33.1,33.05,33.1,21078328.0
2018-01-25 14:25:51.093000,33.1,33.05,33.1,21078328.0
2018-01-25 14:25:54.462000,33.1,33.05,33.1,21078328.0
2018-01-25 14:25:57.626000,33.1,33.05,33.1,21078328.0
2018-01-25 14:26:00.641000,33.1,33.05,33.1,21078328.0
2018-01-25 14:26:03.885000,33.1,33.05,33.1,21078328.0
2018-01-25 14:26:07.065000,33.1,33.05,33.1,21078328.0
2018-01-25 14:26:10.155000,33.1,33.05,33.1,21078328.0
2018-01-25 14:26:13.095000,33.1,33.05,33.15,21079828.0
2018-01-25 14:26:16.390000,33.1,33.05,33.15,21079828.0
2018-01-25 14:26:19.870000,33.1,33.05,33.15,21079828.0
2018-01-25 14:26:23.177000,33.1,33.05,33.15,21079828.0
2018-01-25 14:26:26.138000,33.1,33.05,33.15,21079828.0
2018-01-25 14:26:29.012000,33.1,33.05,33.15,21079828.0
2018-01-25 14:26:31.937000,33.1,33.05,33.15,21079828.0
2018-01-25 14:26:34.926000,33.1,33.05,33.15,21079828.0
2018-01-25 14:26:37.949000,33.1,33.05,33.15,21079828.0
2018-01-25 14:26:40.953000,33.1,33.05,33.15,21079828.0
2018-01-25 14:26:44.195000,33.1,33.05,33.15,21079828.0
2018-01-25 14:26:47.414000,33.1,33.05,33.15,21079828.0
2018-01-25 14:26:50.571000,33.1,33.05,33.15,21079828.0
2018-01-25 14:26:53.558000,33.1,33.05,33.15,21079828.0
2018-01-25 14:26:56.592000,33.1,33.05,33.15,21079828.0
2018-01-25 14:26:59.793000,33.1,33.05,33.15,21079828.0
2018-01-25 14:27:03.097000,33.1,33.05,33.15,21079828.0
2018-01-25 14:27:06.421000,33.1,33.05,33.15,21079828.0
2018-01-25 14:27:09.506000,33.1,33.05,33.15,21079828.0
2018-01-25 14:27:12.965000,33.1,33.05,33.15,21079828.0
2018-01-25 14:27:16.125000,33.1,33.05,33.15,21079828.0
2018-01-25 14:27:19.300000,33.1,33.05,33.15,21079828.0
2018-01-25 14:27:22.256000,33.1,33.05,33.15,21079828.0
2018-01-25 14:27:25.274000,33.1,33.05,33.15,21079828.0
2018-01-25 14:27:28.344000,33.1,33.05,33.15,21079828.0
2018-01-25 14:27:31.344000,33.1,33.05,33.15,21079828.0
2018-01-25 14:27:34.379000,33.1,33.05,33.15,21079828.0
2018-01-25 14:27:37.456000,33.1,33.05,33.15,21079828.0
2018-01-25 14:27:40.566000,33.1,33.05,33.15,21079828.0
2018-01-25 14:27:43.659000,33.1,33.05,33.15,21079828.0
2018-01-25 14:27:46.751000,33.1,33.05,33.15,21079828.0
2018-01-25 14:27:49.912000,33.1,33.05,33.15,21079828.0
2018-01-25 14:27:52.988000,33.1,33.05,33.15,21079828.0
2018-01-25 14:27:55.984000,33.1,33.05,33.15,21079828.0
2018-01-25 14:27:59.167000,33.05,33.05,33.1,21235828.0
2018-01-25 14:28:02.204000,33.05,33.05,33.1,21235828.0
2018-01-25 14:28:05.114000,33.05,33.05,33.1,21235828.0
2018-01-25 14:28:08.081000,33.05,33.05,33.1,21235828.0
2018-01-25 14:28:11.095000,33.05,33.05,33.1,21235828.0
2018-01-25 14:28:14.316000,33.05,33.05,33.1,21235828.0
2018-01-25 14:28:17.442000,33.05,33.05,33.1,21235828.0
2018-01-25 14:28:20.542000,33.05,33.05,33.1,21235828.0
2018-01-25 14:28:23.453000,33.05,33.05,33.1,21235828.0
2018-01-25 14:28:26.438000,33.05,33.05,33.1,21235828.0
2018-01-25 14:28:29.533000,33.05,33.05,33.1,21235828.0
2018-01-25 14:28:32.534000,33.05,33.05,33.1,21235828.0
2018-01-25 14:28:35.613000,33.05,33.05,33.1,21235828.0
2018-01-25 14:28:38.708000,33.05,33.05,33.1,21235828.0
2018-01-25 14:28:41.799000,33.05,33.05,33.1,21235828.0
2018-01-25 14:28:44.818000,33.05,33.05,33.1,21235828.0
2018-01-25 14:28:47.840000,33.05,33.05,33.1,21235828.0
2018-01-25 14:28:50.900000,33.05,33.05,33.1,21235828.0
2018-01-25 14:28:53.927000,33.05,33.05,33.1,21235828.0
2018-01-25 14:28:57.129000,33.05,33.05,33.1,21235828.0
2018-01-25 14:29:00.224000,33.05,33.05,33.1,21235828.0
2018-01-25 14:29:03.523000,33.05,33.05,33.1,21235828.0
2018-01-25 14:29:06.587000,33.05,33.05,33.1,21235828.0
2018-01-25 14:29:09.528000,33.05,33.05,33.1,21235828.0
2018-01-25 14:29:12.615000,33.05,33.05,33.1,21235828.0
2018-01-25 14:29:15.638000,33.1,33.05,33.1,21247328.0
2018-01-25 14:29:18.608000,33.1,33.05,33.1,21247328.0
2018-01-25 14:29:21.728000,33.1,33.05,33.1,21247328.0
2018-01-25 14:29:24.825000,33.1,33.05,33.1,21247328.0
2018-01-25 14:29:27.740000,33.1,33.05,33.1,21247328.0
2018-01-25 14:29:31.058000,33.1,33.05,33.1,21247328.0
2018-01-25 14:29:34.045000,33.1,33.05,33.1,21247328.0
2018-01-25 14:29:37.083000,33.1,33.05,33.1,21247328.0
2018-01-25 14:29:40.215000,33.1,33.05,33.1,21247328.0
2018-01-25 14:29:43.127000,33.1,33.05,33.1,21247328.0
2018-01-25 14:29:46.237000,33.1,33.05,33.1,21247328.0
2018-01-25 14:29:49.275000,33.1,33.05,33.1,21247328.0
2018-01-25 14:29:52.192000,33.1,33.05,33.1,21247328.0
2018-01-25 14:29:55.375000,33.1,33.05,33.1,21247328.0
2018-01-25 14:29:59.079000,33.1,33.05,33.1,21247328.0
2018-01-25 14:30:02.207000,33.1,33.05,33.1,21247328.0
2018-01-25 14:30:05.333000,33.1,33.05,33.1,21247328.0
2018-01-25 14:30:08.241000,33.1,33.05,33.1,21247328.0
2018-01-25 14:30:11.128000,33.1,33.05,33.1,21248328.0
2018-01-25 14:30:14.503000,33.1,33.05,33.1,21248328.0
2018-01-25 14:30:17.304000,33.1,33.05,33.1,21248328.0
2018-01-25 14:30:20.289000,33.1,33.05,33.1,21248328.0
2018-01-25 14:30:23.451000,33.1,33.05,33.1,21248328.0
2018-01-25 14:30:26.569000,33.1,33.05,33.1,21248328.0
2018-01-25 14:30:29.528000,33.1,33.05,33.1,21248328.0
2018-01-25 14:30:32.648000,33.1,33.05,33.1,21248328.0
2018-01-25 14:30:35.801000,33.1,33.05,33.1,21248328.0
2018-01-25 14:30:40.007000,33.1,33.05,33.1,21248328.0
2018-01-25 14:30:43.604000,33.1,33.05,33.1,21248328.0
2018-01-25 14:30:46.583000,33.1,33.05,33.1,21248328.0
2018-01-25 14:30:49.663000,33.1,33.05,33.1,21248328.0
2018-01-25 14:30:53.054000,33.1,33.05,33.1,21248328.0
2018-01-25 14:30:56.348000,33.1,33.05,33.1,21248328.0
2018-01-25 14:30:59.479000,33.1,33.05,33.1,21248328.0
2018-01-25 14:31:02.336000,33.1,33.05,33.1,21248328.0
2018-01-25 14:31:06.664000,33.1,33.05,33.1,21248328.0
2018-01-25 14:31:10.266000,33.1,33.05,33.1,21248328.0
2018-01-25 14:31:13.367000,33.1,33.05,33.1,21248328.0
2018-01-25 14:31:16.723000,33.1,33.05,33.1,21248328.0
2018-01-25 14:31:19.891000,33.1,33.05,33.1,21248328.0
2018-01-25 14:31:23.058000,33.1,33.05,33.1,21248328.0
2018-01-25 14:31:26.446000,33.1,33.05,33.1,21248328.0
2018-01-25 14:31:29.685000,33.1,33.05,33.1,21248328.0
2018-01-25 14:31:32.811000,33.1,33.05,33.1,21262328.0
2018-01-25 14:31:36.042000,33.1,33.05,33.1,21262328.0
2018-01-25 14:31:39.168000,33.1,33.05,33.1,21262328.0
2018-01-25 14:31:42.301000,33.1,33.05,33.1,21262328.0
2018-01-25 14:31:45.204000,33.1,33.05,33.1,21262328.0
2018-01-25 14:31:48.409000,33.1,33.05,33.1,21262328.0
2018-01-25 14:31:51.583000,33.1,33.05,33.1,21262328.0
2018-01-25 14:31:54.677000,33.1,33.05,33.1,21262328.0
2018-01-25 14:31:57.910000,33.1,33.05,33.1,21262328.0
2018-01-25 14:32:01.152000,33.1,33.05,33.1,21262328.0
2018-01-25 14:32:04.350000,33.1,33.05,33.1,21262328.0
2018-01-25 14:32:07.493000,33.1,33.05,33.1,21262328.0
2018-01-25 14:32:10.692000,33.1,33.05,33.1,21262328.0
2018-01-25 14:32:13.868000,33.1,33.05,33.1,21262328.0
2018-01-25 14:32:16.869000,33.1,33.05,33.1,21262328.0
2018-01-25 14:32:20.123000,33.1,33.05,33.1,21262328.0
2018-01-25 14:32:23.210000,33.1,33.05,33.1,21274328.0
2018-01-25 14:32:26.250000,33.1,33.05,33.1,21274328.0
2018-01-25 14:32:29.325000,33.1,33.05,33.1,21274328.0
2018-01-25 14:32:32.322000,33.1,33.05,33.1,21274328.0
2018-01-25 14:32:35.654000,33.1,33.05,33.1,21274328.0
2018-01-25 14:32:38.919000,33.1,33.05,33.1,21274328.0
2018-01-25 14:32:42.166000,33.1,33.05,33.1,21274328.0
2018-01-25 14:32:45.263000,33.1,33.05,33.1,21274328.0
2018-01-25 14:32:48.405000,33.1,33.05,33.1,21274328.0
2018-01-25 14:32:51.431000,33.1,33.05,33.1,21274328.0
2018-01-25 14:32:54.584000,33.1,33.05,33.1,21274328.0
2018-01-25 14:32:57.496000,33.1,33.05,33.1,21274328.0
2018-01-25 14:33:00.889000,33.1,33.05,33.1,21274328.0
2018-01-25 14:33:04.269000,33.1,33.05,33.1,21274328.0
2018-01-25 14:33:07.587000,33.1,33.05,33.1,21274328.0
2018-01-25 14:33:10.698000,33.1,33.05,33.1,21274328.0
2018-01-25 14:33:13.822000,33.1,33.05,33.1,21274328.0
2018-01-25 14:33:16.886000,33.1,33.05,33.1,21274328.0
2018-01-25 14:33:20.152000,33.1,33.05,33.1,21274328.0
2018-01-25 14:33:23.450000,33.1,33.05,33.1,21274328.0
2018-01-25 14:33:26.556000,33.1,33.05,33.1,21274328.0
2018-01-25 14:33:29.967000,33.1,33.05,33.1,21274328.0
2018-01-25 14:33:33.168000,33.1,33.05,33.1,21274328.0
2018-01-25 14:33:36.120000,33.1,33.05,33.1,21274328.0
2018-01-25 14:33:39.365000,33.1,33.05,33.1,21274328.0
2018-01-25 14:33:42.657000,33.1,33.05,33.1,21274328.0
2018-01-25 14:33:45.661000,33.1,33.05,33.1,21274328.0
2018-01-25 14:33:48.918000,33.1,33.05,33.1,21274328.0
2018-01-25 14:33:52.165000,33.1,33.05,33.1,21274328.0
2018-01-25 14:33:55.378000,33.1,33.05,33.1,21274328.0
2018-01-25 14:33:58.664000,33.1,33.05,33.1,21274328.0
2018-01-25 14:34:01.807000,33.1,33.05,33.1,21274328.0
2018-01-25 14:34:05.037000,33.1,33.05,33.1,21274328.0
2018-01-25 14:34:07.988000,33.1,33.05,33.1,21274328.0
2018-01-25 14:34:11.667000,33.1,33.05,33.1,21274328.0
2018-01-25 14:34:14.867000,33.1,33.05,33.1,21274328.0
2018-01-25 14:34:18.095000,33.1,33.05,33.1,21274328.0
2018-01-25 14:34:21.137000,33.1,33.05,33.1,21274328.0
2018-01-25 14:34:24.251000,33.1,33.05,33.1,21274828.0
2018-01-25 14:34:27.362000,33.1,33.05,33.1,21274828.0
2018-01-25 14:34:30.650000,33.1,33.05,33.1,21274828.0
2018-01-25 14:34:33.857000,33.1,33.05,33.1,21274828.0
2018-01-25 14:34:37.030000,33.1,33.05,33.1,21274828.0
2018-01-25 14:34:40.225000,33.1,33.05,33.1,21274828.0
2018-01-25 14:34:43.235000,33.1,33.05,33.1,21274828.0
2018-01-25 14:34:46.223000,33.1,33.05,33.1,21274828.0
2018-01-25 14:34:49.396000,33.1,33.05,33.1,21274828.0
2018-01-25 14:34:52.574000,33.1,33.05,33.1,21274828.0
2018-01-25 14:34:55.554000,33.1,33.05,33.1,21274828.0
2018-01-25 14:34:58.720000,33.1,33.05,33.1,21274828.0
2018-01-25 14:35:01.825000,33.1,33.05,33.1,21274828.0
2018-01-25 14:35:04.991000,33.1,33.05,33.1,21274828.0
2018-01-25 14:35:08.201000,33.1,33.05,33.1,21274828.0
2018-01-25 14:35:11.246000,33.1,33.05,33.1,21274828.0
2018-01-25 14:35:14.375000,33.1,33.05,33.1,21274828.0
2018-01-25 14:35:17.576000,33.1,33.05,33.1,21274828.0
2018-01-25 14:35:20.638000,33.1,33.05,33.1,21274828.0
2018-01-25 14:35:23.779000,33.1,33.05,33.1,21274828.0
2018-01-25 14:35:26.765000,33.1,33.05,33.1,21274828.0
2018-01-25 14:35:29.954000,33.1,33.05,33.1,21274828.0
2018-01-25 14:35:33.501000,33.1,33.05,33.1,21274828.0
2018-01-25 14:35:36.415000,33.1,33.05,33.1,21274828.0
2018-01-25 14:35:39.267000,33.1,33.05,33.1,21274828.0
2018-01-25 14:35:42.392000,33.1,33.05,33.1,21274828.0
2018-01-25 14:35:45.744000,33.05,33.05,33.1,21280568.0
2018-01-25 14:35:48.833000,33.05,33.05,33.1,21280568.0
2018-01-25 14:35:52.094000,33.05,33.05,33.1,21280568.0
2018-01-25 14:35:55.338000,33.05,33.05,33.1,21280568.0
2018-01-25 14:35:58.524000,33.05,33.05,33.1,21280568.0
2018-01-25 14:36:01.921000,33.05,33.05,33.1,21280568.0
2018-01-25 14:36:05.267000,33.05,33.05,33.1,21280568.0
2018-01-25 14:36:08.485000,33.05,33.05,33.1,21280568.0
2018-01-25 14:36:11.637000,33.05,33.05,33.1,21280568.0
2018-01-25 14:36:14.851000,33.05,33.05,33.1,21280568.0
2018-01-25 14:36:17.908000,33.05,33.05,33.1,21280568.0
2018-01-25 14:36:21.595000,33.05,33.05,33.1,21280568.0
2018-01-25 14:36:24.783000,33.05,33.05,33.1,21280568.0
2018-01-25 14:36:28.034000,33.05,33.05,33.1,21280568.0
2018-01-25 14:36:31.117000,33.05,33.05,33.1,21280568.0
2018-01-25 14:36:34.344000,33.05,33.05,33.1,21280568.0
2018-01-25 14:36:37.552000,33.05,33.05,33.1,21280568.0
2018-01-25 14:36:40.618000,33.05,33.05,33.1,21280568.0
2018-01-25 14:36:43.896000,33.05,33.05,33.1,21280568.0
2018-01-25 14:36:47.173000,33.05,33.05,33.1,21280568.0
2018-01-25 14:36:50.393000,33.05,33.05,33.1,21280568.0
2018-01-25 14:36:53.645000,33.05,33.05,33.1,21280568.0
2018-01-25 14:36:56.831000,33.05,33.05,33.1,21280568.0
2018-01-25 14:37:00.098000,33.05,33.05,33.1,21280568.0
2018-01-25 14:37:03.426000,33.05,33.05,33.1,21280568.0
2018-01-25 14:37:06.507000,33.05,33.05,33.1,21280568.0
2018-01-25 14:37:09.546000,33.05,33.05,33.1,21280568.0
2018-01-25 14:37:12.587000,33.05,33.05,33.1,21280568.0
2018-01-25 14:37:15.590000,33.05,33.05,33.1,21280568.0
2018-01-25 14:37:18.794000,33.05,33.05,33.1,21280568.0
2018-01-25 14:37:21.923000,33.05,33.05,33.1,21280568.0
2018-01-25 14:37:24.790000,33.05,33.05,33.1,21280568.0
2018-01-25 14:37:27.832000,33.05,33.05,33.1,21280568.0
2018-01-25 14:37:30.864000,33.05,33.05,33.1,21280568.0
2018-01-25 14:37:33.865000,33.05,33.05,33.1,21293568.0
2018-01-25 14:37:36.723000,33.05,33.05,33.1,21293568.0
2018-01-25 14:37:39.812000,33.05,33.05,33.1,21293568.0
2018-01-25 14:37:42.786000,33.05,33.05,33.1,21293568.0
2018-01-25 14:37:45.786000,33.05,33.05,33.1,21293568.0
2018-01-25 14:37:48.575000,33.05,33.05,33.1,21293568.0
2018-01-25 14:37:51.523000,33.05,33.05,33.1,21293568.0
2018-01-25 14:37:54.487000,33.05,33.05,33.1,21293568.0
2018-01-25 14:37:57.392000,33.05,33.05,33.1,21293568.0
2018-01-25 14:38:00.314000,33.05,33.05,33.1,21293568.0
2018-01-25 14:38:03.241000,33.05,33.05,33.1,21293568.0
2018-01-25 14:38:06.257000,33.05,33.05,33.1,21293568.0
2018-01-25 14:38:09.386000,33.05,33.05,33.1,21293568.0
2018-01-25 14:38:12.269000,33.05,33.05,33.1,21293568.0
2018-01-25 14:38:15.355000,33.05,33.05,33.1,21293568.0
2018-01-25 14:38:18.306000,33.05,33.05,33.1,21293568.0
2018-01-25 14:38:21.328000,33.05,33.05,33.1,21293568.0
2018-01-25 14:38:24.546000,33.05,33.05,33.1,21293568.0
2018-01-25 14:38:27.575000,33.05,33.05,33.1,21293568.0
2018-01-25 14:38:30.547000,33.05,33.05,33.1,21293568.0
2018-01-25 14:38:33.726000,33.05,33.05,33.1,21293568.0
2018-01-25 14:38:36.838000,33.05,33.05,33.1,21293568.0
2018-01-25 14:38:39.805000,33.05,33.05,33.1,21293568.0
2018-01-25 14:38:42.852000,33.05,33.05,33.1,21293568.0
2018-01-25 14:38:45.852000,33.05,33.05,33.1,21293568.0
2018-01-25 14:38:48.717000,33.05,33.05,33.1,21293568.0
2018-01-25 14:38:51.752000,33.05,33.05,33.1,21293568.0
2018-01-25 14:38:54.869000,33.05,33.05,33.1,21293568.0
2018-01-25 14:38:58.117000,33.05,33.05,33.1,21293568.0
2018-01-25 14:39:01.195000,33.05,33.05,33.1,21293568.0
2018-01-25 14:39:04.176000,33.05,33.05,33.1,21293568.0
2018-01-25 14:39:07.146000,33.05,33.05,33.1,21293568.0
2018-01-25 14:39:10.199000,33.05,33.05,33.1,21293568.0
2018-01-25 14:39:13.274000,33.05,33.05,33.1,21306548.0
2018-01-25 14:39:16.137000,33.05,33.05,33.1,21306548.0
2018-01-25 14:39:19.283000,33.05,33.05,33.1,21306548.0
2018-01-25 14:39:22.303000,33.05,33.05,33.1,21306548.0
2018-01-25 14:39:25.462000,33.05,33.05,33.1,21306548.0
2018-01-25 14:39:28.711000,33.05,33.05,33.1,21306548.0
2018-01-25 14:39:31.847000,33.05,33.05,33.1,21306548.0
2018-01-25 14:39:34.972000,33.05,33.05,33.1,21306548.0
2018-01-25 14:39:38.116000,33.05,33.05,33.1,21306548.0
2018-01-25 14:39:41.122000,33.05,33.05,33.1,21306548.0
2018-01-25 14:39:44,33.05,33.05,33.1,21306548.0
2018-01-25 14:39:47.131000,33.05,33.05,33.1,21306548.0
2018-01-25 14:39:50.255000,33.05,33.05,33.1,21306548.0
2018-01-25 14:39:53.305000,33.05,33.05,33.1,21306548.0
2018-01-25 14:39:56.456000,33.05,33.05,33.1,21306548.0
2018-01-25 14:39:59.541000,33.05,33.05,33.1,21306548.0
2018-01-25 14:40:02.742000,33.05,33.05,33.1,21306548.0
2018-01-25 14:40:05.713000,33.05,33.05,33.1,21306548.0
2018-01-25 14:40:08.671000,33.05,33.05,33.1,21306548.0
2018-01-25 14:40:12.149000,33.05,33.05,33.1,21306548.0
2018-01-25 14:40:15.360000,33.05,33.05,33.1,21306548.0
2018-01-25 14:40:18.751000,33.05,33.05,33.1,21306548.0
2018-01-25 14:40:21.638000,33.05,33.05,33.1,21306548.0
2018-01-25 14:40:24.542000,33.05,33.05,33.1,21306548.0
2018-01-25 14:40:27.508000,33.05,33.05,33.1,21306548.0
2018-01-25 14:40:30.551000,33.05,33.05,33.1,21306548.0
2018-01-25 14:40:33.654000,33.05,33.05,33.1,21306548.0
2018-01-25 14:40:36.629000,33.05,33.05,33.1,21306548.0
2018-01-25 14:40:39.672000,33.1,33.05,33.1,21308048.0
2018-01-25 14:40:42.519000,33.1,33.05,33.1,21308048.0
2018-01-25 14:40:45.605000,33.1,33.05,33.1,21308048.0
2018-01-25 14:40:48.511000,33.1,33.05,33.1,21308048.0
2018-01-25 14:40:51.577000,33.1,33.05,33.1,21308048.0
2018-01-25 14:40:54.748000,33.1,33.05,33.1,21308048.0
2018-01-25 14:40:57.769000,33.1,33.05,33.1,21308048.0
2018-01-25 14:41:00.847000,33.1,33.05,33.1,21308048.0
2018-01-25 14:41:04.158000,33.05,33.05,33.1,21455548.0
2018-01-25 14:41:07.053000,33.05,33.05,33.1,21455548.0
2018-01-25 14:41:10.280000,33.05,33.05,33.1,21455548.0
2018-01-25 14:41:13.455000,33.05,33.05,33.1,21455548.0
2018-01-25 14:41:16.683000,33.05,33.05,33.1,21455548.0
2018-01-25 14:41:19.825000,33.05,33.05,33.1,21455548.0
2018-01-25 14:41:22.814000,33.05,33.05,33.1,21455548.0
2018-01-25 14:41:25.786000,33.05,33.05,33.1,21455548.0
2018-01-25 14:41:29.008000,33.05,33.05,33.1,21455548.0
2018-01-25 14:41:31.896000,33.05,33.05,33.1,21455548.0
2018-01-25 14:41:34.844000,33.05,33.05,33.1,21455548.0
2018-01-25 14:41:38.097000,33.05,33.05,33.1,21455548.0
2018-01-25 14:41:41.169000,33.05,33.05,33.1,21455548.0
2018-01-25 14:41:44.160000,33.05,33.0,33.1,21517548.0
2018-01-25 14:41:47.129000,33.05,33.0,33.1,21517548.0
2018-01-25 14:41:50.039000,33.05,33.0,33.1,21517548.0
2018-01-25 14:41:53.119000,33.05,33.0,33.1,21517548.0
2018-01-25 14:41:57.297000,33.05,33.0,33.1,21517548.0
2018-01-25 14:42:00.391000,33.05,33.0,33.1,21517548.0
2018-01-25 14:42:03.307000,33.05,33.0,33.1,21517548.0
2018-01-25 14:42:06.438000,33.05,33.0,33.1,21517548.0
2018-01-25 14:42:09.375000,33.05,33.0,33.1,21517548.0
2018-01-25 14:42:12.475000,33.05,33.0,33.1,21517548.0
2018-01-25 14:42:15.376000,33.05,33.0,33.1,21517548.0
2018-01-25 14:42:18.276000,33.05,33.0,33.1,21517548.0
2018-01-25 14:42:21.332000,33.05,33.0,33.1,21517548.0
2018-01-25 14:42:24.272000,33.05,33.0,33.1,21517548.0
2018-01-25 14:42:27.667000,33.05,33.0,33.1,21517548.0
2018-01-25 14:42:30.738000,33.05,33.0,33.1,21517548.0
2018-01-25 14:42:33.780000,33.05,33.0,33.1,21517548.0
2018-01-25 14:42:36.911000,33.05,33.0,33.1,21517548.0
2018-01-25 14:42:40.052000,33.05,33.0,33.1,21517548.0
2018-01-25 14:42:43.095000,33.0,33.0,33.05,21571548.0
2018-01-25 14:42:46.108000,33.0,33.0,33.05,21571548.0
2018-01-25 14:42:49.654000,33.0,33.0,33.05,21571548.0
2018-01-25 14:42:52.634000,33.0,33.0,33.05,21571548.0
2018-01-25 14:42:55.748000,33.0,33.0,33.05,21571548.0
2018-01-25 14:42:58.959000,33.0,33.0,33.05,21571548.0
2018-01-25 14:43:01.925000,33.0,33.0,33.05,21571548.0
2018-01-25 14:43:04.976000,33.0,33.0,33.05,21571548.0
2018-01-25 14:43:08.010000,33.0,33.0,33.05,21571548.0
2018-01-25 14:43:11.058000,33.0,33.0,33.05,21571548.0
2018-01-25 14:43:14.137000,33.0,33.0,33.05,21571548.0
2018-01-25 14:43:17.290000,33.0,33.0,33.05,21571548.0
2018-01-25 14:43:20.265000,33.0,33.0,33.05,21571548.0
2018-01-25 14:43:23.324000,33.0,33.0,33.05,21571548.0
2018-01-25 14:43:26.289000,33.0,33.0,33.05,21571548.0
2018-01-25 14:43:29.890000,33.0,33.0,33.05,21571548.0
2018-01-25 14:43:32.926000,33.0,33.0,33.05,21571548.0
2018-01-25 14:43:35.969000,33.0,33.0,33.05,21571548.0
2018-01-25 14:43:39.106000,33.0,33.0,33.05,21571548.0
2018-01-25 14:43:42.220000,33.0,33.0,33.05,21571548.0
2018-01-25 14:43:45.640000,33.0,33.0,33.05,21580548.0
2018-01-25 14:43:48.889000,33.0,33.0,33.05,21580548.0
2018-01-25 14:43:52.024000,33.0,33.0,33.05,21580548.0
2018-01-25 14:43:55.241000,33.0,33.0,33.05,21580548.0
2018-01-25 14:43:58.202000,33.0,33.0,33.05,21580548.0
2018-01-25 14:44:01.234000,33.0,33.0,33.05,21580548.0
2018-01-25 14:44:04.470000,33.0,33.0,33.05,21580548.0
2018-01-25 14:44:07.684000,33.0,33.0,33.05,21580548.0
2018-01-25 14:44:11.015000,33.0,33.0,33.05,21580548.0
2018-01-25 14:44:14.075000,33.0,33.0,33.05,21580548.0
2018-01-25 14:44:17.023000,33.0,33.0,33.05,21580548.0
2018-01-25 14:44:20.253000,33.0,33.0,33.05,21580548.0
2018-01-25 14:44:23.187000,33.0,33.0,33.05,21580548.0
2018-01-25 14:44:26.428000,33.0,33.0,33.05,21580548.0
2018-01-25 14:44:29.438000,33.0,33.0,33.05,21580548.0
2018-01-25 14:44:32.794000,33.0,33.0,33.05,21580548.0
2018-01-25 14:44:35.406000,,,,
2018-01-25 14:44:38.372000,33.0,33.0,33.1,21742548.0
2018-01-25 14:44:41.479000,33.0,33.0,33.1,21742548.0
2018-01-25 14:44:44.548000,33.0,33.0,33.1,21742548.0
2018-01-25 14:44:47.577000,33.0,33.0,33.1,21742548.0
2018-01-25 14:44:50.652000,33.0,33.0,33.1,21742548.0
2018-01-25 14:44:53.671000,33.0,33.0,33.1,21742548.0
2018-01-25 14:44:56.615000,33.0,33.0,33.1,21742548.0
2018-01-25 14:44:59.812000,33.0,33.0,33.1,21742548.0
2018-01-25 14:45:02.842000,33.0,33.0,33.1,21742548.0
2018-01-25 14:45:05.916000,33.0,33.0,33.1,21742548.0
2018-01-25 14:45:08.939000,33.0,33.0,33.1,21742548.0
2018-01-25 14:45:11.968000,33.0,33.0,33.1,21742548.0
2018-01-25 14:45:14.914000,33.0,33.0,33.1,21742548.0
2018-01-25 14:45:17.906000,33.0,33.0,33.1,21742548.0
2018-01-25 14:45:20.876000,33.0,33.0,33.1,21742548.0
2018-01-25 14:45:23.705000,33.05,33.05,33.1,21855748.0
2018-01-25 14:45:26.968000,33.05,33.05,33.1,21855748.0
2018-01-25 14:45:30.164000,33.05,33.05,33.1,21855748.0
2018-01-25 14:45:33.358000,33.05,33.05,33.1,21855748.0
2018-01-25 14:45:36.211000,33.05,33.05,33.1,21855748.0
2018-01-25 14:45:39.143000,33.05,33.05,33.1,21855748.0
2018-01-25 14:45:42.361000,33.05,33.05,33.1,21855748.0
2018-01-25 14:45:45.433000,33.05,33.05,33.1,21855748.0
2018-01-25 14:45:48.539000,33.05,33.05,33.1,21855748.0
2018-01-25 14:45:51.605000,33.05,33.05,33.1,21855748.0
2018-01-25 14:45:54.662000,33.05,33.05,33.1,21855748.0
2018-01-25 14:45:57.624000,33.05,33.05,33.1,21855748.0
2018-01-25 14:46:00.604000,33.05,33.05,33.1,21855748.0
2018-01-25 14:46:03.569000,33.05,33.05,33.1,21855748.0
2018-01-25 14:46:06.718000,33.05,33.05,33.1,21855748.0
2018-01-25 14:46:09.721000,33.05,33.05,33.1,21855748.0
2018-01-25 14:46:12.969000,33.05,33.05,33.1,21855748.0
2018-01-25 14:46:16.054000,33.05,33.05,33.1,21855748.0
2018-01-25 14:46:19.100000,33.05,33.05,33.1,21855748.0
2018-01-25 14:46:22.056000,33.05,33.05,33.1,21855748.0
2018-01-25 14:46:25.050000,33.05,33.05,33.1,21855748.0
2018-01-25 14:46:28.126000,33.05,33.05,33.1,21855748.0
2018-01-25 14:46:31.535000,33.05,33.05,33.1,21855748.0
2018-01-25 14:46:34.565000,33.05,33.05,33.1,21855748.0
2018-01-25 14:46:37.690000,33.05,33.05,33.1,21855748.0
2018-01-25 14:46:40.794000,33.05,33.05,33.1,21855748.0
2018-01-25 14:46:43.896000,33.05,33.05,33.1,21855748.0
2018-01-25 14:46:46.930000,33.05,33.05,33.1,21855748.0
2018-01-25 14:46:49.944000,33.05,33.05,33.1,21855748.0
2018-01-25 14:46:52.955000,33.05,33.05,33.1,21855748.0
2018-01-25 14:46:55.955000,33.05,33.05,33.1,21855748.0
2018-01-25 14:46:59.079000,33.05,33.05,33.1,21855748.0
2018-01-25 14:47:02.051000,33.05,33.05,33.1,21855748.0
2018-01-25 14:47:04.899000,33.05,33.05,33.1,21855748.0
2018-01-25 14:47:07.879000,33.05,33.05,33.1,21868248.0
2018-01-25 14:47:10.906000,33.05,33.05,33.1,21868248.0
2018-01-25 14:47:13.959000,33.05,33.05,33.1,21868248.0
2018-01-25 14:47:16.895000,33.05,33.05,33.1,21868248.0
2018-01-25 14:47:19.800000,33.05,33.05,33.1,21868248.0
2018-01-25 14:47:22.860000,33.05,33.05,33.1,21868248.0
2018-01-25 14:47:25.810000,33.05,33.05,33.1,21868248.0
2018-01-25 14:47:28.941000,33.05,33.05,33.1,21868248.0
2018-01-25 14:47:32.071000,33.05,33.05,33.1,21868248.0
2018-01-25 14:47:35.259000,33.05,33.05,33.1,21868248.0
2018-01-25 14:47:38.580000,33.05,33.05,33.1,21868248.0
