time,price,bid,ask,volume
2018-01-25 10:11:11.586000,5.0,4.99,5.0,924200.0
2018-01-25 10:11:14.436000,5.0,4.99,5.0,924200.0
2018-01-25 10:11:16.990000,5.0,4.99,5.0,924200.0
2018-01-25 10:11:19.599000,5.0,4.99,5.0,924200.0
2018-01-25 10:11:21.849000,5.0,4.99,5.0,924200.0
2018-01-25 10:11:24.421000,5.0,4.99,5.0,924200.0
2018-01-25 10:11:26.971000,5.0,4.99,5.0,924200.0
2018-01-25 10:11:29.418000,5.0,4.99,5.0,924200.0
2018-01-25 10:11:32.228000,5.0,4.99,5.0,924200.0
2018-01-25 10:11:34.984000,5.0,4.99,5.0,924200.0
2018-01-25 10:11:37.803000,5.0,4.99,5.0,924200.0
2018-01-25 10:11:40.470000,5.0,4.99,5.0,924200.0
2018-01-25 10:11:43.055000,5.0,4.99,5.0,924200.0
2018-01-25 10:11:45.641000,5.0,4.99,5.0,924200.0
2018-01-25 10:11:48.104000,5.0,4.99,5.0,924200.0
2018-01-25 10:11:50.676000,5.0,4.99,5.0,924200.0
2018-01-25 10:11:53.256000,5.0,4.99,5.0,924200.0
2018-01-25 10:11:55.745000,5.0,4.99,5.0,924200.0
2018-01-25 10:11:58.524000,5.0,4.99,5.0,924200.0
2018-01-25 10:12:01.096000,5.0,4.99,5.0,924200.0
2018-01-25 10:12:04.001000,5.0,4.99,5.0,924200.0
2018-01-25 10:12:06.564000,5.0,4.99,5.0,924200.0
2018-01-25 10:12:09.097000,5.0,4.99,5.0,924200.0
2018-01-25 10:12:12.056000,5.0,4.99,5.0,924200.0
2018-01-25 10:12:14.566000,5.0,4.99,5.0,924200.0
2018-01-25 10:12:17.310000,5.0,4.99,5.0,924200.0
2018-01-25 10:12:19.944000,5.0,4.99,5.0,924200.0
2018-01-25 10:12:22.296000,5.0,4.99,5.0,924200.0
2018-01-25 10:12:25.080000,5.0,4.99,5.0,924200.0
2018-01-25 10:12:27.648000,5.0,4.99,5.0,924200.0
2018-01-25 10:12:29.774000,5.0,4.99,5.0,924200.0
2018-01-25 10:12:32.109000,5.0,4.99,5.0,924200.0
2018-01-25 10:12:34.330000,5.0,4.99,5.0,924200.0
2018-01-25 10:12:36.751000,5.0,4.99,5.0,924200.0
2018-01-25 10:12:39.133000,5.0,4.99,5.0,924200.0
2018-01-25 10:12:41.600000,5.0,4.99,5.0,924200.0
2018-01-25 10:12:44.336000,5.0,4.99,5.0,924200.0
2018-01-25 10:12:47.036000,5.0,4.99,5.0,924200.0
2018-01-25 10:12:49.796000,5.0,4.99,5.0,924200.0
2018-01-25 10:12:52.194000,5.0,4.99,5.0,924200.0
2018-01-25 10:12:55.173000,5.0,4.99,5.0,924200.0
2018-01-25 10:12:57.802000,5.0,4.99,5.0,924200.0
2018-01-25 10:13:00.351000,5.0,4.99,5.0,924200.0
2018-01-25 10:13:03.119000,5.01,5.0,5.01,958200.0
2018-01-25 10:13:05.765000,5.01,5.0,5.01,958200.0
2018-01-25 10:13:08.347000,5.01,5.0,5.01,958200.0
2018-01-25 10:13:11.005000,5.01,5.0,5.01,958200.0
2018-01-25 10:13:13.672000,5.01,5.0,5.01,958200.0
2018-01-25 10:13:16.247000,5.01,5.0,5.01,958200.0
2018-01-25 10:13:18.736000,5.01,5.0,5.01,958200.0
2018-01-25 10:13:21.239000,5.01,5.0,5.01,958200.0
2018-01-25 10:13:23.751000,5.01,5.0,5.01,958200.0
2018-01-25 10:13:26.129000,5.01,5.0,5.01,958200.0
2018-01-25 10:13:29.002000,5.01,5.0,5.01,958200.0
2018-01-25 10:13:31.670000,5.01,5.0,5.01,958200.0
2018-01-25 10:13:34.409000,5.01,5.0,5.01,958200.0
2018-01-25 10:13:37.343000,5.01,5.0,5.01,958200.0
2018-01-25 10:13:39.917000,5.01,5.0,5.01,958200.0
2018-01-25 10:13:43.029000,5.01,5.0,5.01,958200.0
2018-01-25 10:13:45.602000,5.01,5.0,5.01,958200.0
2018-01-25 10:13:48.090000,5.01,5.0,5.01,958200.0
2018-01-25 10:13:50.803000,5.01,5.0,5.01,958200.0
2018-01-25 10:13:53.249000,5.01,5.0,5.01,958200.0
2018-01-25 10:13:55.887000,5.01,5.0,5.01,958200.0
2018-01-25 10:13:58.799000,5.01,5.0,5.01,958200.0
2018-01-25 10:14:01.478000,5.01,5.0,5.01,958200.0
2018-01-25 10:14:04.313000,5.01,5.0,5.01,958200.0
2018-01-25 10:14:06.957000,5.01,5.0,5.01,958200.0
2018-01-25 10:14:09.942000,5.01,5.0,5.01,958200.0
2018-01-25 10:14:12.543000,5.01,5.0,5.01,958200.0
2018-01-25 10:14:15.180000,5.01,5.0,5.01,958200.0
2018-01-25 10:14:18.565000,5.01,5.0,5.01,958200.0
2018-01-25 10:14:21.218000,5.01,5.0,5.01,958200.0
2018-01-25 10:14:23.930000,5.01,5.0,5.01,958200.0
2018-01-25 10:14:26.530000,5.01,5.0,5.01,958200.0
2018-01-25 10:14:29.191000,5.01,5.0,5.01,958200.0
2018-01-25 10:14:31.649000,5.01,5.0,5.01,958200.0
2018-01-25 10:14:34.310000,5.01,5.0,5.01,958200.0
2018-01-25 10:14:36.983000,5.01,5.0,5.01,958200.0
2018-01-25 10:14:39.868000,5.01,5.0,5.01,958200.0
2018-01-25 10:14:42.503000,5.01,5.0,5.01,958200.0
2018-01-25 10:14:45.176000,5.01,5.0,5.01,958200.0
2018-01-25 10:14:48.068000,5.01,5.0,5.01,958200.0
2018-01-25 10:14:50.674000,5.01,5.0,5.01,958200.0
2018-01-25 10:14:53.102000,5.01,5.0,5.01,958200.0
2018-01-25 10:14:55.709000,5.01,5.0,5.01,958200.0
2018-01-25 10:14:58.291000,5.01,5.0,5.01,958200.0
2018-01-25 10:15:01.111000,5.01,5.0,5.01,958200.0
2018-01-25 10:15:03.785000,5.01,5.0,5.01,958200.0
2018-01-25 10:15:06.795000,5.01,5.0,5.01,958200.0
2018-01-25 10:15:09.583000,5.01,5.0,5.01,958200.0
2018-01-25 10:15:12.475000,5.01,5.0,5.01,958200.0
2018-01-25 10:15:15.067000,5.01,5.0,5.01,958200.0
2018-01-25 10:15:17.852000,5.01,5.0,5.01,958200.0
2018-01-25 10:15:20.448000,5.01,5.0,5.01,958200.0
2018-01-25 10:15:22.933000,5.01,5.0,5.01,958200.0
2018-01-25 10:15:25.684000,5.01,5.0,5.01,958200.0
2018-01-25 10:15:28.593000,5.01,5.0,5.01,958200.0
2018-01-25 10:15:31.470000,5.01,5.0,5.01,958200.0
2018-01-25 10:15:34.212000,5.01,5.0,5.01,958200.0
2018-01-25 10:15:36.775000,5.01,5.0,5.01,958200.0
2018-01-25 10:15:39.325000,5.01,5.0,5.01,958200.0
2018-01-25 10:15:41.981000,5.01,5.0,5.01,958200.0
2018-01-25 10:15:44.614000,5.01,5.0,5.01,958200.0
2018-01-25 10:15:47.186000,5.01,5.0,5.01,958200.0
2018-01-25 10:15:49.921000,5.01,5.0,5.01,958200.0
2018-01-25 10:15:52.502000,5.01,5.0,5.01,958200.0
2018-01-25 10:15:55.164000,5.01,5.0,5.01,958200.0
2018-01-25 10:15:57.715000,5.01,5.0,5.01,958200.0
2018-01-25 10:16:00.320000,5.01,5.0,5.01,958200.0
2018-01-25 10:16:03.231000,5.01,5.0,5.01,958200.0
2018-01-25 10:16:05.821000,5.01,5.0,5.01,958200.0
2018-01-25 10:16:08.414000,5.01,5.0,5.01,958200.0
2018-01-25 10:16:11.126000,5.01,5.0,5.01,958200.0
2018-01-25 10:16:13.691000,5.01,5.0,5.01,958200.0
2018-01-25 10:16:16.488000,5.01,5.0,5.01,958200.0
2018-01-25 10:16:19.398000,5.01,5.0,5.01,958200.0
2018-01-25 10:16:21.945000,5.01,5.0,5.01,958200.0
2018-01-25 10:16:24.523000,5.01,5.0,5.01,958200.0
2018-01-25 10:16:27.267000,5.01,5.0,5.01,958200.0
2018-01-25 10:16:29.967000,5.01,5.0,5.01,958200.0
2018-01-25 10:16:32.632000,5.01,5.0,5.01,958200.0
2018-01-25 10:16:35.192000,5.01,5.0,5.01,958200.0
2018-01-25 10:16:37.896000,5.01,5.0,5.01,958200.0
2018-01-25 10:16:40.445000,5.01,5.0,5.01,958200.0
2018-01-25 10:16:43.130000,5.01,5.0,5.01,958200.0
2018-01-25 10:16:46.090000,5.01,5.0,5.01,958200.0
2018-01-25 10:16:48.695000,5.01,5.0,5.01,958200.0
2018-01-25 10:16:51.467000,5.01,5.0,5.01,958200.0
2018-01-25 10:16:54.442000,5.01,5.0,5.01,958200.0
2018-01-25 10:16:57.100000,5.01,5.0,5.01,958200.0
2018-01-25 10:16:59.583000,5.01,5.0,5.01,958200.0
2018-01-25 10:17:02.310000,5.01,5.0,5.01,958200.0
2018-01-25 10:17:04.914000,5.01,5.0,5.01,973200.0
2018-01-25 10:17:07.467000,5.01,5.0,5.01,973200.0
2018-01-25 10:17:10.073000,5.01,5.0,5.01,973200.0
2018-01-25 10:17:12.685000,5.01,5.0,5.01,973200.0
2018-01-25 10:17:15.291000,5.01,5.0,5.01,973200.0
2018-01-25 10:17:17.955000,5.01,5.0,5.01,973200.0
2018-01-25 10:17:20.364000,5.01,5.0,5.01,973200.0
2018-01-25 10:17:22.858000,5.01,5.0,5.01,973200.0
2018-01-25 10:17:25.466000,5.01,5.0,5.01,973200.0
2018-01-25 10:17:28.160000,5.01,5.0,5.01,973200.0
2018-01-25 10:17:30.763000,5.01,5.0,5.01,973200.0
2018-01-25 10:17:33.188000,5.01,5.0,5.01,973200.0
2018-01-25 10:17:35.671000,5.01,5.0,5.01,973200.0
2018-01-25 10:17:38.068000,5.01,5.0,5.01,973200.0
2018-01-25 10:17:40.653000,5.01,5.0,5.01,973200.0
2018-01-25 10:17:43.268000,5.01,5.0,5.01,973200.0
2018-01-25 10:17:45.698000,5.01,5.0,5.01,1059000.0
2018-01-25 10:17:48.875000,5.01,5.0,5.01,1059000.0
2018-01-25 10:17:51.542000,5.01,5.0,5.01,1059000.0
2018-01-25 10:17:54.179000,5.01,5.0,5.01,1059000.0
2018-01-25 10:17:56.853000,5.01,5.0,5.01,1059000.0
2018-01-25 10:17:59.587000,5.01,5.0,5.01,1059000.0
2018-01-25 10:18:02.114000,5.01,5.0,5.01,1059000.0
2018-01-25 10:18:04.710000,5.01,5.0,5.01,1059000.0
2018-01-25 10:18:07.241000,5.01,5.0,5.01,1059000.0
2018-01-25 10:18:09.647000,5.01,5.0,5.02,1154700.0
2018-01-25 10:18:12.177000,5.01,5.0,5.02,1154700.0
2018-01-25 10:18:14.678000,5.01,5.0,5.02,1154700.0
2018-01-25 10:18:17.251000,5.01,5.0,5.02,1154700.0
2018-01-25 10:18:19.947000,5.01,5.0,5.02,1154700.0
2018-01-25 10:18:22.468000,5.01,5.0,5.02,1154700.0
2018-01-25 10:18:24.947000,5.01,5.0,5.02,1154700.0
2018-01-25 10:18:27.428000,5.01,5.0,5.02,1154700.0
2018-01-25 10:18:29.994000,5.01,5.0,5.02,1154700.0
2018-01-25 10:18:32.607000,5.01,5.0,5.02,1154700.0
2018-01-25 10:18:35.375000,5.01,5.0,5.02,1154700.0
2018-01-25 10:18:37.921000,5.01,5.0,5.02,1154700.0
2018-01-25 10:18:40.604000,5.01,5.0,5.02,1154700.0
2018-01-25 10:18:43.357000,5.01,5.0,5.02,1154700.0
2018-01-25 10:18:45.916000,5.01,5.0,5.02,1154700.0
2018-01-25 10:18:48.476000,5.01,5.0,5.02,1154700.0
2018-01-25 10:18:51.096000,5.01,5.0,5.02,1154700.0
2018-01-25 10:18:53.909000,5.01,5.0,5.02,1154700.0
2018-01-25 10:18:56.598000,5.01,5.0,5.02,1154700.0
2018-01-25 10:18:59.289000,5.01,5.0,5.01,1182200.0
2018-01-25 10:19:01.919000,5.01,5.0,5.01,1182200.0
2018-01-25 10:19:04.572000,5.01,5.0,5.01,1182200.0
2018-01-25 10:19:07.282000,5.01,5.0,5.01,1182200.0
2018-01-25 10:19:10.088000,5.01,5.0,5.01,1182200.0
2018-01-25 10:19:12.418000,5.01,5.0,5.01,1182200.0
2018-01-25 10:19:14.822000,5.01,5.0,5.01,1182200.0
2018-01-25 10:19:17.255000,5.01,5.0,5.01,1182200.0
2018-01-25 10:19:20.008000,5.01,5.0,5.01,1182200.0
2018-01-25 10:19:22.659000,5.01,5.0,5.01,1182200.0
2018-01-25 10:19:25.415000,5.01,5.0,5.01,1182200.0
2018-01-25 10:19:28.043000,5.01,5.0,5.01,1182200.0
2018-01-25 10:19:30.739000,5.01,5.0,5.01,1182200.0
2018-01-25 10:19:33.592000,5.01,5.0,5.01,1182200.0
2018-01-25 10:19:36.210000,5.01,5.0,5.01,1182200.0
2018-01-25 10:19:38.864000,5.01,5.0,5.01,1182200.0
2018-01-25 10:19:41.558000,5.01,5.0,5.01,1182200.0
2018-01-25 10:19:44.407000,5.01,5.0,5.01,1182200.0
2018-01-25 10:19:47.302000,5.01,5.0,5.01,1182200.0
2018-01-25 10:19:50.118000,5.01,5.0,5.01,1182200.0
2018-01-25 10:19:52.670000,5.01,5.0,5.01,1182200.0
2018-01-25 10:19:55.309000,5.01,5.0,5.01,1182200.0
2018-01-25 10:19:57.897000,5.01,5.0,5.01,1182200.0
2018-01-25 10:20:00.576000,5.01,5.0,5.01,1500900.0
2018-01-25 10:20:03.267000,5.01,5.0,5.01,1500900.0
2018-01-25 10:20:05.773000,5.01,5.0,5.01,1500900.0
2018-01-25 10:20:08.285000,5.01,5.0,5.01,1500900.0
2018-01-25 10:20:11.054000,5.01,5.0,5.01,1500900.0
2018-01-25 10:20:14.162000,5.01,5.0,5.01,1500900.0
2018-01-25 10:20:16.706000,5.01,5.0,5.01,1500900.0
2018-01-25 10:20:19.199000,5.01,5.0,5.01,1500900.0
2018-01-25 10:20:21.841000,5.01,5.0,5.01,1500900.0
2018-01-25 10:20:24.590000,5.01,5.0,5.01,1500900.0
2018-01-25 10:20:27.278000,5.01,5.0,5.01,1500900.0
2018-01-25 10:20:29.905000,5.01,5.0,5.01,1500900.0
2018-01-25 10:20:32.452000,5.01,5.0,5.01,1500900.0
2018-01-25 10:20:34.997000,5.01,5.0,5.01,1500900.0
2018-01-25 10:20:37.573000,5.01,5.0,5.01,1500900.0
2018-01-25 10:20:40.311000,5.01,5.0,5.01,1500900.0
2018-01-25 10:20:42.996000,5.01,5.0,5.01,1500900.0
2018-01-25 10:20:45.618000,5.01,5.0,5.01,1500900.0
2018-01-25 10:20:48.440000,5.01,5.0,5.01,1500900.0
2018-01-25 10:20:51.048000,5.01,5.0,5.01,1500900.0
2018-01-25 10:20:53.729000,5.01,5.0,5.01,1500900.0
2018-01-25 10:20:56.454000,5.01,5.01,5.02,1514900.0
2018-01-25 10:20:59.153000,5.01,5.01,5.02,1514900.0
2018-01-25 10:21:01.803000,5.01,5.01,5.02,1514900.0
2018-01-25 10:21:04.341000,5.01,5.01,5.02,1514900.0
2018-01-25 10:21:07.003000,5.01,5.01,5.02,1514900.0
2018-01-25 10:21:09.670000,5.01,5.01,5.02,1514900.0
2018-01-25 10:21:12.627000,5.01,5.01,5.02,1514900.0
2018-01-25 10:21:15.375000,5.01,5.01,5.02,1514900.0
2018-01-25 10:21:18.404000,5.01,5.01,5.02,1514900.0
2018-01-25 10:21:21.199000,5.01,5.01,5.02,1514900.0
2018-01-25 10:21:24.025000,5.01,5.01,5.02,1514900.0
2018-01-25 10:21:26.719000,5.01,5.01,5.02,1514900.0
2018-01-25 10:21:29.449000,5.01,5.01,5.02,1514900.0
2018-01-25 10:21:32.176000,5.01,5.01,5.02,1514900.0
2018-01-25 10:21:34.715000,5.01,5.01,5.02,1514900.0
2018-01-25 10:21:37.312000,5.01,5.01,5.02,1514900.0
2018-01-25 10:21:40.059000,5.01,5.01,5.02,1514900.0
2018-01-25 10:21:42.785000,5.01,5.01,5.02,1514900.0
2018-01-25 10:21:45.434000,5.01,5.01,5.02,1514900.0
2018-01-25 10:21:48.096000,5.01,5.01,5.02,1514900.0
2018-01-25 10:21:50.844000,5.01,5.01,5.02,1514900.0
2018-01-25 10:21:53.532000,5.01,5.01,5.02,1514900.0
2018-01-25 10:21:56.147000,5.01,5.01,5.02,1514900.0
2018-01-25 10:21:58.880000,5.01,5.01,5.02,1514900.0
2018-01-25 10:22:01.516000,5.01,5.01,5.02,1514900.0
2018-01-25 10:22:04.387000,5.01,5.01,5.02,1514900.0
2018-01-25 10:22:07.150000,5.01,5.0,5.01,1554900.0
2018-01-25 10:22:09.872000,5.01,5.0,5.01,1554900.0
2018-01-25 10:22:12.541000,5.01,5.0,5.01,1554900.0
2018-01-25 10:22:15.293000,5.01,5.0,5.01,1554900.0
2018-01-25 10:22:17.944000,5.01,5.0,5.01,1554900.0
2018-01-25 10:22:20.909000,5.01,5.0,5.01,1554900.0
2018-01-25 10:22:23.488000,5.01,5.0,5.01,1554900.0
2018-01-25 10:22:26.149000,5.01,5.0,5.01,1554900.0
2018-01-25 10:22:28.808000,5.01,5.0,5.01,1554900.0
2018-01-25 10:22:31.407000,5.01,5.0,5.01,1554900.0
2018-01-25 10:22:34.229000,5.01,5.0,5.01,1554900.0
2018-01-25 10:22:36.864000,5.01,5.0,5.01,1554900.0
2018-01-25 10:22:39.384000,5.01,5.0,5.01,1554900.0
2018-01-25 10:22:41.940000,5.01,5.0,5.01,1554900.0
2018-01-25 10:22:44.654000,5.01,5.0,5.01,1554900.0
2018-01-25 10:22:47.562000,5.01,5.0,5.01,1554900.0
2018-01-25 10:22:50.440000,5.01,5.0,5.01,1554900.0
2018-01-25 10:22:53.302000,5.01,5.0,5.01,1554900.0
2018-01-25 10:22:55.941000,5.01,5.0,5.01,1554900.0
2018-01-25 10:22:58.616000,5.01,5.0,5.01,1554900.0
2018-01-25 10:23:01.315000,5.01,5.0,5.01,1554900.0
2018-01-25 10:23:04.127000,5.01,5.0,5.01,1554900.0
2018-01-25 10:23:06.722000,5.01,5.0,5.01,1554900.0
2018-01-25 10:23:09.431000,5.01,5.0,5.01,1554900.0
2018-01-25 10:23:12.035000,5.01,5.0,5.01,1554900.0
2018-01-25 10:23:14.609000,5.01,5.0,5.02,1566900.0
2018-01-25 10:23:17.271000,5.01,5.0,5.02,1566900.0
2018-01-25 10:23:19.765000,5.01,5.0,5.02,1566900.0
2018-01-25 10:23:22.202000,5.01,5.0,5.02,1566900.0
2018-01-25 10:23:25.031000,5.01,5.0,5.02,1566900.0
2018-01-25 10:23:27.672000,5.01,5.0,5.02,1566900.0
2018-01-25 10:23:30.323000,5.01,5.0,5.02,1566900.0
2018-01-25 10:23:32.949000,5.01,5.0,5.02,1566900.0
2018-01-25 10:23:35.563000,5.01,5.0,5.02,1566900.0
2018-01-25 10:23:38.066000,5.01,5.0,5.02,1566900.0
2018-01-25 10:23:40.514000,5.01,5.0,5.02,1566900.0
2018-01-25 10:23:42.892000,5.01,5.0,5.02,1566900.0
2018-01-25 10:23:45.286000,5.01,5.0,5.02,1566900.0
2018-01-25 10:23:48.009000,5.01,5.0,5.02,1566900.0
2018-01-25 10:23:50.299000,5.01,5.0,5.02,1566900.0
2018-01-25 10:23:52.836000,5.01,5.0,5.02,1566900.0
2018-01-25 10:23:55.703000,5.01,5.0,5.02,1566900.0
2018-01-25 10:23:58.376000,5.01,5.0,5.02,1566900.0
2018-01-25 10:24:01.163000,5.01,5.0,5.02,1566900.0
2018-01-25 10:24:03.827000,5.01,5.0,5.02,1566900.0
2018-01-25 10:24:06.517000,5.01,5.0,5.02,1566900.0
2018-01-25 10:24:09.375000,5.01,5.0,5.02,1566900.0
2018-01-25 10:24:11.991000,5.01,5.0,5.02,1566900.0
2018-01-25 10:24:14.578000,5.01,5.0,5.02,1566900.0
2018-01-25 10:24:17.347000,5.01,5.0,5.02,1566900.0
2018-01-25 10:24:19.939000,5.01,5.0,5.02,1566900.0
2018-01-25 10:24:22.722000,5.01,5.0,5.02,1566900.0
2018-01-25 10:24:25.364000,5.01,5.0,5.02,1566900.0
2018-01-25 10:24:27.972000,5.01,5.0,5.02,1566900.0
2018-01-25 10:24:30.473000,5.01,5.0,5.02,1566900.0
2018-01-25 10:24:33.046000,5.01,5.0,5.02,1566900.0
2018-01-25 10:24:35.912000,5.01,5.0,5.02,1566900.0
2018-01-25 10:24:38.631000,5.01,5.0,5.02,1566900.0
2018-01-25 10:24:41.334000,5.01,5.0,5.02,1566900.0
2018-01-25 10:24:43.941000,5.01,5.0,5.02,1566900.0
2018-01-25 10:24:46.548000,5.01,5.0,5.02,1576900.0
2018-01-25 10:24:49.591000,5.01,5.0,5.02,1576900.0
2018-01-25 10:24:52.288000,5.01,5.0,5.02,1576900.0
2018-01-25 10:24:54.863000,5.01,5.0,5.02,1576900.0
2018-01-25 10:24:57.459000,5.01,5.0,5.02,1576900.0
2018-01-25 10:24:59.879000,5.01,5.0,5.02,1576900.0
2018-01-25 10:25:02.876000,5.01,5.0,5.02,1576900.0
2018-01-25 10:25:05.581000,5.01,5.0,5.02,1576900.0
2018-01-25 10:25:08.071000,5.01,5.0,5.02,1576900.0
2018-01-25 10:25:10.846000,5.01,5.0,5.02,1576900.0
2018-01-25 10:25:13.517000,5.01,5.0,5.02,1576900.0
2018-01-25 10:25:16.009000,5.01,5.0,5.02,1576900.0
2018-01-25 10:25:18.325000,5.01,5.0,5.02,1576900.0
2018-01-25 10:25:20.976000,5.01,5.0,5.02,1576900.0
2018-01-25 10:25:23.690000,5.01,5.0,5.02,1576900.0
2018-01-25 10:25:26.404000,5.01,5.0,5.02,1576900.0
2018-01-25 10:25:29.064000,5.01,5.0,5.02,1576900.0
2018-01-25 10:25:32.136000,5.01,5.0,5.02,1576900.0
2018-01-25 10:25:34.818000,5.01,5.0,5.02,1576900.0
2018-01-25 10:25:37.496000,5.01,5.0,5.02,1576900.0
2018-01-25 10:25:40.116000,5.01,5.0,5.02,1576900.0
2018-01-25 10:25:43.003000,5.01,5.0,5.02,1596100.0
2018-01-25 10:25:45.787000,5.01,5.0,5.02,1596100.0
2018-01-25 10:25:48.658000,5.01,5.0,5.02,1596100.0
2018-01-25 10:25:51.268000,5.01,5.0,5.02,1596100.0
2018-01-25 10:25:53.932000,5.01,5.0,5.02,1596100.0
2018-01-25 10:25:56.539000,5.01,5.0,5.02,1596100.0
2018-01-25 10:25:59.042000,5.01,5.0,5.02,1596100.0
2018-01-25 10:26:01.669000,5.01,5.0,5.02,1596100.0
2018-01-25 10:26:04.430000,5.01,5.0,5.02,1596100.0
2018-01-25 10:26:07.006000,5.01,5.0,5.02,1596100.0
2018-01-25 10:26:09.956000,5.01,5.0,5.02,1596100.0
2018-01-25 10:26:12.588000,5.01,5.0,5.02,1596100.0
2018-01-25 10:26:15.309000,5.01,5.0,5.02,1596100.0
2018-01-25 10:26:17.919000,5.01,5.0,5.02,1596100.0
2018-01-25 10:26:20.413000,5.01,5.0,5.02,1596100.0
2018-01-25 10:26:23.128000,5.01,5.0,5.02,1596100.0
2018-01-25 10:26:25.831000,5.01,5.0,5.02,1596100.0
2018-01-25 10:26:28.431000,5.01,5.0,5.02,1596100.0
2018-01-25 10:26:31.210000,5.01,5.0,5.02,1596100.0
2018-01-25 10:26:33.867000,5.01,5.0,5.02,1596100.0
2018-01-25 10:26:36.527000,5.01,5.0,5.02,1596100.0
2018-01-25 10:26:39.312000,5.01,5.0,5.02,1596100.0
2018-01-25 10:26:41.880000,5.01,5.0,5.02,1596100.0
2018-01-25 10:26:44.496000,5.01,5.0,5.02,1596100.0
2018-01-25 10:26:47.703000,5.01,5.0,5.02,1596100.0
2018-01-25 10:26:50.589000,5.01,5.0,5.02,1596100.0
2018-01-25 10:26:53.259000,5.01,5.0,5.02,1596100.0
2018-01-25 10:26:55.756000,5.01,5.0,5.02,1596100.0
2018-01-25 10:26:58.315000,5.01,5.0,5.02,1596100.0
2018-01-25 10:27:01.059000,5.01,5.0,5.02,1596100.0
2018-01-25 10:27:03.735000,5.01,5.0,5.02,1596100.0
2018-01-25 10:27:06.212000,5.01,5.01,5.02,1619100.0
2018-01-25 10:27:08.945000,5.01,5.01,5.02,1619100.0
2018-01-25 10:27:11.634000,5.01,5.01,5.02,1619100.0
2018-01-25 10:27:14.325000,5.01,5.01,5.02,1619100.0
2018-01-25 10:27:17.086000,5.01,5.01,5.02,1639100.0
2018-01-25 10:27:19.849000,5.01,5.01,5.02,1639100.0
2018-01-25 10:27:22.758000,5.01,5.0,5.02,1639100.0
2018-01-25 10:27:25.491000,5.01,5.0,5.02,1639100.0
2018-01-25 10:27:28.257000,5.01,5.0,5.02,1639100.0
2018-01-25 10:27:30.955000,5.01,5.0,5.02,1639100.0
2018-01-25 10:27:33.478000,5.01,5.0,5.02,1639100.0
2018-01-25 10:27:35.996000,5.01,5.0,5.02,1639100.0
2018-01-25 10:27:38.695000,5.01,5.0,5.02,1639100.0
2018-01-25 10:27:41.367000,5.01,5.0,5.02,1639100.0
2018-01-25 10:27:43.968000,5.01,5.0,5.02,1639100.0
2018-01-25 10:27:46.587000,5.01,5.0,5.02,1639100.0
2018-01-25 10:27:49.141000,5.01,5.0,5.02,1639100.0
2018-01-25 10:27:51.918000,5.01,5.0,5.02,1639100.0
2018-01-25 10:27:54.588000,5.01,5.0,5.02,1639100.0
2018-01-25 10:27:57.030000,5.01,5.0,5.02,1639100.0
2018-01-25 10:27:59.724000,5.01,5.0,5.02,1639100.0
2018-01-25 10:28:02.368000,5.01,5.0,5.02,1639100.0
2018-01-25 10:28:05.321000,5.01,5.0,5.02,1639100.0
2018-01-25 10:28:07.997000,5.01,5.0,5.02,1639100.0
2018-01-25 10:28:10.835000,5.01,5.0,5.02,1639100.0
2018-01-25 10:28:13.377000,5.01,5.0,5.02,1639100.0
2018-01-25 10:28:15.988000,5.01,5.0,5.02,1639100.0
2018-01-25 10:28:18.693000,5.01,5.0,5.02,1639100.0
2018-01-25 10:28:21.462000,5.01,5.0,5.02,1639100.0
2018-01-25 10:28:24.325000,5.01,5.0,5.02,1639100.0
2018-01-25 10:28:26.843000,5.01,5.0,5.02,1639100.0
2018-01-25 10:28:29.726000,5.01,5.0,5.02,1639100.0
2018-01-25 10:28:32.430000,5.01,5.0,5.02,1639100.0
2018-01-25 10:28:35.181000,5.01,5.0,5.02,1639100.0
2018-01-25 10:28:37.753000,5.01,5.0,5.02,1639100.0
2018-01-25 10:28:40.350000,5.01,5.0,5.02,1639100.0
2018-01-25 10:28:44.095000,5.01,5.0,5.02,1639100.0
2018-01-25 10:28:47.496000,5.01,5.0,5.02,1639100.0
2018-01-25 10:28:50.885000,5.01,5.0,5.02,1639100.0
2018-01-25 10:28:54.122000,5.01,5.0,5.02,1639100.0
2018-01-25 10:28:57.432000,5.01,5.0,5.02,1639100.0
2018-01-25 10:29:00.886000,5.01,5.0,5.02,1639100.0
2018-01-25 10:29:03.967000,5.01,5.0,5.02,1639100.0
2018-01-25 10:29:06.988000,5.01,5.0,5.02,1639100.0
2018-01-25 10:29:10.135000,5.01,5.0,5.02,1639100.0
2018-01-25 10:29:13.346000,5.01,5.0,5.02,1639100.0
2018-01-25 10:29:16.468000,5.01,5.0,5.01,1653100.0
2018-01-25 10:29:19.627000,5.01,5.0,5.01,1653100.0
2018-01-25 10:29:22.682000,5.01,5.0,5.01,1653100.0
2018-01-25 10:29:25.836000,5.01,5.0,5.01,1653100.0
2018-01-25 10:29:28.712000,5.01,5.0,5.01,1653100.0
2018-01-25 10:29:32.011000,5.01,5.0,5.01,1653100.0
2018-01-25 10:29:35.024000,5.01,5.0,5.01,1653100.0
2018-01-25 10:29:38.096000,5.01,5.0,5.01,1653100.0
2018-01-25 10:29:41.511000,5.01,5.0,5.01,1653100.0
2018-01-25 10:29:46.886000,5.01,5.0,5.01,1653100.0
2018-01-25 10:29:50.181000,5.01,5.0,5.01,1653100.0
2018-01-25 10:29:53.158000,5.01,5.0,5.01,1653100.0
2018-01-25 10:29:56.457000,5.01,5.0,5.01,1653100.0
2018-01-25 10:29:59.877000,5.01,5.0,5.01,1653100.0
2018-01-25 10:30:03.006000,5.01,5.0,5.01,1653100.0
2018-01-25 10:30:06.229000,5.01,5.0,5.01,1653100.0
2018-01-25 10:30:11.838000,5.01,5.0,5.01,1653100.0
2018-01-25 10:30:14.689000,5.01,5.0,5.01,1653100.0
2018-01-25 10:30:17.498000,5.01,5.0,5.01,1653100.0
2018-01-25 10:30:21.075000,5.01,5.0,5.01,1653100.0
2018-01-25 10:30:24.189000,5.01,5.0,5.01,1653100.0
2018-01-25 10:30:28.147000,5.01,5.0,5.01,1653100.0
2018-01-25 10:30:33.097000,5.01,5.0,5.01,1653100.0
2018-01-25 10:30:36.850000,5.01,5.0,5.01,1653100.0
2018-01-25 10:30:39.850000,5.01,5.0,5.01,1653100.0
2018-01-25 10:30:42.856000,5.01,5.0,5.01,1653100.0
2018-01-25 10:30:46.076000,5.01,5.0,5.01,1653100.0
2018-01-25 10:30:49.127000,5.01,5.0,5.01,1653100.0
2018-01-25 10:30:52.378000,5.01,5.0,5.01,1653100.0
2018-01-25 10:30:55.385000,5.01,5.0,5.01,1653100.0
2018-01-25 10:30:58.207000,5.01,5.0,5.01,1653100.0
2018-01-25 10:31:01.042000,5.01,5.0,5.01,1653100.0
2018-01-25 10:31:04.106000,5.01,5.0,5.01,1653100.0
2018-01-25 10:31:07.169000,5.01,5.0,5.01,1653100.0
2018-01-25 10:31:10.337000,5.01,5.0,5.01,1653100.0
2018-01-25 10:31:13.512000,5.01,5.0,5.01,1653100.0
2018-01-25 10:31:16.499000,5.01,5.0,5.01,1653100.0
2018-01-25 10:31:19.768000,5.01,5.0,5.01,1653100.0
2018-01-25 10:31:22.675000,5.01,5.0,5.01,1653100.0
2018-01-25 10:31:25.590000,5.01,5.0,5.01,1653100.0
2018-01-25 10:31:28.561000,5.01,5.0,5.01,1653100.0
2018-01-25 10:31:31.590000,5.0,4.99,5.01,1654600.0
2018-01-25 10:31:34.628000,5.0,4.99,5.01,1654600.0
2018-01-25 10:31:37.643000,5.0,4.99,5.01,1654600.0
2018-01-25 10:31:41.795000,5.0,4.99,5.01,1654600.0
2018-01-25 10:31:44.944000,5.0,4.99,5.01,1654600.0
2018-01-25 10:31:47.923000,5.0,4.99,5.01,1654600.0
2018-01-25 10:31:50.793000,5.0,4.99,5.01,1654600.0
2018-01-25 10:31:53.807000,5.0,4.99,5.01,1654600.0
2018-01-25 10:31:56.669000,5.0,4.99,5.01,1654600.0
2018-01-25 10:31:59.703000,5.0,4.99,5.01,1654600.0
2018-01-25 10:32:02.802000,5.0,4.99,5.01,1654600.0
2018-01-25 10:32:05.700000,5.0,4.99,5.01,1654600.0
2018-01-25 10:32:08.650000,5.0,4.99,5.01,1654600.0
2018-01-25 10:32:11.714000,5.0,4.99,5.01,1654600.0
2018-01-25 10:32:14.826000,5.0,4.99,5.01,1654600.0
2018-01-25 10:32:18.085000,5.0,4.99,5.01,1654600.0
2018-01-25 10:32:20.965000,5.0,4.99,5.01,1654600.0
2018-01-25 10:32:24.068000,5.0,4.99,5.01,1654600.0
2018-01-25 10:32:27.548000,5.0,4.99,5.01,1654600.0
2018-01-25 10:32:30.448000,5.0,4.99,5.01,1654600.0
2018-01-25 10:32:34.122000,5.0,4.99,5.01,1654600.0
2018-01-25 10:32:37.165000,5.0,4.99,5.01,1654600.0
2018-01-25 10:32:40.172000,5.0,4.99,5.01,1654600.0
2018-01-25 10:32:42.942000,5.0,4.99,5.01,1654600.0
2018-01-25 10:32:46.027000,5.0,4.99,5.01,1654600.0
2018-01-25 10:32:48.928000,5.0,4.99,5.01,1654600.0
2018-01-25 10:32:52.345000,5.0,4.99,5.01,1654600.0
2018-01-25 10:32:55.250000,5.0,4.99,5.01,1654600.0
2018-01-25 10:32:58.221000,5.0,4.99,5.01,1654600.0
2018-01-25 10:33:01.249000,5.0,5.0,5.01,1691600.0
2018-01-25 10:33:04.299000,5.0,5.0,5.01,1691600.0
2018-01-25 10:33:07.281000,5.0,5.0,5.01,1691600.0
2018-01-25 10:33:10.545000,5.0,5.0,5.01,1691600.0
2018-01-25 10:33:13.402000,5.0,5.0,5.01,1691600.0
2018-01-25 10:33:17.219000,5.0,5.0,5.01,1691600.0
2018-01-25 10:33:20.099000,5.0,5.0,5.01,1691600.0
2018-01-25 10:33:23.050000,5.0,5.0,5.01,1691600.0
2018-01-25 10:33:26.031000,5.0,5.0,5.01,1691600.0
2018-01-25 10:33:29.005000,5.0,5.0,5.01,1691600.0
2018-01-25 10:33:31.712000,5.0,5.0,5.01,1691600.0
2018-01-25 10:33:34.670000,5.0,5.0,5.01,1691600.0
2018-01-25 10:33:37.507000,5.0,5.0,5.01,1691600.0
2018-01-25 10:33:40.640000,5.0,5.0,5.01,1691600.0
2018-01-25 10:33:43.616000,5.0,5.0,5.01,1691600.0
2018-01-25 10:33:46.847000,5.0,5.0,5.01,1691600.0
2018-01-25 10:33:49.981000,5.0,5.0,5.01,1691600.0
2018-01-25 10:33:53.086000,5.0,5.0,5.01,1691600.0
2018-01-25 10:33:55.857000,5.0,5.0,5.01,1691600.0
2018-01-25 10:33:58.762000,5.0,5.0,5.01,1691600.0
2018-01-25 10:34:01.642000,5.0,5.0,5.01,1691600.0
2018-01-25 10:34:04.493000,5.0,5.0,5.01,1691600.0
2018-01-25 10:34:07.420000,5.0,5.0,5.01,1691600.0
2018-01-25 10:34:10.200000,5.0,5.0,5.01,1691600.0
2018-01-25 10:34:13.049000,5.0,5.0,5.01,1691600.0
2018-01-25 10:34:16.220000,5.0,5.0,5.01,1691600.0
2018-01-25 10:34:18.967000,5.0,5.0,5.01,1691600.0
2018-01-25 10:34:21.863000,5.0,5.0,5.01,1691600.0
2018-01-25 10:34:24.681000,5.0,5.0,5.01,1691600.0
2018-01-25 10:34:27.549000,5.0,5.0,5.01,1691600.0
2018-01-25 10:34:30.563000,5.0,5.0,5.01,1691600.0
2018-01-25 10:34:33.410000,5.0,5.0,5.01,1691600.0
2018-01-25 10:34:36.081000,5.0,5.0,5.01,1691600.0
2018-01-25 10:34:38.837000,5.0,5.0,5.01,1691600.0
2018-01-25 10:34:41.687000,5.0,5.0,5.01,1691600.0
2018-01-25 10:34:44.593000,5.0,5.0,5.01,1691600.0
2018-01-25 10:34:47.491000,5.0,5.0,5.01,1691600.0
2018-01-25 10:34:50.391000,5.0,5.0,5.01,1691600.0
2018-01-25 10:34:53.237000,5.0,5.0,5.01,1691600.0
2018-01-25 10:34:58.227000,5.0,5.0,5.01,1691600.0
2018-01-25 10:35:01.140000,5.0,5.0,5.01,1691600.0
2018-01-25 10:35:05.383000,5.0,5.0,5.01,1691600.0
2018-01-25 10:35:08.546000,5.0,5.0,5.01,1691600.0
2018-01-25 10:35:11.570000,5.0,5.0,5.01,1691600.0
2018-01-25 10:35:15.355000,5.0,5.0,5.01,1691600.0
2018-01-25 10:35:19.596000,5.0,5.0,5.01,1691600.0
2018-01-25 10:35:22.529000,5.0,5.0,5.01,1691600.0
2018-01-25 10:35:25.229000,5.0,5.0,5.01,1691600.0
2018-01-25 10:35:27.828000,5.0,5.0,5.01,1691600.0
2018-01-25 10:35:30.447000,5.0,5.0,5.01,1691600.0
2018-01-25 10:35:33.227000,5.0,5.0,5.01,1691600.0
2018-01-25 10:35:36.087000,5.0,5.0,5.01,1691600.0
2018-01-25 10:35:38.806000,5.0,5.0,5.01,1691600.0
2018-01-25 10:35:41.416000,5.0,5.0,5.01,1691600.0
2018-01-25 10:35:44.669000,5.0,5.0,5.01,1691600.0
2018-01-25 10:35:48.263000,5.0,5.0,5.01,1691600.0
2018-01-25 10:35:52.004000,5.0,5.0,5.01,1691600.0
2018-01-25 10:35:55.610000,5.0,5.0,5.01,1691600.0
2018-01-25 10:35:59.662000,5.0,5.0,5.01,1691600.0
2018-01-25 10:36:04.199000,5.0,5.0,5.01,1691600.0
2018-01-25 10:36:08.135000,5.0,5.0,5.01,1691600.0
2018-01-25 10:36:12.671000,5.0,5.0,5.01,1691600.0
2018-01-25 10:36:16.333000,5.0,5.0,5.01,1691600.0
2018-01-25 10:36:19.868000,5.0,5.0,5.01,1691600.0
2018-01-25 10:36:23.392000,5.0,5.0,5.01,1691600.0
2018-01-25 10:36:27.137000,5.0,5.0,5.01,1691600.0
2018-01-25 10:36:31.002000,5.0,5.0,5.01,1691600.0
2018-01-25 10:36:34.527000,5.0,5.0,5.01,1691600.0
2018-01-25 10:36:38.133000,5.0,5.0,5.01,1691600.0
2018-01-25 10:36:41.833000,5.0,5.0,5.01,1691600.0
2018-01-25 10:36:45.404000,5.0,5.0,5.01,1691600.0
2018-01-25 10:36:49.205000,5.0,5.0,5.01,1691600.0
2018-01-25 10:36:52.850000,5.0,5.0,5.01,1691600.0
2018-01-25 10:36:56.384000,5.0,5.0,5.01,1691600.0
2018-01-25 10:37:00.270000,5.0,5.0,5.01,1691600.0
2018-01-25 10:37:04.166000,5.0,5.0,5.01,1691600.0
2018-01-25 10:37:13.428000,5.0,5.0,5.01,1691600.0
2018-01-25 10:37:28.100000,5.0,5.0,5.01,1691600.0
2018-01-25 10:37:48.121000,5.0,5.0,5.01,1756200.0
2018-01-25 10:38:03.037000,5.0,5.0,5.01,1756200.0
2018-01-25 10:38:19.968000,5.0,5.0,5.01,1756200.0
2018-01-25 10:38:22.706000,5.0,5.0,5.01,1756200.0
2018-01-25 10:38:25.685000,5.0,5.0,5.01,1756200.0
2018-01-25 10:38:28.581000,5.0,5.0,5.01,1756200.0
2018-01-25 10:38:31.429000,5.0,5.0,5.01,1756200.0
2018-01-25 10:38:34.464000,5.0,5.0,5.01,1756200.0
2018-01-25 10:38:37.329000,5.0,5.0,5.01,1756200.0
2018-01-25 10:38:40.151000,5.0,5.0,5.01,1756200.0
2018-01-25 10:38:43.161000,5.0,5.0,5.01,1756200.0
2018-01-25 10:38:46.039000,5.0,4.99,5.01,1766200.0
2018-01-25 10:38:48.807000,5.0,4.99,5.01,1766200.0
2018-01-25 10:38:51.633000,5.0,5.0,5.01,1766200.0
2018-01-25 10:38:54.499000,5.0,4.99,5.01,1766200.0
2018-01-25 10:38:57.532000,5.0,4.99,5.01,1766200.0
2018-01-25 10:39:00.448000,5.0,4.99,5.01,1766200.0
2018-01-25 10:39:03.374000,5.0,4.99,5.01,1766200.0
2018-01-25 10:39:06.386000,5.0,4.99,5.01,1766200.0
2018-01-25 10:39:09.173000,5.0,4.99,5.01,1766200.0
2018-01-25 10:39:11.971000,5.0,4.99,5.01,1766200.0
2018-01-25 10:39:15.243000,5.0,4.99,5.01,1766200.0
2018-01-25 10:39:18.324000,5.0,4.99,5.01,1766200.0
2018-01-25 10:39:21.201000,5.0,4.99,5.01,1766200.0
2018-01-25 10:39:24.298000,5.0,4.99,5.01,1766200.0
2018-01-25 10:39:27.086000,5.0,4.99,5.01,1766200.0
2018-01-25 10:39:29.770000,5.0,4.99,5.01,1766200.0
2018-01-25 10:39:32.788000,5.0,4.99,5.01,1766200.0
2018-01-25 10:39:36.056000,5.0,4.99,5.01,1766200.0
2018-01-25 10:39:39.137000,5.0,4.99,5.01,1766200.0
2018-01-25 10:39:42.029000,5.0,4.99,5.01,1766200.0
2018-01-25 10:39:45.142000,5.0,4.99,5.01,1766200.0
2018-01-25 10:39:48.136000,5.0,5.0,5.01,1766200.0
2018-01-25 10:39:51.041000,5.0,5.0,5.01,1766200.0
2018-01-25 10:39:53.951000,5.0,5.0,5.01,1766200.0
2018-01-25 10:39:56.822000,5.0,5.0,5.01,1766200.0
2018-01-25 10:39:59.884000,5.0,5.0,5.01,1766200.0
2018-01-25 10:40:02.692000,5.0,4.99,5.0,1766200.0
2018-01-25 10:40:05.747000,5.0,4.99,5.0,1766200.0
2018-01-25 10:40:08.982000,5.0,4.99,5.0,1766200.0
2018-01-25 10:40:11.967000,5.0,4.99,5.0,1766200.0
2018-01-25 10:40:15.185000,5.0,4.99,5.0,1766200.0
2018-01-25 10:40:18.264000,5.0,4.99,5.0,1766200.0
2018-01-25 10:40:21.028000,5.0,4.99,5.0,1766200.0
2018-01-25 10:40:23.887000,5.0,4.99,5.0,1766200.0
2018-01-25 10:40:26.761000,5.0,4.99,5.0,1766200.0
2018-01-25 10:40:29.620000,5.0,4.99,5.0,1766200.0
2018-01-25 10:40:32.512000,5.0,4.99,5.0,1766200.0
2018-01-25 10:40:35.278000,5.0,4.99,5.0,1766200.0
2018-01-25 10:40:38.300000,5.0,4.99,5.0,1766200.0
2018-01-25 10:40:41.140000,5.0,4.99,5.0,1766200.0
2018-01-25 10:40:44.228000,5.0,4.99,5.0,1766200.0
2018-01-25 10:40:47.122000,5.0,4.99,5.0,1766200.0
2018-01-25 10:40:50.173000,5.0,4.99,5.0,1766200.0
2018-01-25 10:40:52.916000,5.0,4.99,5.0,1766200.0
2018-01-25 10:40:55.753000,5.0,4.99,5.0,1766200.0
2018-01-25 10:40:58.704000,5.0,4.99,5.0,1766200.0
2018-01-25 10:41:01.714000,5.0,4.99,5.0,1766200.0
2018-01-25 10:41:04.685000,5.0,4.99,5.0,1766200.0
2018-01-25 10:41:07.652000,5.0,4.99,5.0,1766200.0
2018-01-25 10:41:10.559000,5.0,4.99,5.0,1766200.0
2018-01-25 10:41:13.597000,5.0,4.99,5.0,1766200.0
2018-01-25 10:41:16.727000,5.0,4.99,5.0,1766200.0
2018-01-25 10:41:19.689000,5.0,4.99,5.0,1766200.0
2018-01-25 10:41:22.823000,5.0,4.99,5.0,1766200.0
2018-01-25 10:41:25.805000,5.0,4.99,5.0,1766200.0
2018-01-25 10:41:28.639000,5.0,4.99,5.0,1766200.0
2018-01-25 10:41:31.791000,5.0,4.99,5.0,1766200.0
2018-01-25 10:41:34.759000,5.0,4.99,5.0,1766200.0
2018-01-25 10:41:37.655000,5.0,4.99,5.0,1766200.0
2018-01-25 10:41:40.533000,5.0,4.99,5.0,1766200.0
2018-01-25 10:41:43.638000,5.0,4.99,5.0,1766200.0
2018-01-25 10:41:46.621000,5.0,4.99,5.0,1766200.0
2018-01-25 10:41:49.545000,5.0,4.99,5.0,1766200.0
2018-01-25 10:41:52.526000,5.0,4.99,5.0,1766200.0
2018-01-25 10:41:55.814000,5.0,4.99,5.0,1766200.0
2018-01-25 10:41:58.942000,5.0,4.99,5.0,1766200.0
2018-01-25 10:42:02.230000,5.0,4.99,5.0,1766200.0
2018-01-25 10:42:05.368000,5.0,4.99,5.0,1766200.0
2018-01-25 10:42:08.436000,5.0,4.99,5.0,1766200.0
2018-01-25 10:42:11.372000,5.0,4.99,5.0,1766200.0
2018-01-25 10:42:14.395000,5.0,4.99,5.0,1766200.0
2018-01-25 10:42:17.284000,5.0,4.99,5.0,1766200.0
2018-01-25 10:42:20.600000,5.0,4.99,5.0,1766200.0
2018-01-25 10:42:23.547000,5.0,4.99,5.0,1766200.0
2018-01-25 10:42:26.417000,5.0,4.99,5.0,1766200.0
2018-01-25 10:42:29.365000,5.0,4.99,5.0,1766200.0
2018-01-25 10:42:32.199000,5.0,4.99,5.0,1766200.0
2018-01-25 10:42:35.462000,5.0,4.99,5.0,1766200.0
2018-01-25 10:42:38.293000,5.0,4.99,5.0,1766200.0
2018-01-25 10:42:41.341000,5.0,4.99,5.01,1766200.0
2018-01-25 10:42:44.406000,5.0,4.99,5.01,1766200.0
2018-01-25 10:42:47.336000,5.0,4.99,5.01,1766200.0
2018-01-25 10:42:50.282000,5.0,4.99,5.01,1766200.0
2018-01-25 10:42:53.242000,5.0,4.99,5.01,1766200.0
2018-01-25 10:42:56.145000,5.0,4.99,5.01,1766200.0
2018-01-25 10:42:59.412000,5.0,4.99,5.01,1766200.0
2018-01-25 10:43:02.455000,5.0,4.99,5.01,1766200.0
2018-01-25 10:43:05.469000,5.0,4.99,5.01,1766200.0
2018-01-25 10:43:08.524000,5.0,4.99,5.01,1766200.0
2018-01-25 10:43:11.466000,5.0,4.99,5.01,1766200.0
2018-01-25 10:43:14.415000,5.0,4.99,5.01,1766200.0
2018-01-25 10:43:17.374000,5.0,4.99,5.01,1766200.0
2018-01-25 10:43:20.344000,5.0,4.99,5.01,1766200.0
2018-01-25 10:43:23.361000,5.0,4.99,5.01,1766200.0
2018-01-25 10:43:26.326000,5.0,4.99,5.01,1766200.0
2018-01-25 10:43:29.226000,5.0,4.99,5.01,1766200.0
2018-01-25 10:43:32.389000,5.0,4.99,5.01,1766200.0
2018-01-25 10:43:37.341000,5.0,4.99,5.01,1766200.0
2018-01-25 10:43:43.104000,5.0,4.99,5.01,1766200.0
2018-01-25 10:43:48.360000,5.0,4.99,5.01,1766200.0
2018-01-25 10:43:52.592000,5.0,4.99,5.01,1766200.0
2018-01-25 10:43:56.717000,5.0,4.99,5.01,1766200.0
2018-01-25 10:44:01.749000,5.0,4.99,5.01,1766200.0
2018-01-25 10:44:06.300000,5.0,5.0,5.01,1767200.0
2018-01-25 10:44:11.099000,5.0,5.0,5.01,1767200.0
2018-01-25 10:44:16.891000,5.0,5.0,5.01,1767200.0
2018-01-25 10:44:21.375000,5.0,5.0,5.01,1767200.0
2018-01-25 10:44:25.712000,5.0,5.0,5.01,1767200.0
2018-01-25 10:44:29.830000,5.0,5.0,5.01,1767200.0
2018-01-25 10:44:34.175000,5.0,5.0,5.01,1767200.0
2018-01-25 10:44:38.283000,5.0,5.0,5.01,1767200.0
2018-01-25 10:44:42.178000,5.0,5.0,5.01,1767200.0
2018-01-25 10:44:46.357000,5.0,5.0,5.01,1767200.0
2018-01-25 10:44:50.316000,5.0,5.0,5.01,1767200.0
2018-01-25 10:44:54.605000,5.0,5.0,5.01,1767200.0
2018-01-25 10:44:59.039000,5.0,5.0,5.01,1767200.0
2018-01-25 10:45:04.103000,5.0,5.0,5.01,1767200.0
2018-01-25 10:45:08.858000,5.0,5.0,5.01,1767200.0
2018-01-25 10:45:12.777000,5.0,5.0,5.01,1767200.0
2018-01-25 10:45:15.969000,5.0,5.0,5.01,1767200.0
2018-01-25 10:45:18.847000,5.0,5.0,5.01,1767200.0
2018-01-25 10:45:22,5.0,5.0,5.01,1767200.0
2018-01-25 10:45:24.993000,5.0,5.0,5.01,1767200.0
2018-01-25 10:45:28.022000,5.0,5.0,5.01,1767200.0
2018-01-25 10:45:30.920000,5.0,5.0,5.01,1767200.0
2018-01-25 10:45:33.767000,5.0,5.0,5.01,1767200.0
2018-01-25 10:45:36.750000,5.0,5.0,5.01,1767200.0
2018-01-25 10:45:40.032000,5.0,5.0,5.01,1767200.0
2018-01-25 10:45:43.084000,5.0,5.0,5.01,1767200.0
2018-01-25 10:45:46.098000,5.0,5.0,5.01,1767200.0
2018-01-25 10:45:49.110000,5.0,5.0,5.01,1767200.0
2018-01-25 10:45:52.085000,5.0,5.0,5.01,1767200.0
2018-01-25 10:45:55.001000,5.0,5.0,5.01,1767200.0
2018-01-25 10:45:57.884000,5.0,5.0,5.01,1767200.0
2018-01-25 10:46:00.977000,5.0,5.0,5.01,1767200.0
2018-01-25 10:46:04.001000,5.0,5.0,5.01,1767200.0
2018-01-25 10:46:06.941000,5.0,5.0,5.01,1767200.0
2018-01-25 10:46:10.310000,5.0,5.0,5.01,1767200.0
2018-01-25 10:46:13.336000,5.0,5.0,5.01,1767200.0
2018-01-25 10:46:16.366000,5.0,5.0,5.01,1767200.0
2018-01-25 10:46:19.337000,5.0,5.0,5.01,1767200.0
2018-01-25 10:46:22.510000,5.0,5.0,5.01,1767200.0
2018-01-25 10:46:25.482000,5.0,5.0,5.01,1767200.0
2018-01-25 10:46:29.001000,5.0,5.0,5.01,1769200.0
2018-01-25 10:46:33.290000,5.0,5.0,5.01,1769200.0
2018-01-25 10:46:36.738000,5.0,5.0,5.01,1769200.0
2018-01-25 10:46:39.813000,5.0,5.0,5.01,1769200.0
2018-01-25 10:46:43.192000,5.0,5.0,5.01,1769200.0
2018-01-25 10:46:46.275000,5.0,5.0,5.01,1769200.0
2018-01-25 10:46:49.561000,5.0,4.99,5.01,1769200.0
2018-01-25 10:46:52.661000,5.0,4.99,5.01,1769200.0
2018-01-25 10:46:55.524000,5.0,4.99,5.01,1769200.0
2018-01-25 10:46:58.708000,5.0,4.99,5.01,1769200.0
2018-01-25 10:47:01.768000,5.0,4.99,5.01,1769200.0
2018-01-25 10:47:04.794000,5.0,4.99,5.01,1769200.0
2018-01-25 10:47:08.241000,5.01,4.99,5.01,1809200.0
2018-01-25 10:47:11.341000,5.01,4.99,5.01,1809200.0
2018-01-25 10:47:14.475000,5.01,4.99,5.01,1809200.0
2018-01-25 10:47:17.391000,5.01,4.99,5.01,1809200.0
2018-01-25 10:47:20.506000,5.01,4.99,5.01,1809200.0
2018-01-25 10:47:23.615000,5.01,4.99,5.01,1809200.0
2018-01-25 10:47:26.677000,5.01,4.99,5.01,1809200.0
2018-01-25 10:47:29.700000,5.01,4.99,5.01,1809200.0
2018-01-25 10:47:32.771000,5.01,4.99,5.01,1809200.0
2018-01-25 10:47:36.212000,5.01,4.99,5.01,1809200.0
2018-01-25 10:47:39.351000,5.01,4.99,5.01,1809200.0
2018-01-25 10:47:42.412000,5.01,4.99,5.01,1809200.0
2018-01-25 10:47:45.477000,5.01,4.99,5.01,1809200.0
2018-01-25 10:47:48.562000,5.01,4.99,5.01,1809200.0
2018-01-25 10:47:51.771000,5.01,4.99,5.01,1809200.0
2018-01-25 10:47:55.009000,5.01,4.99,5.01,1809200.0
2018-01-25 10:47:58.195000,5.01,4.99,5.01,1809200.0
2018-01-25 10:48:01.637000,5.01,4.99,5.01,1809200.0
2018-01-25 10:48:04.608000,5.01,4.99,5.01,1809200.0
2018-01-25 10:48:07.740000,5.01,4.99,5.01,1809200.0
2018-01-25 10:48:10.773000,5.01,4.99,5.01,1809200.0
2018-01-25 10:48:13.800000,5.01,4.99,5.01,1809200.0
2018-01-25 10:48:17.035000,5.01,4.99,5.01,1809200.0
2018-01-25 10:48:19.681000,5.01,4.99,5.01,1809200.0
2018-01-25 10:48:22.133000,5.01,4.99,5.01,1809200.0
2018-01-25 10:48:24.743000,5.01,4.99,5.01,1809200.0
2018-01-25 10:48:27.383000,5.01,4.99,5.01,1809200.0
2018-01-25 10:48:30.227000,5.01,4.99,5.01,1809200.0
2018-01-25 10:48:32.646000,5.01,4.99,5.01,1809200.0
2018-01-25 10:48:35.355000,5.01,4.99,5.01,1809200.0
2018-01-25 10:48:37.928000,5.01,4.99,5.01,1809200.0
2018-01-25 10:48:40.572000,5.01,4.99,5.01,1809200.0
2018-01-25 10:48:43.919000,5.01,4.99,5.01,1809200.0
2018-01-25 10:48:46.349000,5.01,4.99,5.01,1809200.0
2018-01-25 10:48:48.825000,5.01,4.99,5.01,1809200.0
2018-01-25 10:48:51.251000,5.01,4.99,5.01,1809200.0
2018-01-25 10:48:53.745000,5.01,4.99,5.01,1809200.0
2018-01-25 10:48:56.835000,5.01,4.99,5.01,1809200.0
2018-01-25 10:48:59.506000,5.01,4.99,5.01,1809200.0
2018-01-25 10:49:02.242000,5.01,4.99,5.01,1809200.0
2018-01-25 10:49:04.865000,5.01,4.99,5.01,1809200.0
2018-01-25 10:49:07.420000,5.01,4.99,5.01,1809200.0
2018-01-25 10:49:09.945000,5.01,4.99,5.01,1809200.0
2018-01-25 10:49:12.747000,5.01,4.99,5.01,1809200.0
2018-01-25 10:49:15.312000,5.01,4.99,5.01,1809200.0
2018-01-25 10:49:18.039000,5.01,4.99,5.01,1809200.0
2018-01-25 10:49:20.652000,5.01,4.99,5.01,1809200.0
2018-01-25 10:49:23.119000,5.01,4.99,5.01,1809200.0
2018-01-25 10:49:25.690000,5.01,4.99,5.01,1809200.0
2018-01-25 10:49:28.412000,5.01,4.99,5.01,1809200.0
2018-01-25 10:49:31.003000,5.01,4.99,5.01,1809200.0
2018-01-25 10:49:33.500000,5.01,4.99,5.01,1809200.0
2018-01-25 10:49:36.129000,5.01,4.99,5.01,1809200.0
2018-01-25 10:49:38.803000,5.01,4.99,5.01,1809200.0
2018-01-25 10:49:41.300000,5.01,4.99,5.01,1809200.0
2018-01-25 10:49:43.667000,5.01,4.99,5.01,1809200.0
2018-01-25 10:49:46.292000,5.01,4.99,5.01,1809200.0
2018-01-25 10:49:48.932000,5.01,4.99,5.01,1809200.0
2018-01-25 10:49:51.656000,5.01,4.99,5.01,1809200.0
2018-01-25 10:49:54.395000,5.01,4.99,5.01,1809200.0
2018-01-25 10:49:56.787000,5.01,4.99,5.01,1809200.0
2018-01-25 10:49:59.082000,5.01,4.99,5.01,1809200.0
2018-01-25 10:50:01.339000,5.01,4.99,5.01,1809200.0
2018-01-25 10:50:03.665000,5.01,4.99,5.01,1809200.0
2018-01-25 10:50:05.913000,5.01,4.99,5.01,1809200.0
2018-01-25 10:50:08.258000,5.01,4.99,5.01,1809200.0
2018-01-25 10:50:10.416000,5.01,4.99,5.01,1809200.0
2018-01-25 10:50:12.547000,5.01,4.99,5.01,1809200.0
2018-01-25 10:50:14.649000,5.01,4.99,5.01,1809200.0
2018-01-25 10:50:16.960000,5.01,4.99,5.01,1809200.0
2018-01-25 10:50:19.328000,5.01,4.99,5.01,1809200.0
2018-01-25 10:50:21.375000,5.01,4.99,5.01,1809200.0
2018-01-25 10:50:23.475000,5.01,4.99,5.01,1809200.0
2018-01-25 10:50:25.695000,5.01,4.99,5.01,1809200.0
2018-01-25 10:50:28,5.01,4.99,5.01,1809200.0
2018-01-25 10:50:30.226000,5.01,4.99,5.01,1809200.0
2018-01-25 10:50:32.422000,5.01,4.99,5.01,1809200.0
2018-01-25 10:50:34.405000,5.01,4.99,5.01,1809200.0
2018-01-25 10:50:37.522000,5.01,4.99,5.01,1809200.0
2018-01-25 10:50:40.900000,5.01,4.99,5.01,1809200.0
2018-01-25 10:50:44.064000,5.01,4.99,5.01,1809200.0
2018-01-25 10:50:47.216000,5.01,4.99,5.01,1809200.0
2018-01-25 10:50:50.317000,5.01,4.99,5.01,1809200.0
2018-01-25 10:50:53.766000,5.01,4.99,5.01,1809200.0
2018-01-25 10:50:56.952000,5.01,5.0,5.01,2039200.0
2018-01-25 10:51:00.341000,5.01,5.0,5.01,2039200.0
2018-01-25 10:51:03.565000,5.01,5.0,5.01,2039200.0
2018-01-25 10:51:06.789000,5.01,5.0,5.01,2039200.0
2018-01-25 10:51:10.034000,5.01,5.0,5.01,2039200.0
2018-01-25 10:51:13.246000,5.01,5.0,5.01,2039200.0
2018-01-25 10:51:16.378000,5.01,5.0,5.01,2039200.0
2018-01-25 10:51:19.825000,5.01,5.0,5.01,2039200.0
2018-01-25 10:51:22.965000,5.01,5.0,5.01,2039200.0
2018-01-25 10:51:26.435000,5.01,5.0,5.01,2039200.0
2018-01-25 10:51:29.802000,5.01,5.0,5.01,2039200.0
2018-01-25 10:51:33.134000,5.01,5.0,5.01,2039200.0
2018-01-25 10:51:36.216000,5.01,5.0,5.01,2039200.0
2018-01-25 10:51:39.203000,5.01,5.0,5.01,2039200.0
2018-01-25 10:51:42.044000,5.01,5.0,5.01,2039200.0
2018-01-25 10:51:45.122000,5.01,5.0,5.01,2039200.0
2018-01-25 10:51:48.863000,5.01,5.0,5.01,2039200.0
2018-01-25 10:51:52.248000,5.01,5.0,5.01,2039200.0
2018-01-25 10:51:55.526000,5.01,5.0,5.01,2039200.0
2018-01-25 10:51:59.147000,5.01,5.0,5.01,2039200.0
2018-01-25 10:52:02.510000,5.01,5.0,5.01,2039200.0
2018-01-25 10:52:06.185000,5.01,5.0,5.01,2039200.0
2018-01-25 10:52:09.601000,5.01,5.0,5.01,2039200.0
2018-01-25 10:52:12.971000,5.01,5.0,5.01,2039200.0
2018-01-25 10:52:16.099000,5.01,5.0,5.01,2039200.0
2018-01-25 10:52:19.252000,5.01,5.0,5.01,2039200.0
2018-01-25 10:52:22.488000,5.01,5.0,5.01,2039200.0
2018-01-25 10:52:25.678000,5.01,5.0,5.01,2039200.0
2018-01-25 10:52:29.077000,5.01,5.0,5.01,2039200.0
2018-01-25 10:52:32.436000,5.01,5.0,5.01,2039200.0
2018-01-25 10:52:35.533000,5.01,5.0,5.01,2039200.0
2018-01-25 10:52:39.265000,5.01,5.0,5.01,2039200.0
2018-01-25 10:52:42.917000,5.01,5.0,5.01,2039200.0
2018-01-25 10:52:46.236000,5.01,5.0,5.01,2039200.0
2018-01-25 10:52:49.256000,5.01,5.0,5.01,2039200.0
2018-01-25 10:52:51.845000,5.01,5.0,5.01,2039200.0
2018-01-25 10:52:54.296000,5.01,5.0,5.01,2039200.0
2018-01-25 10:52:56.740000,5.01,5.0,5.01,2039200.0
2018-01-25 10:52:59.094000,5.01,5.0,5.01,2039200.0
2018-01-25 10:53:01.692000,5.01,5.0,5.01,2039200.0
2018-01-25 10:53:04.103000,5.01,5.0,5.01,2039200.0
2018-01-25 10:53:06.271000,5.01,5.0,5.01,2039200.0
2018-01-25 10:53:08.648000,5.01,5.0,5.01,2039200.0
2018-01-25 10:53:10.974000,5.01,5.0,5.01,2039200.0
2018-01-25 10:53:13.210000,5.01,5.0,5.01,2039200.0
2018-01-25 10:53:16.035000,5.01,5.0,5.01,2039200.0
2018-01-25 10:53:18.472000,5.01,5.0,5.01,2039200.0
2018-01-25 10:53:24.914000,,,,
2018-01-25 10:53:27.340000,5.01,5.0,5.01,2039200.0
2018-01-25 10:53:29.602000,5.01,5.0,5.01,2041200.0
2018-01-25 10:53:32.014000,5.01,5.0,5.01,2041200.0
2018-01-25 10:53:34.572000,5.01,5.0,5.01,2041200.0
2018-01-25 10:53:36.904000,5.01,5.0,5.01,2041200.0
2018-01-25 10:53:39.169000,5.01,5.0,5.01,2041200.0
2018-01-25 10:53:43.411000,5.01,5.0,5.01,2041200.0
2018-01-25 10:53:47.296000,5.01,5.0,5.01,2041200.0
2018-01-25 10:53:50.825000,5.01,5.0,5.01,2041200.0
2018-01-25 10:53:54.579000,5.01,5.0,5.01,2041200.0
2018-01-25 10:53:58.297000,5.01,5.0,5.01,2041200.0
2018-01-25 10:54:01.338000,5.01,5.0,5.01,2041200.0
2018-01-25 10:54:05.378000,5.01,5.0,5.01,2041200.0
2018-01-25 10:54:09.768000,5.01,5.0,5.01,2041200.0
2018-01-25 10:54:13.690000,5.01,5.0,5.01,2041200.0
2018-01-25 10:54:17.282000,5.01,5.0,5.01,2041200.0
2018-01-25 10:54:20.795000,5.01,5.0,5.01,2041200.0
2018-01-25 10:54:24.202000,5.01,5.0,5.01,2041200.0
2018-01-25 10:54:27.328000,5.01,5.0,5.01,2041200.0
2018-01-25 10:54:30.735000,5.01,5.0,5.01,2041200.0
2018-01-25 10:54:33.979000,5.01,5.0,5.01,2041200.0
2018-01-25 10:54:37.103000,5.01,5.0,5.01,2041200.0
2018-01-25 10:54:40.263000,5.01,5.0,5.01,2041200.0
2018-01-25 10:54:43.704000,5.01,5.0,5.01,2041200.0
2018-01-25 10:54:47.359000,5.01,5.0,5.01,2041200.0
2018-01-25 10:54:50.640000,5.01,5.0,5.01,2041200.0
2018-01-25 10:54:54.303000,5.01,5.0,5.01,2041200.0
2018-01-25 10:54:57.952000,5.01,5.0,5.01,2041200.0
2018-01-25 10:55:01.328000,5.01,5.0,5.01,2041200.0
2018-01-25 10:55:05.524000,5.01,5.0,5.01,2041200.0
2018-01-25 10:55:10.190000,5.01,5.0,5.01,2041200.0
2018-01-25 10:55:21.029000,5.01,5.0,5.01,2041200.0
2018-01-25 10:55:27.517000,5.01,5.0,5.01,2041200.0
2018-01-25 10:55:35.661000,5.01,5.0,5.01,2041200.0
2018-01-25 10:55:41.447000,5.01,5.0,5.01,2041200.0
2018-01-25 10:55:50.192000,5.01,5.0,5.01,2041200.0
2018-01-25 10:55:58.929000,5.01,5.0,5.01,2041200.0
2018-01-25 10:56:06.464000,5.01,5.0,5.01,2041200.0
2018-01-25 10:56:15.806000,5.01,5.0,5.01,2041200.0
2018-01-25 10:56:20.460000,5.01,5.0,5.01,2041200.0
2018-01-25 10:56:24.155000,5.01,5.0,5.01,2041200.0
2018-01-25 10:56:30.655000,5.01,5.0,5.01,2041200.0
2018-01-25 10:56:37.877000,5.01,5.0,5.01,2041200.0
2018-01-25 10:56:44.662000,5.01,5.0,5.01,2041200.0
2018-01-25 10:56:58.485000,5.01,5.0,5.01,2041200.0
2018-01-25 10:57:01.746000,5.01,5.0,5.01,2041200.0
2018-01-25 10:57:04.727000,5.01,5.0,5.01,2041200.0
2018-01-25 10:57:07.691000,5.01,5.0,5.01,2041200.0
2018-01-25 10:57:10.606000,5.01,5.0,5.01,2041200.0
2018-01-25 10:57:13.445000,5.01,5.0,5.01,2041200.0
2018-01-25 10:57:16.448000,5.0,5.0,5.01,2241200.0
2018-01-25 10:57:20.773000,5.0,5.0,5.01,2241200.0
2018-01-25 10:57:24.699000,5.0,5.0,5.01,2241200.0
2018-01-25 10:57:29.183000,5.0,5.0,5.01,2241200.0
2018-01-25 10:57:33.170000,5.0,5.0,5.01,2241200.0
2018-01-25 10:57:36.954000,5.0,5.0,5.01,2241200.0
2018-01-25 10:57:41.767000,5.0,5.0,5.01,2241200.0
2018-01-25 10:57:45.557000,5.0,5.0,5.01,2241200.0
2018-01-25 10:57:50.536000,5.0,5.0,5.01,2241200.0
2018-01-25 10:57:54.576000,5.0,4.99,5.01,2241200.0
2018-01-25 10:57:58.789000,5.0,4.99,5.01,2241200.0
2018-01-25 10:58:03.020000,5.0,4.99,5.01,2241200.0
2018-01-25 10:58:07.217000,5.0,4.99,5.01,2241200.0
2018-01-25 10:58:13.004000,5.0,4.99,5.01,2241200.0
2018-01-25 10:58:16.841000,5.0,4.99,5.01,2241200.0
2018-01-25 10:58:21.409000,5.0,4.99,5.01,2241200.0
2018-01-25 10:58:26.712000,5.0,4.99,5.01,2261200.0
2018-01-25 10:58:43.381000,5.0,5.0,5.01,2261200.0
2018-01-25 10:58:48.507000,5.0,5.0,5.01,2261200.0
2018-01-25 10:58:55.739000,5.0,5.0,5.01,2261200.0
2018-01-25 10:59:02.313000,5.0,5.0,5.01,2261200.0
2018-01-25 10:59:10.010000,5.0,5.0,5.01,2261200.0
2018-01-25 10:59:15.433000,5.0,5.0,5.01,2261200.0
2018-01-25 10:59:19.440000,5.0,5.0,5.01,2261200.0
2018-01-25 10:59:23.742000,5.0,5.0,5.01,2261200.0
2018-01-25 10:59:27.882000,5.0,5.0,5.01,2261200.0
2018-01-25 10:59:32.788000,5.0,5.0,5.01,2261200.0
2018-01-25 10:59:37.884000,5.0,5.0,5.01,2261200.0
2018-01-25 10:59:42.315000,5.0,5.0,5.01,2261200.0
2018-01-25 10:59:46.453000,5.0,4.99,5.01,2291200.0
2018-01-25 10:59:51.287000,5.0,4.99,5.01,2291200.0
2018-01-25 10:59:55.353000,5.0,4.99,5.01,2291200.0
2018-01-25 10:59:59.593000,5.0,4.99,5.01,2291200.0
2018-01-25 11:00:04.234000,5.0,4.99,5.01,2291200.0
2018-01-25 11:00:07.772000,5.0,4.99,5.01,2291200.0
2018-01-25 11:00:10.836000,5.0,4.99,5.01,2291200.0
2018-01-25 11:00:13.625000,5.0,4.99,5.01,2291200.0
2018-01-25 11:00:16.628000,5.0,4.99,5.01,2291200.0
2018-01-25 11:00:19.272000,5.0,4.99,5.01,2291200.0
2018-01-25 11:00:22.200000,5.0,4.99,5.01,2291200.0
2018-01-25 11:00:25.239000,5.0,4.99,5.01,2291200.0
2018-01-25 11:00:28.479000,5.0,4.99,5.01,2291200.0
2018-01-25 11:00:31.480000,5.0,4.99,5.01,2291200.0
2018-01-25 11:00:34.417000,5.0,4.99,5.01,2291200.0
2018-01-25 11:00:37.343000,5.0,4.99,5.01,2291200.0
2018-01-25 11:00:40.416000,5.0,4.99,5.01,2291200.0
2018-01-25 11:00:43.508000,5.0,4.99,5.01,2291200.0
2018-01-25 11:00:46.574000,5.0,4.99,5.01,2291200.0
2018-01-25 11:00:49.578000,5.0,4.99,5.01,2291200.0
2018-01-25 11:00:52.702000,5.0,4.99,5.01,2291200.0
2018-01-25 11:00:55.703000,5.0,4.99,5.01,2291200.0
2018-01-25 11:00:58.669000,5.0,4.99,5.01,2291200.0
2018-01-25 11:01:01.644000,5.0,4.99,5.01,2291200.0
2018-01-25 11:01:04.692000,5.0,4.99,5.01,2291200.0
2018-01-25 11:01:07.497000,5.0,4.99,5.01,2291200.0
2018-01-25 11:01:10.368000,5.0,4.99,5.01,2291200.0
2018-01-25 11:01:13.376000,5.0,4.99,5.01,2291200.0
2018-01-25 11:01:16.676000,5.0,4.99,5.01,2291200.0
2018-01-25 11:01:19.686000,5.0,4.99,5.01,2291200.0
2018-01-25 11:01:22.640000,5.0,4.99,5.01,2291200.0
2018-01-25 11:01:25.947000,5.0,4.99,5.01,2291200.0
2018-01-25 11:01:29.341000,5.0,4.99,5.01,2291200.0
2018-01-25 11:01:32.376000,5.0,4.99,5.01,2291200.0
2018-01-25 11:01:35.647000,5.0,4.99,5.01,2291200.0
2018-01-25 11:01:38.743000,5.0,4.99,5.01,2291200.0
2018-01-25 11:01:41.654000,5.0,4.99,5.01,2291200.0
2018-01-25 11:01:44.697000,5.0,4.99,5.01,2291200.0
2018-01-25 11:01:47.718000,5.0,4.99,5.01,2291200.0
2018-01-25 11:01:50.775000,5.0,4.99,5.01,2291200.0
2018-01-25 11:01:53.710000,5.0,4.99,5.01,2291200.0
2018-01-25 11:01:57.189000,5.0,4.99,5.01,2291200.0
2018-01-25 11:02:00.123000,5.0,4.99,5.01,2291200.0
2018-01-25 11:02:03.075000,5.0,4.99,5.01,2291200.0
2018-01-25 11:02:06.109000,5.0,4.99,5.01,2291200.0
2018-01-25 11:02:09.127000,5.0,4.99,5.01,2291200.0
2018-01-25 11:02:12.317000,5.0,4.99,5.01,2291200.0
2018-01-25 11:02:15.193000,5.0,4.99,5.01,2291200.0
2018-01-25 11:02:18.178000,5.0,4.99,5.01,2291200.0
2018-01-25 11:02:21.293000,5.0,4.99,5.01,2291200.0
2018-01-25 11:02:24.300000,5.0,4.99,5.01,2291200.0
2018-01-25 11:02:27.139000,5.0,4.99,5.01,2291200.0
2018-01-25 11:02:30.302000,5.0,4.99,5.01,2291200.0
2018-01-25 11:02:33.070000,5.0,4.99,5.01,2291200.0
2018-01-25 11:02:35.896000,5.0,4.99,5.01,2291200.0
2018-01-25 11:02:38.887000,5.0,4.99,5.01,2291200.0
2018-01-25 11:02:41.759000,5.0,4.99,5.01,2291200.0
2018-01-25 11:02:45.063000,5.0,4.99,5.01,2291200.0
2018-01-25 11:02:47.951000,5.0,4.99,5.01,2291200.0
2018-01-25 11:02:51.427000,5.0,4.99,5.01,2291200.0
2018-01-25 11:02:54.657000,5.0,4.99,5.01,2291200.0
2018-01-25 11:02:57.646000,5.0,4.99,5.01,2291200.0
2018-01-25 11:03:00.594000,5.0,4.99,5.01,2291200.0
2018-01-25 11:03:03.422000,5.0,4.99,5.01,2291200.0
2018-01-25 11:03:06.440000,5.0,4.99,5.01,2291200.0
2018-01-25 11:03:09.360000,5.0,4.99,5.01,2291200.0
2018-01-25 11:03:12.263000,5.0,4.99,5.01,2291200.0
2018-01-25 11:03:15.180000,5.0,4.99,5.01,2291200.0
2018-01-25 11:03:18.358000,5.0,4.99,5.01,2291200.0
2018-01-25 11:03:21.182000,5.0,4.99,5.01,2291200.0
2018-01-25 11:03:24.407000,5.0,4.99,5.01,2291200.0
2018-01-25 11:03:27.492000,5.0,4.99,5.01,2291200.0
2018-01-25 11:03:30.451000,5.0,4.99,5.01,2291200.0
2018-01-25 11:03:33.412000,5.0,4.99,5.01,2291200.0
2018-01-25 11:03:36.510000,5.0,4.99,5.01,2291200.0
2018-01-25 11:03:39.477000,5.0,4.99,5.01,2291200.0
2018-01-25 11:03:42.725000,5.0,4.99,5.01,2291200.0
2018-01-25 11:03:46.895000,5.0,4.99,5.01,2291200.0
2018-01-25 11:03:49.939000,5.0,4.99,5.01,2291200.0
2018-01-25 11:03:52.954000,5.0,4.99,5.01,2291200.0
2018-01-25 11:03:55.914000,5.0,4.99,5.01,2291200.0
2018-01-25 11:03:58.913000,5.0,4.99,5.01,2291200.0
2018-01-25 11:04:01.885000,5.0,4.99,5.01,2291200.0
2018-01-25 11:04:04.866000,5.0,4.99,5.01,2291200.0
2018-01-25 11:04:07.841000,5.0,4.99,5.01,2291200.0
2018-01-25 11:04:10.856000,5.0,4.99,5.01,2291200.0
2018-01-25 11:04:13.732000,5.0,4.99,5.01,2291200.0
2018-01-25 11:04:16.652000,5.0,4.99,5.01,2291200.0
2018-01-25 11:04:19.549000,5.0,4.99,5.01,2291200.0
2018-01-25 11:04:22.496000,5.0,4.99,5.01,2291200.0
2018-01-25 11:04:25.704000,5.0,4.99,5.01,2291200.0
2018-01-25 11:04:28.978000,5.0,4.99,5.01,2291200.0
2018-01-25 11:04:31.934000,5.0,4.99,5.0,2291200.0
2018-01-25 11:04:35.195000,5.0,4.99,5.0,2291200.0
2018-01-25 11:04:38.358000,5.0,4.99,5.0,2291200.0
2018-01-25 11:04:41.493000,5.0,4.99,5.0,2291200.0
2018-01-25 11:04:44.384000,5.0,4.99,5.0,2291200.0
2018-01-25 11:04:47.380000,5.0,4.99,5.0,2291200.0
2018-01-25 11:04:50.286000,5.0,4.99,5.0,2291200.0
2018-01-25 11:04:53.191000,5.0,4.99,5.0,2291200.0
2018-01-25 11:04:56.076000,5.0,4.99,5.0,2291200.0
2018-01-25 11:04:58.985000,5.0,4.99,5.0,2291200.0
2018-01-25 11:05:02.101000,5.0,4.99,5.0,2291200.0
2018-01-25 11:05:05.333000,5.0,4.99,5.0,2291200.0
2018-01-25 11:05:08.314000,5.0,4.99,5.0,2291200.0
2018-01-25 11:05:11.219000,5.0,4.99,5.0,2291200.0
2018-01-25 11:05:14.063000,5.0,4.99,5.0,2291200.0
2018-01-25 11:05:16.847000,5.0,4.99,5.0,2291200.0
2018-01-25 11:05:19.753000,5.0,4.99,5.0,2291200.0
2018-01-25 11:05:22.701000,5.0,4.99,5.0,2291200.0
2018-01-25 11:05:25.597000,5.0,4.99,5.0,2291200.0
2018-01-25 11:05:28.531000,5.0,4.99,5.0,2291200.0
2018-01-25 11:05:31.505000,5.0,4.99,5.0,2291200.0
2018-01-25 11:05:34.573000,5.0,4.99,5.0,2291200.0
2018-01-25 11:05:37.412000,5.0,4.99,5.0,2291200.0
2018-01-25 11:05:40.456000,5.0,4.99,5.0,2291200.0
2018-01-25 11:05:43.283000,5.0,4.99,5.0,2291200.0
2018-01-25 11:05:46.217000,5.0,4.99,5.0,2291200.0
2018-01-25 11:05:49.144000,5.0,4.99,5.0,2291200.0
2018-01-25 11:05:52.197000,5.0,4.99,5.0,2291200.0
2018-01-25 11:05:55.243000,5.0,4.99,5.0,2291200.0
2018-01-25 11:05:58.053000,5.0,4.99,5.0,2291200.0
2018-01-25 11:06:00.836000,5.0,4.99,5.0,2291200.0
2018-01-25 11:06:03.831000,5.0,4.99,5.0,2291200.0
2018-01-25 11:06:06.725000,5.0,4.99,5.0,2291200.0
2018-01-25 11:06:09.594000,5.0,4.99,5.0,2291200.0
2018-01-25 11:06:12.666000,5.0,4.99,5.0,2291200.0
2018-01-25 11:06:15.723000,5.0,4.99,5.0,2291200.0
2018-01-25 11:06:18.802000,5.0,4.99,5.0,2291200.0
2018-01-25 11:06:21.868000,5.0,4.99,5.0,2291200.0
2018-01-25 11:06:25.114000,5.0,4.99,5.0,2291200.0
2018-01-25 11:06:27.990000,5.0,4.99,5.0,2291200.0
2018-01-25 11:06:30.895000,5.0,4.99,5.0,2291200.0
2018-01-25 11:06:34.267000,5.0,4.99,5.0,2291200.0
2018-01-25 11:06:37.213000,5.0,4.99,5.0,2291200.0
2018-01-25 11:06:39.989000,5.0,4.99,5.0,2291200.0
2018-01-25 11:06:42.821000,5.0,4.99,5.0,2291200.0
2018-01-25 11:06:46.016000,5.0,4.99,5.0,2291200.0
2018-01-25 11:06:49.066000,5.0,4.99,5.0,2291200.0
2018-01-25 11:06:51.911000,5.0,4.99,5.0,2291200.0
2018-01-25 11:06:55.021000,5.0,4.99,5.0,2291200.0
2018-01-25 11:06:57.849000,5.0,4.99,5.0,2291200.0
2018-01-25 11:07:01.710000,5.0,4.99,5.0,2291200.0
2018-01-25 11:07:04.659000,5.0,4.99,5.0,2291200.0
2018-01-25 11:07:07.808000,4.99,4.99,5.0,2293200.0
2018-01-25 11:07:10.670000,4.99,4.99,5.0,2293200.0
2018-01-25 11:07:13.533000,4.99,4.99,5.0,2293200.0
2018-01-25 11:07:16.469000,4.99,4.99,5.0,2293200.0
2018-01-25 11:07:19.275000,4.99,4.99,5.0,2293200.0
2018-01-25 11:07:22.256000,4.99,4.99,5.0,2293200.0
2018-01-25 11:07:25.124000,4.99,4.99,5.0,2293200.0
2018-01-25 11:07:27.774000,4.99,4.99,5.0,2293200.0
2018-01-25 11:07:30.825000,4.99,4.99,5.0,2293200.0
2018-01-25 11:07:33.771000,4.99,4.99,5.0,2293200.0
2018-01-25 11:07:36.576000,4.99,4.99,5.0,2293200.0
2018-01-25 11:07:39.230000,4.99,4.99,5.0,2293200.0
2018-01-25 11:07:41.961000,4.99,4.99,5.0,2293200.0
2018-01-25 11:07:44.709000,4.99,4.99,5.0,2293200.0
2018-01-25 11:07:47.702000,4.99,4.99,5.0,2293200.0
2018-01-25 11:07:50.355000,4.99,4.99,5.0,2293200.0
2018-01-25 11:07:53.062000,4.99,4.99,5.0,2293200.0
2018-01-25 11:07:56.228000,4.99,4.99,5.0,2293200.0
2018-01-25 11:07:58.959000,4.99,4.99,5.0,2293200.0
2018-01-25 11:08:01.688000,4.99,4.99,5.0,2293200.0
2018-01-25 11:08:04.545000,4.99,4.99,5.0,2293200.0
2018-01-25 11:08:07.237000,4.99,4.99,5.0,2293200.0
2018-01-25 11:08:10.107000,4.99,4.99,5.0,2293200.0
2018-01-25 11:08:13.069000,4.99,4.99,5.0,2293200.0
2018-01-25 11:08:15.985000,4.99,4.99,5.0,2293200.0
2018-01-25 11:08:18.879000,4.99,4.99,5.0,2293200.0
2018-01-25 11:08:21.747000,4.99,4.99,5.0,2293200.0
2018-01-25 11:08:24.496000,4.99,4.99,5.0,2293200.0
2018-01-25 11:08:27.253000,4.99,4.99,5.0,2293200.0
2018-01-25 11:08:30.012000,4.99,4.99,5.0,2293200.0
2018-01-25 11:08:32.785000,4.99,4.99,5.0,2293200.0
2018-01-25 11:08:35.678000,4.99,4.99,5.0,2293200.0
2018-01-25 11:08:38.786000,4.99,4.99,5.0,2293200.0
2018-01-25 11:08:41.761000,4.99,4.99,5.0,2293200.0
2018-01-25 11:08:44.787000,4.99,4.99,5.0,2293200.0
2018-01-25 11:08:47.678000,4.99,4.99,5.0,2293200.0
2018-01-25 11:08:50.914000,4.99,4.99,5.0,2293200.0
2018-01-25 11:08:53.850000,4.99,4.99,5.0,2293200.0
2018-01-25 11:08:56.636000,4.99,4.99,5.0,2293200.0
2018-01-25 11:08:59.633000,4.99,4.99,5.0,2293200.0
2018-01-25 11:09:02.566000,4.99,4.99,5.0,2293200.0
2018-01-25 11:09:05.402000,4.99,4.99,5.0,2293200.0
2018-01-25 11:09:08.281000,4.99,4.99,5.0,2293200.0
2018-01-25 11:09:11.159000,4.99,4.99,5.0,2293200.0
2018-01-25 11:09:13.930000,4.99,4.99,5.0,2293200.0
2018-01-25 11:09:16.979000,4.99,4.99,5.0,2293200.0
2018-01-25 11:09:19.900000,4.99,4.99,5.0,2293200.0
2018-01-25 11:09:23.119000,4.99,4.99,5.0,2293200.0
2018-01-25 11:09:26.204000,4.99,4.99,5.0,2293200.0
2018-01-25 11:09:29.184000,4.99,4.99,5.0,2293200.0
2018-01-25 11:09:32.031000,4.99,4.99,5.0,2293200.0
2018-01-25 11:09:35.054000,4.99,4.99,5.0,2293200.0
2018-01-25 11:09:37.875000,4.99,4.99,5.0,2293200.0
2018-01-25 11:09:40.699000,4.99,4.99,5.0,2293200.0
2018-01-25 11:09:43.710000,4.99,4.99,5.0,2293200.0
2018-01-25 11:09:46.636000,4.99,4.99,5.0,2293200.0
2018-01-25 11:09:49.568000,4.99,4.99,5.0,2293200.0
2018-01-25 11:09:52.494000,4.99,4.99,5.0,2293200.0
2018-01-25 11:09:55.558000,4.99,4.99,5.0,2293200.0
2018-01-25 11:09:58.538000,4.99,4.99,5.0,2293200.0
2018-01-25 11:10:01.508000,4.99,4.99,5.0,2293200.0
2018-01-25 11:10:04.462000,4.99,4.99,5.0,2293200.0
2018-01-25 11:10:07.331000,4.99,4.99,5.0,2293200.0
2018-01-25 11:10:10.241000,4.99,4.99,5.0,2293200.0
2018-01-25 11:10:13.182000,4.99,4.99,5.0,2293200.0
2018-01-25 11:10:16.079000,4.99,4.99,5.0,2293200.0
2018-01-25 11:10:18.835000,4.99,4.99,5.0,2293200.0
2018-01-25 11:10:21.994000,4.99,4.99,5.0,2293200.0
2018-01-25 11:10:27.811000,4.99,4.99,5.0,2293200.0
2018-01-25 11:10:30.761000,4.99,4.99,5.0,2293200.0
2018-01-25 11:10:33.664000,4.99,4.99,5.0,2293200.0
2018-01-25 11:10:38.243000,4.99,4.99,5.0,2293200.0
2018-01-25 11:10:41.416000,4.99,4.99,5.0,2293200.0
2018-01-25 11:10:45.289000,4.99,4.99,5.0,2293200.0
2018-01-25 11:10:48.560000,4.99,4.99,5.0,2293200.0
2018-01-25 11:10:51.653000,4.99,4.99,5.0,2293200.0
2018-01-25 11:10:54.948000,4.99,4.99,5.0,2293200.0
2018-01-25 11:10:58.206000,4.99,4.99,5.0,2293200.0
2018-01-25 11:11:01.433000,4.99,4.99,5.0,2293200.0
2018-01-25 11:11:04.526000,4.99,4.99,5.0,2293200.0
2018-01-25 11:11:07.583000,4.99,4.99,5.0,2293200.0
2018-01-25 11:11:10.682000,4.99,4.99,5.0,2293200.0
2018-01-25 11:11:13.714000,4.99,4.99,5.0,2293200.0
2018-01-25 11:11:16.638000,4.99,4.99,5.0,2293200.0
2018-01-25 11:11:19.639000,4.99,4.99,5.0,2293200.0
2018-01-25 11:11:22.793000,4.99,4.99,5.0,2293200.0
2018-01-25 11:11:25.686000,4.99,4.99,5.0,2293200.0
2018-01-25 11:11:28.744000,4.99,4.99,5.0,2293200.0
2018-01-25 11:11:31.967000,4.99,4.99,5.0,2293200.0
2018-01-25 11:11:34.870000,4.99,4.99,5.0,2293200.0
2018-01-25 11:11:37.784000,4.99,4.99,5.0,2293200.0
2018-01-25 11:11:40.741000,4.99,4.99,5.0,2293200.0
2018-01-25 11:11:43.682000,4.99,4.99,5.0,2293200.0
2018-01-25 11:11:46.849000,4.99,4.99,5.0,2293200.0
2018-01-25 11:11:50.061000,4.99,4.99,5.0,2293200.0
2018-01-25 11:11:53.030000,4.99,4.99,5.0,2293200.0
2018-01-25 11:11:55.981000,4.99,4.99,5.0,2293200.0
2018-01-25 11:11:59.009000,4.99,4.99,5.0,2293200.0
2018-01-25 11:12:02.049000,4.99,4.99,5.0,2293200.0
2018-01-25 11:12:04.979000,4.99,4.99,5.0,2293200.0
2018-01-25 11:12:08.144000,4.99,4.99,5.0,2293200.0
2018-01-25 11:12:11.134000,4.99,4.99,5.0,2293200.0
2018-01-25 11:12:14.058000,4.99,4.99,5.0,2293200.0
2018-01-25 11:12:16.919000,4.99,4.99,5.0,2293200.0
2018-01-25 11:12:19.935000,4.99,4.99,5.0,2293200.0
2018-01-25 11:12:25.207000,4.99,4.99,5.0,2293200.0
2018-01-25 11:12:31.060000,4.99,4.99,5.0,2293200.0
2018-01-25 11:12:34.431000,4.99,4.99,5.0,2293200.0
2018-01-25 11:12:38.530000,4.99,4.99,5.0,2293200.0
2018-01-25 11:12:43.523000,4.99,4.99,5.0,2293200.0
2018-01-25 11:12:47.269000,4.99,4.99,5.0,2293200.0
2018-01-25 11:12:50.274000,4.99,4.99,5.0,2293200.0
2018-01-25 11:12:53.258000,4.99,4.99,5.0,2293200.0
2018-01-25 11:12:56.573000,4.99,4.99,5.0,2293200.0
2018-01-25 11:12:59.808000,4.99,4.99,5.0,2293200.0
2018-01-25 11:13:08.617000,4.99,4.99,5.0,2293200.0
2018-01-25 11:13:15.670000,4.99,4.99,5.0,2293200.0
2018-01-25 11:13:22.702000,4.99,4.99,5.0,2293200.0
2018-01-25 11:13:26.330000,4.99,4.99,5.0,2293200.0
2018-01-25 11:13:29.543000,4.99,4.99,5.0,2293200.0
2018-01-25 11:13:32.642000,4.99,4.99,5.0,2293200.0
2018-01-25 11:13:35.875000,4.99,4.99,5.0,2293200.0
2018-01-25 11:13:38.887000,4.99,4.99,5.0,2293200.0
2018-01-25 11:13:41.698000,4.99,4.99,5.0,2293200.0
2018-01-25 11:13:44.763000,4.99,4.99,5.0,2293200.0
2018-01-25 11:13:47.765000,4.99,4.99,5.0,2293200.0
2018-01-25 11:13:50.928000,4.99,4.99,5.0,2293200.0
2018-01-25 11:13:53.951000,4.99,4.99,5.0,2293200.0
2018-01-25 11:13:57.130000,4.99,4.99,5.0,2293200.0
2018-01-25 11:14:00.274000,4.99,4.99,5.0,2293200.0
2018-01-25 11:14:03.368000,4.99,4.99,5.0,2293200.0
2018-01-25 11:14:06.392000,4.99,4.99,5.0,2293200.0
2018-01-25 11:14:09.064000,4.99,4.99,5.0,2293200.0
2018-01-25 11:14:11.971000,4.99,4.99,5.0,2293200.0
2018-01-25 11:14:14.860000,4.99,4.99,5.0,2293200.0
2018-01-25 11:14:17.776000,4.99,4.99,5.0,2293200.0
2018-01-25 11:14:20.503000,4.99,4.99,5.0,2293200.0
2018-01-25 11:14:23.233000,4.99,4.99,5.0,2293200.0
2018-01-25 11:14:26.083000,4.99,4.99,5.0,2293200.0
2018-01-25 11:14:29.013000,4.99,4.99,5.0,2293200.0
2018-01-25 11:14:32.137000,4.99,4.99,5.0,2293200.0
2018-01-25 11:14:34.918000,4.99,4.99,5.0,2293200.0
2018-01-25 11:14:37.727000,4.99,4.99,5.0,2293200.0
2018-01-25 11:14:40.518000,4.99,4.99,5.0,2293200.0
2018-01-25 11:14:43.290000,4.99,4.99,5.0,2293200.0
2018-01-25 11:14:46.001000,4.99,4.99,5.0,2293200.0
2018-01-25 11:14:48.690000,4.99,4.99,5.0,2293200.0
2018-01-25 11:14:51.536000,4.99,4.99,5.0,2293200.0
2018-01-25 11:14:54.430000,4.99,4.99,5.0,2293200.0
2018-01-25 11:14:57.287000,4.99,4.99,5.0,2293200.0
2018-01-25 11:15:00.173000,4.99,4.99,5.0,2293200.0
2018-01-25 11:15:03.144000,4.99,4.99,5.0,2293200.0
2018-01-25 11:15:05.953000,4.99,4.99,5.0,2293200.0
2018-01-25 11:15:08.884000,4.99,4.99,5.0,2293200.0
2018-01-25 11:15:12.229000,4.99,4.99,5.0,2293200.0
2018-01-25 11:15:15.087000,4.99,4.99,5.0,2293200.0
2018-01-25 11:15:17.840000,4.99,4.99,5.0,2293200.0
2018-01-25 11:15:20.813000,4.99,4.99,5.0,2293200.0
2018-01-25 11:15:23.401000,4.99,4.99,5.0,2293200.0
2018-01-25 11:15:26.260000,4.99,4.99,5.0,2293200.0
2018-01-25 11:15:29.172000,4.99,4.99,5.0,2293200.0
2018-01-25 11:15:32.439000,4.99,4.99,5.0,2293200.0
2018-01-25 11:15:35.244000,4.99,4.99,5.0,2293200.0
2018-01-25 11:15:38.374000,4.99,4.99,5.0,2293200.0
2018-01-25 11:15:41.129000,4.99,4.99,5.0,2293200.0
2018-01-25 11:15:44.406000,4.99,4.99,5.0,2293200.0
2018-01-25 11:15:47.336000,4.99,4.99,5.0,2293200.0
2018-01-25 11:15:50.237000,4.99,4.99,5.0,2293200.0
2018-01-25 11:15:52.943000,4.99,4.99,5.0,2293200.0
2018-01-25 11:15:55.939000,4.99,4.99,5.0,2293200.0
2018-01-25 11:15:58.917000,4.99,4.99,5.0,2293200.0
2018-01-25 11:16:02.121000,4.99,4.99,5.0,2293200.0
2018-01-25 11:16:05.255000,4.99,4.99,5.0,2293200.0
2018-01-25 11:16:08.038000,4.99,4.99,5.0,2293200.0
2018-01-25 11:16:10.766000,4.99,4.99,5.0,2293200.0
2018-01-25 11:16:13.504000,4.99,4.99,5.0,2293200.0
2018-01-25 11:16:16.702000,4.99,4.99,5.0,2293200.0
2018-01-25 11:16:19.531000,4.99,4.99,5.0,2293200.0
2018-01-25 11:16:22.227000,4.99,4.99,5.0,2293200.0
2018-01-25 11:16:24.937000,4.99,4.99,5.0,2293200.0
2018-01-25 11:16:27.681000,4.99,4.99,5.0,2293200.0
2018-01-25 11:16:30.615000,4.99,4.99,5.0,2293200.0
2018-01-25 11:16:34.252000,4.99,4.99,5.0,2293200.0
2018-01-25 11:16:37.144000,4.99,4.99,5.0,2293200.0
2018-01-25 11:16:40.624000,4.99,4.99,5.0,2293200.0
2018-01-25 11:16:43.347000,4.99,4.99,5.0,2398200.0
2018-01-25 11:16:45.998000,4.99,4.99,5.0,2398200.0
2018-01-25 11:16:48.696000,4.99,4.99,5.0,2398200.0
2018-01-25 11:16:51.288000,4.99,4.99,5.0,2398200.0
2018-01-25 11:16:54.220000,4.99,4.99,5.0,2398200.0
2018-01-25 11:16:56.947000,4.99,4.99,5.0,2398200.0
2018-01-25 11:16:59.845000,4.99,4.99,5.0,2398200.0
2018-01-25 11:17:02.821000,4.99,4.99,5.0,2398200.0
2018-01-25 11:17:05.382000,4.99,4.99,5.0,2398200.0
2018-01-25 11:17:08.022000,4.99,4.99,5.0,2398200.0
2018-01-25 11:17:10.710000,4.99,4.99,5.0,2398200.0
2018-01-25 11:17:13.364000,4.99,4.99,5.0,2398200.0
2018-01-25 11:17:16.023000,4.99,4.99,5.0,2398200.0
2018-01-25 11:17:18.846000,4.99,4.99,5.0,2398200.0
2018-01-25 11:17:21.482000,4.99,4.99,5.0,2398200.0
2018-01-25 11:17:24.331000,4.99,4.99,5.0,2398200.0
2018-01-25 11:17:27.332000,4.99,4.99,5.0,2398200.0
2018-01-25 11:17:30.042000,4.99,4.99,5.0,2398200.0
2018-01-25 11:17:32.759000,4.99,4.99,5.0,2398200.0
2018-01-25 11:17:35.785000,4.99,4.99,5.0,2398200.0
2018-01-25 11:17:38.604000,4.99,4.99,5.0,2398200.0
2018-01-25 11:17:41.361000,4.99,4.99,5.0,2398200.0
2018-01-25 11:17:44.346000,4.99,4.99,5.0,2398200.0
2018-01-25 11:17:47.331000,4.99,4.99,5.0,2398200.0
2018-01-25 11:17:50.034000,4.99,4.99,5.0,2398200.0
2018-01-25 11:17:52.917000,4.99,4.99,5.0,2398200.0
2018-01-25 11:17:55.740000,4.99,4.99,5.0,2398200.0
2018-01-25 11:17:58.587000,4.99,4.99,5.0,2398200.0
2018-01-25 11:18:01.374000,4.99,4.99,5.0,2398200.0
2018-01-25 11:18:04.378000,4.99,4.99,5.0,2398200.0
2018-01-25 11:18:07.076000,4.99,4.99,5.0,2398200.0
2018-01-25 11:18:09.783000,4.99,4.99,5.0,2398200.0
2018-01-25 11:18:12.512000,4.99,4.99,5.0,2398200.0
2018-01-25 11:18:15.233000,4.99,4.99,5.0,2398200.0
2018-01-25 11:18:18.024000,4.99,4.99,5.0,2398200.0
2018-01-25 11:18:20.580000,4.99,4.99,5.0,2398200.0
2018-01-25 11:18:23.303000,4.99,4.99,5.0,2398200.0
2018-01-25 11:18:26.241000,4.99,4.99,5.0,2398200.0
2018-01-25 11:18:29.008000,4.99,4.99,5.0,2398200.0
2018-01-25 11:18:31.821000,4.99,4.99,5.0,2398200.0
2018-01-25 11:18:34.690000,4.99,4.99,5.0,2398200.0
2018-01-25 11:18:37.506000,4.99,4.99,5.0,2398200.0
2018-01-25 11:18:40.705000,4.99,4.99,5.0,2398200.0
2018-01-25 11:18:45.655000,4.99,4.99,5.0,2398200.0
2018-01-25 11:18:49.069000,4.99,4.99,5.0,2398200.0
2018-01-25 11:18:56.663000,4.99,4.99,5.0,2398200.0
2018-01-25 11:19:02.237000,4.99,4.99,5.0,2398200.0
2018-01-25 11:19:05.771000,4.99,4.99,5.0,2398200.0
2018-01-25 11:19:08.547000,4.99,4.99,5.0,2398200.0
2018-01-25 11:19:11.298000,4.99,4.99,5.0,2398200.0
2018-01-25 11:19:14.320000,4.99,4.99,5.0,2398200.0
2018-01-25 11:19:17.201000,4.99,4.99,5.0,2398200.0
2018-01-25 11:19:20.068000,4.99,4.99,5.0,2398200.0
2018-01-25 11:19:23.060000,4.99,4.99,5.0,2398200.0
2018-01-25 11:19:25.911000,4.99,4.99,5.0,2398200.0
2018-01-25 11:19:28.931000,4.99,4.99,5.0,2398200.0
2018-01-25 11:19:31.917000,4.99,4.99,5.0,2398200.0
2018-01-25 11:19:35.115000,4.99,4.99,5.0,2398200.0
2018-01-25 11:19:38.046000,4.99,4.99,5.0,2398200.0
2018-01-25 11:19:40.929000,4.99,4.99,5.0,2398200.0
2018-01-25 11:19:43.822000,4.99,4.99,5.0,2398200.0
2018-01-25 11:19:46.751000,4.99,4.99,5.0,2398200.0
2018-01-25 11:20:24.945000,,,,
2018-01-25 11:20:35.180000,,,,
2018-01-25 11:21:03.448000,4.99,4.99,5.0,2398200.0
2018-01-25 11:21:06.371000,4.99,4.99,5.0,2398200.0
2018-01-25 11:21:09.429000,4.99,4.99,5.0,2398200.0
2018-01-25 11:21:12.429000,4.99,4.99,5.0,2398200.0
2018-01-25 11:21:15.402000,4.99,4.99,5.0,2398200.0
2018-01-25 11:21:18.459000,4.99,4.99,5.0,2398200.0
2018-01-25 11:21:21.318000,4.99,4.99,5.0,2398200.0
2018-01-25 11:21:24.083000,4.99,4.99,5.0,2398200.0
2018-01-25 11:21:26.814000,4.99,4.99,5.0,2398200.0
2018-01-25 11:21:29.759000,4.99,4.99,5.0,2398200.0
2018-01-25 11:21:32.528000,4.99,4.99,5.0,2398200.0
2018-01-25 11:21:35.432000,4.99,4.99,5.0,2398200.0
2018-01-25 11:21:38.551000,4.99,4.99,5.0,2398200.0
2018-01-25 11:21:41.517000,4.99,4.99,5.0,2398200.0
2018-01-25 11:21:44.398000,4.99,4.99,5.0,2398200.0
2018-01-25 11:21:47.245000,4.99,4.99,5.0,2398200.0
2018-01-25 11:21:50.196000,4.99,4.99,5.0,2398200.0
2018-01-25 11:21:53.330000,4.99,4.99,5.0,2398200.0
2018-01-25 11:21:56.169000,4.99,4.99,5.0,2398200.0
2018-01-25 11:21:59.012000,4.99,4.99,5.0,2398200.0
2018-01-25 11:22:01.955000,4.99,4.99,5.0,2398200.0
2018-01-25 11:22:05.040000,4.99,4.99,5.0,2398200.0
2018-01-25 11:22:07.984000,4.99,4.99,5.0,2413300.0
2018-01-25 11:22:10.867000,4.99,4.99,5.0,2413300.0
2018-01-25 11:22:13.706000,4.99,4.99,5.0,2413300.0
2018-01-25 11:22:16.638000,4.99,4.99,5.0,2413300.0
2018-01-25 11:22:19.588000,4.99,4.99,5.0,2413300.0
2018-01-25 11:22:22.474000,4.99,4.99,5.0,2413300.0
2018-01-25 11:22:25.556000,4.99,4.98,5.0,2548400.0
2018-01-25 11:22:28.773000,4.99,4.98,5.0,2548400.0
2018-01-25 11:22:31.865000,4.99,4.98,5.0,2548400.0
2018-01-25 11:22:34.947000,4.99,4.98,5.0,2548400.0
2018-01-25 11:22:38.183000,4.99,4.98,5.0,2548400.0
2018-01-25 11:22:41.962000,4.99,4.98,5.0,2548400.0
2018-01-25 11:22:44.854000,4.99,4.98,5.0,2548400.0
2018-01-25 11:22:47.775000,4.99,4.98,5.0,2548400.0
2018-01-25 11:22:50.761000,4.99,4.98,5.0,2548400.0
2018-01-25 11:22:53.644000,4.99,4.98,5.0,2548400.0
2018-01-25 11:22:56.792000,4.99,4.98,5.0,2548400.0
2018-01-25 11:22:59.681000,4.99,4.98,5.0,2548400.0
2018-01-25 11:23:02.610000,4.99,4.98,4.99,2548400.0
2018-01-25 11:23:05.420000,4.99,4.98,4.99,2548400.0
2018-01-25 11:23:08.518000,4.99,4.98,4.99,2548400.0
2018-01-25 11:23:11.503000,4.99,4.98,4.99,2548400.0
2018-01-25 11:23:14.427000,4.99,4.98,4.99,2548400.0
2018-01-25 11:23:17.348000,4.99,4.98,4.99,2548400.0
2018-01-25 11:23:21.004000,4.99,4.98,4.99,2548400.0
2018-01-25 11:23:23.788000,4.99,4.98,4.99,2548400.0
2018-01-25 11:23:26.687000,4.99,4.98,4.99,2548400.0
2018-01-25 11:23:29.472000,4.99,4.98,4.99,2548400.0
2018-01-25 11:23:32.323000,4.99,4.98,4.99,2548400.0
2018-01-25 11:23:35.198000,4.99,4.98,4.99,2548400.0
2018-01-25 11:23:38.169000,4.99,4.98,4.99,2548400.0
2018-01-25 11:23:41.104000,4.99,4.98,4.99,2548400.0
2018-01-25 11:23:43.920000,4.99,4.98,4.99,2548400.0
2018-01-25 11:23:46.941000,4.99,4.98,4.99,2548400.0
2018-01-25 11:23:49.745000,4.99,4.98,4.99,2548400.0
2018-01-25 11:23:52.592000,4.99,4.98,4.99,2548400.0
2018-01-25 11:23:55.607000,4.98,4.98,4.99,2568400.0
2018-01-25 11:23:58.515000,4.98,4.98,4.99,2568400.0
2018-01-25 11:24:01.576000,4.98,4.98,4.99,2568400.0
2018-01-25 11:24:04.666000,4.98,4.98,4.99,2568400.0
2018-01-25 11:24:07.615000,4.98,4.98,4.99,2568400.0
2018-01-25 11:24:10.573000,4.98,4.98,4.99,2568400.0
2018-01-25 11:24:13.458000,4.98,4.98,4.99,2568400.0
2018-01-25 11:24:16.238000,4.98,4.98,4.99,2568400.0
2018-01-25 11:24:19.201000,4.98,4.98,4.99,2568400.0
2018-01-25 11:24:22.002000,4.98,4.98,4.99,2568400.0
2018-01-25 11:24:25.060000,4.98,4.98,4.99,2568400.0
2018-01-25 11:24:27.921000,4.98,4.98,4.99,2568400.0
2018-01-25 11:24:30.998000,4.98,4.98,4.99,2568400.0
2018-01-25 11:24:34.058000,4.98,4.98,4.99,2568400.0
2018-01-25 11:24:37.046000,4.98,4.98,4.99,2568400.0
2018-01-25 11:24:40.231000,4.98,4.98,4.99,2568400.0
2018-01-25 11:24:43.222000,4.98,4.98,4.99,2568400.0
2018-01-25 11:24:46.346000,4.98,4.98,4.99,2568400.0
2018-01-25 11:24:49.319000,4.98,4.98,4.99,2568400.0
2018-01-25 11:24:52.048000,4.98,4.98,4.99,2568400.0
2018-01-25 11:24:55.077000,4.98,4.98,4.99,2568400.0
2018-01-25 11:24:58.135000,4.98,4.98,4.99,2568400.0
2018-01-25 11:25:01.004000,4.98,4.98,4.99,2568400.0
2018-01-25 11:25:03.978000,4.98,4.98,4.99,2568400.0
2018-01-25 11:25:06.888000,4.98,4.98,4.99,2568400.0
2018-01-25 11:25:09.736000,4.98,4.98,4.99,2568400.0
2018-01-25 11:25:13.250000,4.98,4.98,4.99,2568400.0
2018-01-25 11:25:16.159000,4.98,4.98,4.99,2568400.0
2018-01-25 11:25:19.082000,4.98,4.98,4.99,2568400.0
2018-01-25 11:25:21.944000,4.98,4.98,4.99,2568400.0
2018-01-25 11:25:24.873000,4.98,4.98,4.99,2568400.0
2018-01-25 11:25:27.922000,4.98,4.98,4.99,2568400.0
2018-01-25 11:25:30.662000,4.98,4.98,4.99,2568400.0
2018-01-25 11:25:34.478000,4.98,4.98,4.99,2568400.0
2018-01-25 11:25:40.499000,4.98,4.98,4.99,2568400.0
2018-01-25 11:25:54.474000,4.98,4.98,4.99,2568400.0
2018-01-25 11:26:06.798000,4.98,4.98,4.99,2568400.0
2018-01-25 11:26:15.884000,4.98,4.98,4.99,2568400.0
2018-01-25 11:26:28.632000,4.98,4.98,4.99,2568400.0
2018-01-25 11:26:40.579000,4.98,4.98,4.99,2568400.0
2018-01-25 11:26:43.395000,4.98,4.98,4.99,2568400.0
2018-01-25 11:26:46.303000,4.98,4.98,4.99,2568400.0
2018-01-25 11:26:49.572000,4.98,4.98,4.99,2568400.0
2018-01-25 11:26:52.401000,4.98,4.98,4.99,2568400.0
2018-01-25 11:26:55.161000,4.98,4.98,4.99,2568400.0
2018-01-25 11:26:58.320000,4.98,4.98,4.99,2568400.0
2018-01-25 11:27:01.291000,4.98,4.98,4.99,2568400.0
2018-01-25 11:27:04.107000,4.99,4.98,4.99,2590400.0
2018-01-25 11:27:07.049000,4.99,4.98,4.99,2590400.0
2018-01-25 11:27:09.766000,4.99,4.98,4.99,2590400.0
2018-01-25 11:27:12.722000,4.99,4.98,4.99,2590400.0
2018-01-25 11:27:15.472000,4.99,4.98,4.99,2590400.0
2018-01-25 11:27:18.351000,4.99,4.98,4.99,2590400.0
2018-01-25 11:27:21.232000,4.99,4.98,4.99,2590400.0
2018-01-25 11:27:24.210000,4.99,4.98,4.99,2590400.0
2018-01-25 11:27:27.304000,4.99,4.98,4.99,2590400.0
2018-01-25 11:27:30.237000,4.99,4.98,4.99,2590400.0
2018-01-25 11:27:33.303000,4.99,4.98,4.99,2590400.0
2018-01-25 11:27:36.091000,4.99,4.98,4.99,2590400.0
2018-01-25 11:27:38.932000,4.99,4.98,4.99,2590400.0
2018-01-25 11:27:42.083000,4.99,4.98,4.99,2590400.0
2018-01-25 11:27:44.835000,4.99,4.98,4.99,2590400.0
2018-01-25 11:27:47.902000,4.99,4.99,5.0,2600400.0
2018-01-25 11:27:50.568000,4.99,4.99,5.0,2600400.0
2018-01-25 11:27:53.375000,4.99,4.99,5.0,2600400.0
2018-01-25 11:27:56.239000,4.99,4.99,5.0,2600400.0
2018-01-25 11:27:59.014000,4.99,4.99,5.0,2600400.0
2018-01-25 11:28:02.006000,4.99,4.99,5.0,2600400.0
2018-01-25 11:28:04.829000,4.99,4.99,5.0,2600400.0
2018-01-25 11:28:07.828000,4.99,4.99,5.0,2600400.0
2018-01-25 11:28:10.612000,4.99,4.99,5.0,2600400.0
2018-01-25 11:28:13.753000,4.99,4.99,5.0,2600400.0
2018-01-25 11:28:16.505000,4.99,4.99,5.0,2600400.0
2018-01-25 11:28:19.396000,4.99,4.98,5.0,2600400.0
2018-01-25 11:28:23.615000,4.99,4.98,5.0,2600400.0
2018-01-25 11:28:26.426000,4.99,4.98,5.0,2600400.0
2018-01-25 11:28:29.370000,4.99,4.98,5.0,2600400.0
2018-01-25 11:28:32.252000,4.99,4.98,5.0,2600400.0
2018-01-25 11:28:35.502000,4.99,4.98,5.0,2600400.0
2018-01-25 11:28:38.421000,4.99,4.98,5.0,2600400.0
2018-01-25 11:28:41.208000,4.99,4.98,5.0,2600400.0
2018-01-25 11:28:44.165000,4.99,4.98,5.0,2600400.0
2018-01-25 11:28:47.096000,4.99,4.98,5.0,2600400.0
2018-01-25 11:28:49.945000,4.99,4.98,5.0,2600400.0
2018-01-25 11:28:53.084000,4.99,4.98,5.0,2600400.0
2018-01-25 11:28:55.922000,4.99,4.98,5.0,2600400.0
2018-01-25 11:28:58.697000,4.99,4.98,5.0,2600400.0
2018-01-25 11:29:01.565000,4.99,4.98,5.0,2600400.0
2018-01-25 11:29:04.243000,4.99,4.98,5.0,2600400.0
2018-01-25 11:29:07.216000,4.99,4.98,5.0,2600400.0
2018-01-25 11:29:10.143000,4.99,4.98,5.0,2600400.0
2018-01-25 11:29:13.073000,4.99,4.98,5.0,2600400.0
2018-01-25 11:29:15.864000,4.99,4.98,5.0,2600400.0
2018-01-25 11:29:18.602000,4.99,4.98,5.0,2600400.0
2018-01-25 11:29:21.448000,4.99,4.98,5.0,2600400.0
2018-01-25 11:29:24.623000,4.99,4.98,5.0,2600400.0
2018-01-25 11:29:27.414000,4.99,4.99,5.0,2601100.0
2018-01-25 11:29:30.535000,4.99,4.99,5.0,2601100.0
2018-01-25 11:29:33.511000,4.99,4.99,5.0,2601100.0
2018-01-25 11:29:36.391000,4.99,4.99,5.0,2601100.0
2018-01-25 11:29:39.410000,4.99,4.99,5.0,2601100.0
2018-01-25 11:29:42.225000,4.99,4.99,5.0,2601100.0
2018-01-25 11:29:45.092000,4.99,4.99,5.0,2601100.0
2018-01-25 11:29:48.043000,4.99,4.99,5.0,2601100.0
2018-01-25 11:29:50.755000,4.99,4.99,5.0,2601100.0
2018-01-25 11:29:53.616000,4.99,4.99,5.0,2601100.0
2018-01-25 11:29:56.552000,4.99,4.99,5.0,2601100.0
2018-01-25 11:29:59.508000,4.99,4.99,5.0,2601100.0
2018-01-25 11:30:02.374000,4.99,4.99,5.0,2601100.0
2018-01-25 11:30:05.396000,4.99,4.99,5.0,2601100.0
2018-01-25 11:30:08.148000,4.99,4.99,5.0,2601100.0
2018-01-25 11:30:11.107000,4.99,4.99,5.0,2601100.0
2018-01-25 11:30:14.148000,4.99,4.99,5.0,2601100.0
2018-01-25 11:30:17.070000,4.99,4.99,5.0,2601100.0
2018-01-25 11:30:20.096000,4.99,4.99,5.0,2601100.0
2018-01-25 11:30:23.126000,4.99,4.99,5.0,2601100.0
2018-01-25 11:30:26.945000,4.99,4.99,5.0,2601100.0
2018-01-25 11:30:29.757000,4.99,4.99,5.0,2601100.0
2018-01-25 11:30:32.718000,4.99,4.99,5.0,2601100.0
2018-01-25 11:30:35.568000,4.99,4.99,5.0,2601100.0
2018-01-25 11:30:38.422000,4.99,4.99,5.0,2601100.0
2018-01-25 11:30:41.259000,4.99,4.99,5.0,2601100.0
2018-01-25 11:30:44.180000,4.99,4.99,5.0,2601100.0
2018-01-25 11:30:47.285000,4.99,4.99,5.0,2601100.0
2018-01-25 11:30:50.085000,4.99,4.99,5.0,2601100.0
2018-01-25 11:30:53.009000,4.99,4.99,5.0,2601100.0
2018-01-25 11:30:55.990000,4.99,4.99,5.0,2601100.0
2018-01-25 11:30:58.849000,4.99,4.99,5.0,2601100.0
2018-01-25 11:31:01.775000,4.99,4.99,5.0,2601100.0
2018-01-25 11:31:04.662000,4.99,4.99,5.0,2601100.0
2018-01-25 11:31:07.861000,4.99,4.99,5.0,2601100.0
2018-01-25 11:31:10.664000,4.99,4.99,5.0,2601100.0
2018-01-25 11:31:13.540000,4.99,4.99,5.0,2601100.0
2018-01-25 11:31:16.421000,4.99,4.99,5.0,2601100.0
2018-01-25 11:31:19.151000,4.99,4.99,5.0,2601100.0
2018-01-25 11:31:21.863000,4.99,4.99,5.0,2601100.0
2018-01-25 11:31:24.665000,4.99,4.99,5.0,2601100.0
2018-01-25 11:31:27.466000,4.99,4.99,5.0,2601100.0
2018-01-25 11:31:30.446000,4.99,4.99,5.0,2601100.0
2018-01-25 11:31:33.509000,4.99,4.99,5.0,2601100.0
2018-01-25 11:31:36.092000,4.99,4.99,5.0,2601100.0
2018-01-25 11:31:39.001000,4.99,4.99,5.0,2601100.0
2018-01-25 11:31:41.898000,4.99,4.99,5.0,2601100.0
2018-01-25 11:31:44.888000,4.99,4.99,5.0,2601100.0
2018-01-25 11:31:47.643000,4.99,4.99,5.0,2601100.0
2018-01-25 11:31:50.555000,4.99,4.99,5.0,2601100.0
2018-01-25 11:31:53.351000,4.99,4.99,5.0,2601100.0
2018-01-25 11:31:56.377000,4.99,4.99,5.0,2601100.0
2018-01-25 11:31:59.193000,4.99,4.99,5.0,2601100.0
2018-01-25 11:32:02.532000,4.99,4.99,5.0,2601100.0
2018-01-25 11:32:05.587000,4.99,4.99,5.0,2601100.0
2018-01-25 11:32:08.427000,4.99,4.99,5.0,2601100.0
2018-01-25 11:32:11.525000,4.99,4.99,5.0,2601100.0
2018-01-25 11:32:14.546000,4.99,4.99,5.0,2601100.0
2018-01-25 11:32:17.527000,4.99,4.99,5.0,2601100.0
2018-01-25 11:32:20.289000,4.99,4.99,5.0,2601100.0
2018-01-25 11:32:23.137000,4.99,4.99,5.0,2601100.0
2018-01-25 11:32:26.448000,4.99,4.99,5.0,2601100.0
2018-01-25 11:32:29.293000,4.99,4.99,5.0,2601100.0
2018-01-25 11:32:31.962000,4.99,4.99,5.0,2601100.0
2018-01-25 11:32:34.888000,4.99,4.99,5.0,2601100.0
2018-01-25 11:32:37.683000,4.99,4.99,5.0,2601100.0
2018-01-25 11:32:40.499000,4.99,4.99,5.0,2601100.0
2018-01-25 11:32:43.418000,4.99,4.99,5.0,2601100.0
2018-01-25 11:32:46.292000,4.99,4.99,5.0,2601100.0
2018-01-25 11:32:49.117000,4.99,4.99,5.0,2601100.0
2018-01-25 11:32:52.260000,4.99,4.99,5.0,2601100.0
2018-01-25 11:32:55.079000,4.99,4.99,5.0,2601100.0
2018-01-25 11:32:58.030000,4.99,4.99,5.0,2601100.0
2018-01-25 11:33:01.135000,4.99,4.99,5.0,2601100.0
2018-01-25 11:33:04.047000,4.99,4.99,5.0,2601100.0
2018-01-25 11:33:07.090000,4.99,4.99,5.0,2601100.0
2018-01-25 11:33:09.980000,4.99,4.99,5.0,2601100.0
2018-01-25 11:33:12.757000,4.99,4.99,5.0,2601100.0
2018-01-25 11:33:15.602000,4.99,4.99,5.0,2601100.0
2018-01-25 11:33:18.374000,4.99,4.99,5.0,2601100.0
2018-01-25 11:33:21.215000,4.99,4.99,5.0,2601100.0
2018-01-25 11:33:24.113000,4.99,4.99,5.0,2601100.0
2018-01-25 11:33:26.886000,4.99,4.99,5.0,2601100.0
2018-01-25 11:33:29.951000,4.99,4.99,5.0,2601100.0
2018-01-25 11:33:32.792000,4.99,4.99,5.0,2601100.0
2018-01-25 11:33:35.824000,4.99,4.99,5.0,2601100.0
2018-01-25 11:33:38.695000,4.99,4.99,5.0,2601100.0
2018-01-25 11:33:41.666000,4.99,4.99,5.0,2601100.0
2018-01-25 11:33:44.859000,4.99,4.99,5.0,2601100.0
2018-01-25 11:33:47.575000,4.99,4.99,5.0,2601100.0
2018-01-25 11:33:50.673000,4.99,4.99,5.0,2601100.0
2018-01-25 11:33:53.571000,4.99,4.99,5.0,2601100.0
2018-01-25 11:33:56.311000,4.99,4.99,5.0,2601100.0
2018-01-25 11:33:59.255000,4.99,4.99,5.0,2601100.0
2018-01-25 11:34:02.170000,4.99,4.99,5.0,2601100.0
2018-01-25 11:34:04.933000,4.99,4.99,5.0,2601100.0
2018-01-25 11:34:07.953000,4.99,4.99,5.0,2601100.0
2018-01-25 11:34:10.682000,4.99,4.99,5.0,2601100.0
2018-01-25 11:34:14.228000,4.99,4.99,5.0,2601100.0
2018-01-25 11:34:17.077000,4.99,4.99,5.0,2601100.0
2018-01-25 11:34:19.998000,4.99,4.99,5.0,2601100.0
2018-01-25 11:34:22.740000,4.99,4.99,5.0,2601100.0
2018-01-25 11:34:25.684000,4.99,4.99,5.0,2601100.0
2018-01-25 11:34:28.545000,4.99,4.99,5.0,2601100.0
2018-01-25 11:34:31.574000,4.99,4.99,5.0,2601100.0
2018-01-25 11:34:34.608000,4.99,4.99,5.0,2601100.0
2018-01-25 11:34:37.509000,4.99,4.99,5.0,2601100.0
2018-01-25 11:34:40.272000,4.99,4.99,5.0,2601100.0
2018-01-25 11:34:43.209000,4.99,4.99,5.0,2601100.0
2018-01-25 11:34:46.154000,4.99,4.99,5.0,2638100.0
2018-01-25 11:34:49.299000,4.99,4.99,5.0,2638100.0
2018-01-25 11:34:52.174000,4.99,4.99,5.0,2638100.0
2018-01-25 11:34:54.975000,4.99,4.99,5.0,2638100.0
2018-01-25 11:34:58.783000,4.99,4.99,5.0,2638100.0
2018-01-25 11:35:01.513000,4.99,4.99,5.0,2638100.0
2018-01-25 11:35:04.507000,4.99,4.99,5.0,2638100.0
2018-01-25 11:35:07.212000,4.99,4.99,5.0,2638100.0
2018-01-25 11:35:10.087000,4.99,4.99,5.0,2638100.0
2018-01-25 11:35:13.301000,4.99,4.99,5.0,2638100.0
2018-01-25 11:35:16.216000,4.99,4.99,5.0,2638100.0
2018-01-25 11:35:19.063000,4.99,4.99,5.0,2638100.0
2018-01-25 11:35:21.899000,4.99,4.99,5.0,2638100.0
2018-01-25 11:35:24.495000,4.99,4.99,5.0,2638100.0
2018-01-25 11:35:27.491000,4.99,4.99,5.0,2638100.0
2018-01-25 11:35:30.391000,4.99,4.99,5.0,2638100.0
2018-01-25 11:35:33.066000,4.99,4.99,5.0,2638100.0
2018-01-25 11:35:35.834000,4.99,4.99,5.0,2638100.0
2018-01-25 11:35:38.726000,4.99,4.99,5.0,2638100.0
2018-01-25 11:35:41.557000,4.99,4.99,5.0,2638100.0
2018-01-25 11:35:44.288000,4.99,4.99,5.0,2638100.0
2018-01-25 11:35:47.077000,4.99,4.99,5.0,2638100.0
2018-01-25 11:35:49.955000,4.99,4.99,5.0,2638100.0
2018-01-25 11:35:53.051000,4.99,4.99,5.0,2638100.0
2018-01-25 11:35:55.936000,4.99,4.99,5.0,2638100.0
2018-01-25 11:35:58.812000,4.99,4.99,5.0,2638100.0
2018-01-25 11:36:01.671000,4.99,4.99,5.0,2638100.0
2018-01-25 11:36:04.415000,4.99,4.99,5.0,2638100.0
2018-01-25 11:36:07.295000,4.99,4.99,5.0,2638100.0
2018-01-25 11:36:10.141000,4.99,4.99,5.0,2638100.0
2018-01-25 11:36:12.970000,4.99,4.99,5.0,2638100.0
2018-01-25 11:36:15.852000,4.99,4.99,5.0,2638100.0
2018-01-25 11:36:18.978000,4.99,4.99,5.0,2638100.0
2018-01-25 11:36:21.814000,4.99,4.99,5.0,2638100.0
2018-01-25 11:36:24.652000,4.99,4.99,5.0,2638100.0
2018-01-25 11:36:27.493000,4.99,4.99,5.0,2638100.0
2018-01-25 11:36:30.357000,4.99,4.99,5.0,2638100.0
2018-01-25 11:36:33.479000,4.99,4.99,5.0,2638100.0
2018-01-25 11:36:36.323000,4.99,4.99,5.0,2638100.0
2018-01-25 11:36:39.285000,4.99,4.99,5.0,2638100.0
2018-01-25 11:36:42.174000,4.99,4.99,5.0,2638100.0
2018-01-25 11:36:45.158000,4.99,4.99,5.0,2638100.0
2018-01-25 11:36:47.968000,4.99,4.99,5.0,2638100.0
2018-01-25 11:36:50.816000,4.99,4.99,5.0,2638100.0
2018-01-25 11:36:53.487000,4.99,4.99,5.0,2638100.0
2018-01-25 11:36:56.423000,4.99,4.99,5.0,2638100.0
2018-01-25 11:36:59.470000,4.99,4.99,5.0,2638100.0
2018-01-25 11:37:02.254000,4.99,4.99,5.0,2638100.0
2018-01-25 11:37:05.122000,4.99,4.99,5.0,2638100.0
2018-01-25 11:37:08.023000,4.99,4.99,5.0,2638100.0
2018-01-25 11:37:10.896000,4.99,4.99,5.0,2638100.0
2018-01-25 11:37:13.851000,4.99,4.99,5.0,2638100.0
2018-01-25 11:37:16.626000,4.99,4.99,5.0,2638100.0
2018-01-25 11:37:19.612000,4.99,4.99,5.0,2638100.0
2018-01-25 11:37:22.398000,4.99,4.99,5.0,2638100.0
2018-01-25 11:37:25.511000,4.99,4.99,5.0,2638100.0
2018-01-25 11:37:28.332000,4.99,4.99,5.0,2638100.0
2018-01-25 11:37:31.250000,4.99,4.99,5.0,2638100.0
2018-01-25 11:37:34.250000,4.99,4.99,5.0,2638100.0
2018-01-25 11:37:37.142000,4.99,4.99,5.0,2638100.0
2018-01-25 11:37:39.975000,4.99,4.99,5.0,2638100.0
2018-01-25 11:37:43.081000,4.99,4.99,5.0,2638100.0
2018-01-25 11:37:45.908000,4.99,4.99,5.0,2638100.0
2018-01-25 11:37:48.779000,4.99,4.99,5.0,2638100.0
2018-01-25 11:37:51.644000,4.99,4.99,5.0,2638100.0
2018-01-25 11:37:54.506000,4.99,4.99,5.0,2638100.0
2018-01-25 11:37:57.518000,4.99,4.99,5.0,2638100.0
2018-01-25 11:38:00.398000,4.99,4.99,5.0,2638100.0
2018-01-25 11:38:03.159000,4.99,4.99,5.0,2638100.0
2018-01-25 11:38:06.059000,4.99,4.99,5.0,2638100.0
2018-01-25 11:38:08.940000,4.99,4.99,5.0,2638100.0
2018-01-25 11:38:11.815000,4.99,4.99,5.0,2638100.0
2018-01-25 11:38:14.548000,4.99,4.99,5.0,2638100.0
2018-01-25 11:38:17.569000,4.99,4.99,5.0,2638100.0
2018-01-25 11:38:20.672000,4.99,4.99,5.0,2638100.0
2018-01-25 11:38:23.318000,4.99,4.99,5.0,2638100.0
2018-01-25 11:38:25.911000,4.99,4.99,5.0,2638100.0
2018-01-25 11:38:28.388000,5.0,4.99,5.0,2638600.0
2018-01-25 11:38:31.026000,5.0,4.99,5.0,2638600.0
2018-01-25 11:38:33.311000,5.0,4.99,5.0,2638600.0
2018-01-25 11:38:35.874000,5.0,4.99,5.0,2638600.0
2018-01-25 11:38:38.180000,5.0,4.99,5.0,2638600.0
2018-01-25 11:38:40.777000,5.0,4.99,5.0,2638600.0
2018-01-25 11:38:43.396000,5.0,4.99,5.0,2638600.0
2018-01-25 11:38:46.004000,5.0,4.99,5.0,2638600.0
2018-01-25 11:38:48.621000,5.0,4.99,5.0,2638600.0
2018-01-25 11:38:51.441000,5.0,4.99,5.0,2638600.0
2018-01-25 11:38:53.928000,5.0,4.99,5.0,2638600.0
2018-01-25 11:38:56.362000,5.0,4.99,5.0,2638600.0
2018-01-25 11:38:59.083000,5.0,4.99,5.0,2638600.0
2018-01-25 11:39:01.909000,5.0,4.99,5.0,2638600.0
2018-01-25 11:39:04.309000,5.0,4.99,5.0,2638600.0
2018-01-25 11:39:06.706000,5.0,4.99,5.0,2638600.0
2018-01-25 11:39:09.082000,5.0,4.99,5.0,2638600.0
2018-01-25 11:39:11.864000,5.0,4.99,5.0,2638600.0
2018-01-25 11:39:14.344000,5.0,4.99,5.0,2638600.0
2018-01-25 11:39:16.877000,5.0,4.99,5.0,2638600.0
2018-01-25 11:39:19.445000,5.0,4.99,5.0,2638600.0
2018-01-25 11:39:22.098000,5.0,4.99,5.0,2638600.0
2018-01-25 11:39:24.617000,5.0,4.99,5.0,2638600.0
2018-01-25 11:39:26.786000,5.0,4.99,5.0,2638600.0
2018-01-25 11:39:29.175000,5.0,4.99,5.0,2638600.0
2018-01-25 11:39:31.676000,5.0,4.99,5.0,2638600.0
2018-01-25 11:39:34.116000,5.0,4.99,5.0,2638600.0
2018-01-25 11:39:36.646000,5.0,4.99,5.0,2638600.0
2018-01-25 11:39:39.165000,5.0,4.99,5.0,2638600.0
2018-01-25 11:39:41.349000,5.0,4.99,5.0,2638600.0
2018-01-25 11:39:43.737000,5.0,4.98,5.0,2640600.0
2018-01-25 11:39:46.152000,5.0,4.98,5.0,2640600.0
2018-01-25 11:39:48.866000,5.0,4.98,5.0,2640600.0
2018-01-25 11:39:51.646000,5.0,4.98,5.0,2640600.0
2018-01-25 11:39:54.056000,5.0,4.98,5.0,2640600.0
2018-01-25 11:39:56.459000,5.0,4.98,5.0,2640600.0
2018-01-25 11:39:59.034000,5.0,4.98,5.0,2640600.0
2018-01-25 11:40:01.349000,5.0,4.98,5.0,2640600.0
2018-01-25 11:40:03.962000,5.0,4.98,5.0,2640600.0
2018-01-25 11:40:06.457000,5.0,4.98,5.0,2640600.0
2018-01-25 11:40:08.926000,5.0,4.98,5.0,2640600.0
2018-01-25 11:40:11.348000,5.0,4.98,5.0,2640600.0
2018-01-25 11:40:13.925000,5.0,4.98,5.0,2640600.0
2018-01-25 11:40:16.306000,5.0,4.98,5.0,2640600.0
2018-01-25 11:40:18.838000,5.0,4.98,5.0,2640600.0
2018-01-25 11:40:21.225000,5.0,4.98,5.0,2640600.0
2018-01-25 11:40:23.667000,5.0,4.98,5.0,2640600.0
2018-01-25 11:40:26.249000,5.0,4.98,5.0,2640600.0
2018-01-25 11:40:28.831000,5.0,4.98,5.0,2640600.0
2018-01-25 11:40:31.235000,5.0,4.98,5.0,2640600.0
2018-01-25 11:40:33.787000,5.0,4.98,5.0,2640600.0
2018-01-25 11:40:36.344000,5.0,4.98,5.0,2640600.0
2018-01-25 11:40:38.695000,5.0,4.98,5.0,2640600.0
2018-01-25 11:40:41.265000,5.0,4.98,5.0,2640600.0
2018-01-25 11:40:43.735000,5.0,4.98,5.0,2640600.0
2018-01-25 11:40:46.316000,5.0,4.98,5.0,2640600.0
2018-01-25 11:40:48.775000,5.0,4.98,5.0,2640600.0
2018-01-25 11:40:51.290000,5.0,4.98,5.0,2640600.0
2018-01-25 11:40:54.006000,5.0,4.98,5.0,2640600.0
2018-01-25 11:40:56.414000,5.0,4.98,5.0,2640600.0
2018-01-25 11:40:59.067000,5.0,4.98,5.0,2640600.0
2018-01-25 11:41:01.554000,5.0,4.98,5.0,2640600.0
2018-01-25 11:41:04.111000,5.0,4.98,5.0,2640600.0
2018-01-25 11:41:06.710000,5.0,4.98,5.0,2640600.0
2018-01-25 11:41:09.200000,5.0,4.98,5.0,2640600.0
2018-01-25 11:41:11.742000,5.0,4.98,5.0,2640600.0
2018-01-25 11:41:14.273000,5.0,4.98,5.0,2640600.0
2018-01-25 11:41:16.788000,5.0,4.98,5.0,2640600.0
2018-01-25 11:41:19.218000,5.0,4.98,5.0,2640600.0
2018-01-25 11:41:21.649000,5.0,4.99,5.0,2640600.0
2018-01-25 11:41:24.231000,5.0,4.99,5.0,2640600.0
2018-01-25 11:41:26.789000,5.0,4.99,5.0,2640600.0
2018-01-25 11:41:29.364000,5.0,4.99,5.0,2640600.0
2018-01-25 11:41:32.416000,5.0,4.99,5.0,2640600.0
2018-01-25 11:41:35.048000,5.0,4.99,5.0,2640600.0
2018-01-25 11:41:37.792000,5.0,4.99,5.0,2640600.0
2018-01-25 11:41:40.177000,5.0,4.99,5.0,2640600.0
2018-01-25 11:41:42.527000,5.0,4.99,5.0,2640600.0
2018-01-25 11:41:45.090000,5.0,4.99,5.0,2640600.0
2018-01-25 11:41:47.507000,5.0,4.99,5.0,2640600.0
2018-01-25 11:41:50.011000,5.0,4.99,5.0,2640600.0
2018-01-25 11:41:52.495000,5.0,4.99,5.0,2640600.0
2018-01-25 11:41:54.930000,5.0,4.99,5.0,2640600.0
2018-01-25 11:41:57.324000,5.0,4.99,5.0,2640600.0
2018-01-25 11:41:59.652000,5.0,4.99,5.0,2640600.0
2018-01-25 11:42:02.141000,5.0,4.99,5.0,2640600.0
2018-01-25 11:42:04.550000,5.0,4.99,5.0,2640600.0
2018-01-25 11:42:07.228000,5.0,4.99,5.0,2640600.0
2018-01-25 11:42:09.591000,5.0,4.99,5.0,2640600.0
2018-01-25 11:42:12.177000,5.0,4.99,5.0,2640600.0
2018-01-25 11:42:14.696000,5.0,4.99,5.0,2640600.0
2018-01-25 11:42:17.181000,5.0,4.99,5.0,2640600.0
2018-01-25 11:42:20.035000,5.0,4.99,5.0,2640600.0
2018-01-25 11:42:22.588000,5.0,4.99,5.0,2640600.0
2018-01-25 11:42:25.066000,5.0,4.99,5.0,2640600.0
2018-01-25 11:42:27.517000,5.0,4.99,5.0,2640600.0
2018-01-25 11:42:29.986000,5.0,4.99,5.0,2640600.0
2018-01-25 11:42:32.529000,5.0,4.99,5.0,2640600.0
2018-01-25 11:42:35.048000,5.0,4.99,5.0,2640600.0
2018-01-25 11:42:37.370000,5.0,4.99,5.0,2640600.0
2018-01-25 11:42:39.980000,5.0,4.99,5.0,2640600.0
2018-01-25 11:42:42.950000,5.0,4.99,5.0,2640600.0
2018-01-25 11:42:45.453000,5.0,4.99,5.0,2640600.0
2018-01-25 11:42:48.035000,5.0,4.99,5.0,2640600.0
2018-01-25 11:42:50.480000,5.0,4.99,5.0,2640600.0
2018-01-25 11:42:53.228000,5.0,4.99,5.0,2640600.0
2018-01-25 11:42:55.730000,5.0,4.99,5.0,2640600.0
2018-01-25 11:42:58.106000,5.0,4.99,5.0,2640600.0
2018-01-25 11:43:00.593000,5.0,4.99,5.0,2640600.0
2018-01-25 11:43:02.949000,5.0,4.99,5.0,2640600.0
2018-01-25 11:43:05.457000,5.0,4.99,5.0,2640600.0
2018-01-25 11:43:07.912000,5.0,4.99,5.0,2640600.0
2018-01-25 11:43:10.667000,5.0,4.99,5.0,2640600.0
2018-01-25 11:43:13.110000,5.0,4.99,5.0,2640600.0
2018-01-25 11:43:15.895000,5.0,4.99,5.0,2640600.0
2018-01-25 11:43:18.441000,5.0,4.99,5.0,2640600.0
2018-01-25 11:43:20.738000,5.0,4.99,5.0,2640600.0
2018-01-25 11:43:23.136000,5.0,4.99,5.0,2640600.0
2018-01-25 11:43:25.733000,5.0,4.99,5.0,2640600.0
2018-01-25 11:43:28.371000,5.0,4.99,5.0,2640600.0
2018-01-25 11:43:30.812000,5.0,4.99,5.0,2640600.0
2018-01-25 11:43:33.396000,5.0,4.99,5.0,2640600.0
2018-01-25 11:43:36.078000,5.0,4.99,5.0,2640600.0
2018-01-25 11:43:38.561000,5.0,4.99,5.0,2640600.0
2018-01-25 11:43:40.961000,5.0,4.99,5.0,2640600.0
2018-01-25 11:43:43.948000,5.0,4.99,5.0,2640600.0
2018-01-25 11:43:46.409000,5.0,4.99,5.0,2640600.0
2018-01-25 11:43:48.770000,5.0,4.99,5.0,2640600.0
2018-01-25 11:43:51.294000,5.0,4.99,5.0,2640600.0
2018-01-25 11:43:54.502000,5.0,4.99,5.0,2640600.0
2018-01-25 11:43:57.401000,5.0,4.99,5.0,2640600.0
2018-01-25 11:43:59.888000,5.0,4.99,5.0,2640600.0
2018-01-25 11:44:02.411000,5.0,4.99,5.0,2640600.0
2018-01-25 11:44:05.053000,5.0,4.99,5.0,2640600.0
2018-01-25 11:44:07.692000,5.0,4.99,5.0,2640600.0
2018-01-25 11:44:10.005000,5.0,4.99,5.0,2640600.0
2018-01-25 11:44:12.405000,5.0,4.99,5.0,2640600.0
2018-01-25 11:44:14.874000,5.0,4.99,5.0,2640600.0
2018-01-25 11:44:17.388000,5.0,4.99,5.0,2640600.0
2018-01-25 11:44:19.718000,5.0,4.99,5.0,2640600.0
2018-01-25 11:44:22.349000,5.0,4.99,5.0,2640600.0
2018-01-25 11:44:24.774000,5.0,4.99,5.0,2640600.0
2018-01-25 11:44:27.153000,5.0,4.99,5.0,2640600.0
2018-01-25 11:44:29.609000,5.0,4.99,5.0,2640600.0
2018-01-25 11:44:31.917000,5.0,4.99,5.0,2640600.0
2018-01-25 11:44:34.416000,5.0,4.99,5.0,2640600.0
2018-01-25 11:44:36.996000,5.0,4.99,5.0,2640600.0
2018-01-25 11:44:39.615000,5.0,4.99,5.0,2640600.0
2018-01-25 11:44:42.266000,5.0,4.99,5.0,2640600.0
2018-01-25 11:44:44.938000,5.0,4.99,5.0,2640600.0
2018-01-25 11:44:47.263000,5.0,4.99,5.0,2640600.0
2018-01-25 11:44:49.941000,5.0,4.99,5.0,2640600.0
2018-01-25 11:44:52.475000,5.0,4.99,5.0,2640600.0
2018-01-25 11:44:54.890000,5.0,4.99,5.0,2640600.0
2018-01-25 11:44:57.390000,5.0,4.99,5.0,2640600.0
2018-01-25 11:44:59.954000,5.0,4.99,5.0,2640600.0
2018-01-25 11:45:02.562000,5.0,4.99,5.0,2640600.0
2018-01-25 11:45:06.415000,5.0,4.99,5.0,2640600.0
2018-01-25 11:45:08.922000,5.0,4.99,5.0,2640600.0
2018-01-25 11:45:11.539000,5.0,4.99,5.0,2640600.0
2018-01-25 11:45:14.240000,5.0,4.99,5.0,2640600.0
2018-01-25 11:45:16.660000,5.0,4.99,5.0,2640600.0
2018-01-25 11:45:19.299000,5.0,4.99,5.0,2640600.0
2018-01-25 11:45:22.220000,5.0,4.99,5.0,2640600.0
2018-01-25 11:45:24.675000,5.0,4.99,5.0,2640600.0
2018-01-25 11:45:27.262000,5.0,4.99,5.0,2640600.0
2018-01-25 11:45:29.750000,5.0,4.99,5.0,2640600.0
2018-01-25 11:45:32.628000,5.0,4.99,5.0,2640600.0
2018-01-25 11:45:35.084000,5.0,4.99,5.0,2640600.0
2018-01-25 11:45:37.487000,5.0,4.99,5.0,2640600.0
2018-01-25 11:45:39.909000,5.0,4.99,5.0,2640600.0
2018-01-25 11:45:42.501000,5.0,4.99,5.0,2640600.0
2018-01-25 11:45:45.061000,5.0,4.99,5.0,2640600.0
2018-01-25 11:45:47.487000,5.0,4.99,5.0,2640600.0
2018-01-25 11:45:49.800000,5.0,4.99,5.0,2640600.0
2018-01-25 11:45:52.419000,5.0,4.99,5.0,2640600.0
2018-01-25 11:45:54.735000,5.0,4.99,5.0,2640600.0
2018-01-25 11:45:57.251000,5.0,4.99,5.0,2640600.0
2018-01-25 11:45:59.783000,5.0,4.99,5.0,2640600.0
2018-01-25 11:46:02.267000,5.0,4.99,5.0,2640600.0
2018-01-25 11:46:05.179000,5.0,4.99,5.0,2640600.0
2018-01-25 11:46:07.733000,5.0,4.99,5.0,2640600.0
2018-01-25 11:46:10.409000,5.0,4.99,5.0,2640600.0
2018-01-25 11:46:12.855000,5.0,4.99,5.0,2640600.0
2018-01-25 11:46:15.489000,5.0,4.99,5.0,2640600.0
2018-01-25 11:46:18.047000,5.0,4.99,5.0,2640600.0
2018-01-25 11:46:20.504000,5.0,4.99,5.0,2640600.0
2018-01-25 11:46:22.998000,5.0,4.99,5.0,2640600.0
2018-01-25 11:46:25.334000,5.0,4.99,5.0,2640600.0
2018-01-25 11:46:27.919000,5.0,4.99,5.0,2640600.0
2018-01-25 11:46:30.771000,5.0,4.99,5.0,2640600.0
2018-01-25 11:46:33.237000,5.0,4.99,5.0,2640600.0
2018-01-25 11:46:35.754000,5.0,4.99,5.0,2640600.0
2018-01-25 11:46:38.268000,5.0,4.99,5.0,2640600.0
2018-01-25 11:46:40.801000,5.0,4.99,5.0,2640600.0
2018-01-25 11:46:43.401000,5.0,4.99,5.0,2640600.0
2018-01-25 11:46:45.855000,5.0,4.99,5.0,2640600.0
2018-01-25 11:46:48.378000,5.0,4.99,5.0,2640600.0
2018-01-25 11:46:50.972000,5.0,4.99,5.0,2640600.0
2018-01-25 11:46:53.431000,5.0,4.99,5.0,2640600.0
2018-01-25 11:46:56.072000,5.0,4.99,5.0,2640600.0
2018-01-25 11:46:58.532000,5.0,4.99,5.0,2640600.0
2018-01-25 11:47:01.112000,5.0,4.99,5.0,2640600.0
2018-01-25 11:47:03.722000,5.0,4.99,5.0,2640600.0
2018-01-25 11:47:06.195000,5.0,4.99,5.0,2640600.0
2018-01-25 11:47:08.828000,5.0,4.99,5.0,2640600.0
2018-01-25 11:47:11.337000,5.0,4.99,5.0,2640600.0
2018-01-25 11:47:13.804000,5.0,4.99,5.0,2640600.0
2018-01-25 11:47:16.419000,5.0,4.99,5.0,2640600.0
2018-01-25 11:47:18.992000,5.0,4.99,5.0,2640600.0
2018-01-25 11:47:21.834000,5.0,4.99,5.0,2640600.0
2018-01-25 11:47:24.191000,5.0,4.99,5.0,2640600.0
2018-01-25 11:47:26.760000,5.0,4.99,5.0,2640600.0
2018-01-25 11:47:29.217000,5.0,4.99,5.0,2640600.0
2018-01-25 11:47:31.671000,5.0,4.99,5.0,2640600.0
2018-01-25 11:47:34.139000,5.0,4.99,5.0,2640600.0
2018-01-25 11:47:36.536000,5.0,4.99,5.0,2640600.0
2018-01-25 11:47:39.481000,5.0,4.99,5.0,2640600.0
2018-01-25 11:47:42.101000,5.0,4.99,5.0,2640600.0
2018-01-25 11:47:44.528000,5.0,4.99,5.0,2640600.0
2018-01-25 11:47:47.018000,5.0,4.99,5.0,2640600.0
2018-01-25 11:47:49.443000,5.0,4.99,5.0,2640600.0
2018-01-25 11:47:51.830000,5.0,4.99,5.0,2640600.0
2018-01-25 11:47:54.395000,5.0,4.99,5.0,2640600.0
2018-01-25 11:47:56.865000,5.0,4.99,5.0,2640600.0
2018-01-25 11:47:59.286000,5.0,4.99,5.0,2640600.0
2018-01-25 11:48:01.803000,5.0,4.99,5.0,2640600.0
2018-01-25 11:48:04.420000,5.0,4.99,5.0,2640600.0
2018-01-25 11:48:06.994000,5.0,4.99,5.0,2640600.0
2018-01-25 11:48:09.644000,5.0,4.99,5.0,2640600.0
2018-01-25 11:48:12.131000,5.0,4.99,5.0,2640600.0
2018-01-25 11:48:15.005000,5.0,4.99,5.0,2640600.0
2018-01-25 11:48:17.488000,5.0,4.99,5.0,2640600.0
2018-01-25 11:48:19.990000,5.0,4.99,5.0,2640600.0
2018-01-25 11:48:22.637000,5.0,4.99,5.0,2640600.0
2018-01-25 11:48:25.138000,5.0,4.99,5.0,2640600.0
2018-01-25 11:48:27.861000,5.0,4.99,5.0,2640600.0
2018-01-25 11:48:30.370000,5.0,4.99,5.0,2640600.0
2018-01-25 11:48:32.971000,5.0,4.99,5.0,2640600.0
2018-01-25 11:48:35.614000,5.0,4.99,5.0,2640600.0
2018-01-25 11:48:38.082000,5.0,4.99,5.0,2640600.0
2018-01-25 11:48:40.370000,5.0,4.99,5.0,2640600.0
2018-01-25 11:48:42.832000,5.0,4.99,5.0,2640600.0
2018-01-25 11:48:45.380000,5.0,4.99,5.0,2640600.0
2018-01-25 11:48:47.784000,5.0,4.99,5.0,2640600.0
2018-01-25 11:48:50.226000,5.0,4.99,5.0,2640600.0
2018-01-25 11:48:52.706000,5.0,4.99,5.0,2640600.0
2018-01-25 11:48:55.257000,5.0,4.99,5.0,2640600.0
2018-01-25 11:48:57.768000,5.0,4.99,5.0,2640600.0
2018-01-25 11:49:00.257000,5.0,4.99,5.0,2640600.0
2018-01-25 11:49:02.756000,5.0,4.99,5.0,2640600.0
2018-01-25 11:49:05.295000,5.0,4.99,5.0,2640600.0
2018-01-25 11:49:07.726000,5.0,4.99,5.0,2640600.0
2018-01-25 11:49:10.245000,5.0,4.99,5.0,2640600.0
2018-01-25 11:49:12.917000,5.0,4.99,5.0,2640600.0
2018-01-25 11:49:15.322000,5.0,4.99,5.0,2640600.0
2018-01-25 11:49:17.864000,5.0,4.99,5.0,2640600.0
2018-01-25 11:49:20.366000,5.0,4.99,5.0,2640600.0
2018-01-25 11:49:22.988000,5.0,4.99,5.0,2640600.0
2018-01-25 11:49:25.584000,5.0,4.99,5.0,2640600.0
2018-01-25 11:49:28.238000,5.0,4.99,5.0,2640600.0
2018-01-25 11:49:30.741000,5.0,4.99,5.0,2640600.0
2018-01-25 11:49:33.188000,5.0,4.99,5.0,2640600.0
2018-01-25 11:49:35.698000,5.0,4.99,5.0,2640600.0
2018-01-25 11:49:38.317000,5.0,4.99,5.0,2640600.0
2018-01-25 11:49:40.888000,5.0,4.99,5.0,2640600.0
2018-01-25 11:49:43.350000,5.0,4.99,5.0,2640600.0
2018-01-25 11:49:45.735000,5.0,4.99,5.0,2640600.0
2018-01-25 11:49:48.417000,5.0,4.99,5.0,2640600.0
2018-01-25 11:49:50.906000,5.0,4.99,5.0,2640600.0
2018-01-25 11:49:53.324000,5.0,4.99,5.0,2640600.0
