time,price,bid,ask,volume
2018-01-25 13:19:32.560000,5.0,4.99,5.0,2802300.0
2018-01-25 13:19:35.245000,5.0,4.99,5.0,2802300.0
2018-01-25 13:19:37.828000,5.0,4.99,5.0,2802300.0
2018-01-25 13:19:40.418000,5.0,4.99,5.0,2802300.0
2018-01-25 13:19:42.909000,5.0,4.99,5.0,2802300.0
2018-01-25 13:19:45.296000,5.0,4.99,5.0,2802300.0
2018-01-25 13:19:47.694000,5.0,4.99,5.0,2802300.0
2018-01-25 13:19:50.123000,5.0,4.99,5.0,2802300.0
2018-01-25 13:19:52.740000,5.0,4.99,5.0,2802300.0
2018-01-25 13:19:55.437000,5.0,4.99,5.0,2802300.0
2018-01-25 13:19:58.003000,5.0,4.99,5.0,2802300.0
2018-01-25 13:20:00.550000,5.0,4.99,5.0,2802300.0
2018-01-25 13:20:03.050000,5.0,4.99,5.0,2802300.0
2018-01-25 13:20:05.487000,5.0,4.99,5.0,2802300.0
2018-01-25 13:20:08.475000,5.0,4.99,5.0,2802300.0
2018-01-25 13:20:11.169000,5.0,4.99,5.0,2802300.0
2018-01-25 13:20:13.800000,5.0,4.99,5.0,2802300.0
2018-01-25 13:20:16.577000,5.0,4.99,5.0,2802300.0
2018-01-25 13:20:19.378000,5.0,4.99,5.0,2802300.0
2018-01-25 13:20:22.018000,5.0,4.99,5.0,2802300.0
2018-01-25 13:20:24.888000,5.0,4.99,5.0,2802300.0
2018-01-25 13:20:27.603000,5.0,4.99,5.0,2802300.0
2018-01-25 13:20:30.571000,5.0,4.99,5.0,2802300.0
2018-01-25 13:20:33.137000,5.0,4.99,5.0,2802300.0
2018-01-25 13:20:35.842000,5.0,4.99,5.0,2802300.0
2018-01-25 13:20:38.506000,5.0,4.99,5.0,2802300.0
2018-01-25 13:20:41.517000,5.0,4.99,5.0,2802300.0
2018-01-25 13:20:44.200000,5.0,4.99,5.0,2802300.0
2018-01-25 13:20:47.128000,5.0,4.99,5.0,2802300.0
2018-01-25 13:20:49.972000,5.0,4.99,5.0,2802300.0
2018-01-25 13:20:52.861000,5.0,4.99,5.0,2802300.0
2018-01-25 13:20:55.561000,5.0,4.99,5.0,2802300.0
2018-01-25 13:20:58.603000,5.0,4.99,5.0,2802300.0
2018-01-25 13:21:01.400000,5.0,4.99,5.0,2802300.0
2018-01-25 13:21:04.067000,5.0,4.99,5.0,2802300.0
2018-01-25 13:21:07.130000,5.0,4.99,5.0,2802300.0
2018-01-25 13:21:09.774000,5.0,4.99,5.0,2802300.0
2018-01-25 13:21:12.681000,5.0,4.99,5.0,2802300.0
2018-01-25 13:21:15.471000,5.0,4.99,5.0,2802300.0
2018-01-25 13:21:18.193000,5.0,4.99,5.0,2802300.0
2018-01-25 13:21:21.062000,5.0,4.99,5.0,2802300.0
2018-01-25 13:21:23.625000,5.0,4.99,5.0,2802300.0
2018-01-25 13:21:26.600000,5.0,4.99,5.0,2802300.0
2018-01-25 13:21:29.635000,5.0,4.99,5.0,2802300.0
2018-01-25 13:21:32.427000,5.0,4.99,5.0,2802300.0
2018-01-25 13:21:35.173000,5.0,4.99,5.0,2802300.0
2018-01-25 13:21:38.248000,5.0,4.99,5.0,2802300.0
2018-01-25 13:21:41.252000,5.0,4.99,5.0,2802300.0
2018-01-25 13:21:44.009000,5.0,4.99,5.0,2802300.0
2018-01-25 13:21:46.582000,5.0,4.99,5.0,2802300.0
2018-01-25 13:21:49.276000,5.0,4.99,5.0,2802300.0
2018-01-25 13:21:51.987000,5.0,4.99,5.0,2802300.0
2018-01-25 13:21:54.743000,5.0,4.99,5.0,2802300.0
2018-01-25 13:21:57.434000,5.0,4.99,5.0,2802300.0
2018-01-25 13:22:00.425000,5.0,4.99,5.0,2802300.0
2018-01-25 13:22:03.163000,5.0,4.99,5.0,2802300.0
2018-01-25 13:22:05.706000,5.0,4.99,5.0,2802300.0
2018-01-25 13:22:08.619000,5.0,4.99,5.0,2802300.0
2018-01-25 13:22:11.213000,5.0,4.99,5.0,2802300.0
2018-01-25 13:22:14.091000,5.0,4.99,5.0,2802300.0
2018-01-25 13:22:16.879000,5.0,4.99,5.0,2802300.0
2018-01-25 13:22:19.558000,5.0,4.99,5.0,2802300.0
2018-01-25 13:22:22.440000,5.0,4.99,5.0,2802300.0
2018-01-25 13:22:25.203000,5.0,4.99,5.0,2802300.0
2018-01-25 13:22:27.868000,5.0,4.99,5.0,2802300.0
2018-01-25 13:22:30.720000,5.0,4.99,5.0,2802300.0
2018-01-25 13:22:33.422000,5.0,4.99,5.0,2802300.0
2018-01-25 13:22:36.256000,5.0,4.99,5.0,2802300.0
2018-01-25 13:22:39.272000,5.0,4.99,5.0,2802300.0
2018-01-25 13:22:41.944000,5.0,4.99,5.0,2802300.0
2018-01-25 13:22:44.697000,5.0,4.99,5.0,2802300.0
2018-01-25 13:22:47.661000,5.0,4.99,5.0,2802300.0
2018-01-25 13:22:50.551000,5.0,4.99,5.0,2802300.0
2018-01-25 13:22:53.254000,5.0,4.99,5.0,2802300.0
2018-01-25 13:22:56.050000,5.0,4.99,5.0,2802300.0
2018-01-25 13:22:58.674000,5.0,4.99,5.0,2802300.0
2018-01-25 13:23:01.345000,5.0,4.99,5.0,2802300.0
2018-01-25 13:23:04.428000,5.0,4.99,5.0,2802300.0
2018-01-25 13:23:07.243000,5.0,4.99,5.0,2802300.0
2018-01-25 13:23:10.149000,5.0,4.99,5.0,2802300.0
2018-01-25 13:23:12.989000,5.0,4.99,5.0,2802300.0
2018-01-25 13:23:15.612000,5.0,4.99,5.0,2802300.0
2018-01-25 13:23:18.371000,5.0,4.99,5.0,2802300.0
2018-01-25 13:23:21.079000,5.0,4.99,5.0,2802300.0
2018-01-25 13:23:23.803000,5.0,4.99,5.0,2802300.0
2018-01-25 13:23:26.555000,5.0,4.99,5.0,2802300.0
2018-01-25 13:23:29.259000,5.0,4.99,5.0,2802300.0
2018-01-25 13:23:31.997000,5.0,4.99,5.0,2802300.0
2018-01-25 13:23:34.780000,5.0,4.99,5.0,2802300.0
2018-01-25 13:23:37.545000,5.0,4.99,5.0,2802300.0
2018-01-25 13:23:40.361000,5.0,4.99,5.0,2802300.0
2018-01-25 13:23:43.087000,5.0,4.99,5.0,2802300.0
2018-01-25 13:23:45.770000,5.0,4.99,5.0,2802300.0
2018-01-25 13:23:48.430000,5.0,4.99,5.0,2802300.0
2018-01-25 13:23:51.242000,5.0,4.99,5.0,2802300.0
2018-01-25 13:23:53.987000,5.0,4.99,5.0,2802300.0
2018-01-25 13:23:56.662000,5.0,4.99,5.0,2802300.0
2018-01-25 13:23:59.472000,5.0,4.99,5.0,2802300.0
2018-01-25 13:24:02.190000,5.0,4.99,5.0,2802300.0
2018-01-25 13:24:05.105000,5.0,4.99,5.0,2802300.0
2018-01-25 13:24:07.850000,5.0,4.99,5.0,2802300.0
2018-01-25 13:24:10.568000,5.0,4.99,5.0,2802300.0
2018-01-25 13:24:13.365000,5.0,4.99,5.0,2802300.0
2018-01-25 13:24:16.301000,5.0,4.99,5.0,2802300.0
2018-01-25 13:24:19.056000,5.0,4.99,5.0,2802300.0
2018-01-25 13:24:21.821000,5.0,4.99,5.0,2802300.0
2018-01-25 13:24:24.575000,5.0,4.99,5.0,2802300.0
2018-01-25 13:24:27.350000,5.0,4.99,5.0,2802300.0
2018-01-25 13:24:30.025000,5.0,4.99,5.0,2802300.0
2018-01-25 13:24:32.742000,5.0,4.99,5.0,2802300.0
2018-01-25 13:24:35.455000,5.0,4.99,5.0,2802300.0
2018-01-25 13:24:38.383000,5.0,4.99,5.0,2802300.0
2018-01-25 13:24:41.175000,5.0,4.99,5.0,2802300.0
2018-01-25 13:24:43.867000,5.0,4.99,5.0,2802300.0
2018-01-25 13:24:46.567000,5.0,4.99,5.0,2802300.0
2018-01-25 13:24:49.377000,5.0,4.99,5.0,2802300.0
2018-01-25 13:24:52.435000,5.0,4.99,5.0,2802300.0
2018-01-25 13:24:55.450000,5.0,4.99,5.0,2802300.0
2018-01-25 13:24:58.179000,5.0,4.99,5.0,2802300.0
2018-01-25 13:25:00.912000,5.0,4.99,5.0,2802300.0
2018-01-25 13:25:03.791000,5.0,4.99,5.0,2802300.0
2018-01-25 13:25:06.416000,5.0,4.99,5.0,2802300.0
2018-01-25 13:25:09.200000,5.0,4.99,5.0,2802300.0
2018-01-25 13:25:11.912000,5.0,4.99,5.0,2802300.0
2018-01-25 13:25:14.625000,5.0,4.99,5.0,2802300.0
2018-01-25 13:25:17.280000,5.0,4.99,5.0,2802300.0
2018-01-25 13:25:20.094000,5.0,4.99,5.0,2802300.0
2018-01-25 13:25:23.102000,5.0,4.99,5.0,2802300.0
2018-01-25 13:25:25.818000,5.0,4.99,5.0,2802300.0
2018-01-25 13:25:28.530000,5.0,4.99,5.0,2802300.0
2018-01-25 13:25:31.209000,5.0,4.99,5.0,2802300.0
2018-01-25 13:25:34.149000,5.0,4.99,5.0,2802300.0
2018-01-25 13:25:37.204000,5.0,4.99,5.0,2802300.0
2018-01-25 13:25:39.930000,5.0,4.99,5.0,2802300.0
2018-01-25 13:25:42.705000,5.0,4.99,5.0,2802300.0
2018-01-25 13:25:45.485000,5.0,4.99,5.0,2802300.0
2018-01-25 13:25:48.255000,5.0,4.99,5.0,2802300.0
2018-01-25 13:25:50.914000,5.0,4.99,5.0,2802300.0
2018-01-25 13:25:53.657000,5.0,4.99,5.0,2802300.0
2018-01-25 13:25:56.506000,5.0,4.99,5.0,2802300.0
2018-01-25 13:25:59.199000,5.0,4.99,5.0,2802300.0
2018-01-25 13:26:01.979000,5.0,4.99,5.0,2802300.0
2018-01-25 13:26:04.815000,5.0,4.99,5.0,2802300.0
2018-01-25 13:26:07.894000,5.0,4.99,5.0,2802300.0
2018-01-25 13:26:10.866000,5.0,4.99,5.0,2802300.0
2018-01-25 13:26:13.619000,5.0,4.99,5.0,2802300.0
2018-01-25 13:26:16.526000,5.0,4.99,5.0,2802300.0
2018-01-25 13:26:19.269000,5.0,4.99,5.0,2802300.0
2018-01-25 13:26:21.992000,5.0,4.99,5.0,2802300.0
2018-01-25 13:26:24.801000,5.0,4.99,5.0,2802300.0
2018-01-25 13:26:27.499000,5.0,4.99,5.0,2802300.0
2018-01-25 13:26:30.152000,5.0,4.99,5.0,2802300.0
2018-01-25 13:26:33.278000,5.0,4.99,5.0,2802300.0
2018-01-25 13:26:36.361000,5.0,4.99,5.0,2802300.0
2018-01-25 13:26:39.223000,5.0,4.99,5.0,2802300.0
2018-01-25 13:26:42.158000,5.0,4.99,5.0,2802300.0
2018-01-25 13:26:44.887000,5.0,4.99,5.0,2802300.0
2018-01-25 13:26:47.619000,5.0,4.99,5.0,2802300.0
2018-01-25 13:26:50.490000,5.0,4.99,5.0,2802300.0
2018-01-25 13:26:53.088000,5.0,4.99,5.0,2802300.0
2018-01-25 13:26:55.680000,5.0,4.99,5.0,2802300.0
2018-01-25 13:26:58.549000,5.0,4.99,5.0,2802300.0
2018-01-25 13:27:01.499000,5.0,4.99,5.0,2802300.0
2018-01-25 13:27:04.236000,5.0,4.99,5.0,2802300.0
2018-01-25 13:27:06.939000,5.0,4.99,5.0,2802300.0
2018-01-25 13:27:09.819000,5.0,4.99,5.0,2802300.0
2018-01-25 13:27:12.807000,5.0,4.99,5.0,2802300.0
2018-01-25 13:27:15.691000,5.0,4.99,5.0,2802300.0
2018-01-25 13:27:18.599000,5.0,4.99,5.0,2802300.0
2018-01-25 13:27:21.495000,5.0,4.99,5.0,2802300.0
2018-01-25 13:27:24.160000,5.0,4.99,5.0,2802300.0
2018-01-25 13:27:27.009000,5.0,4.99,5.0,2802300.0
2018-01-25 13:27:29.668000,5.0,4.99,5.0,2802300.0
2018-01-25 13:27:32.447000,5.0,4.99,5.0,2802300.0
2018-01-25 13:27:35.199000,5.0,4.99,5.0,2802300.0
2018-01-25 13:27:37.888000,5.0,4.99,5.0,2802300.0
2018-01-25 13:27:40.573000,5.0,4.99,5.0,2802300.0
2018-01-25 13:27:43.285000,5.0,4.99,5.0,2802300.0
2018-01-25 13:27:45.931000,5.0,4.99,5.0,2802300.0
2018-01-25 13:27:48.651000,5.0,4.99,5.0,2802300.0
2018-01-25 13:27:51.449000,5.0,4.99,5.0,2802300.0
2018-01-25 13:27:54.253000,5.0,4.99,5.0,2802300.0
2018-01-25 13:27:56.919000,5.0,4.99,5.0,2802300.0
2018-01-25 13:27:59.479000,5.0,4.99,5.0,2802300.0
2018-01-25 13:28:02.118000,5.0,4.99,5.0,2802300.0
2018-01-25 13:28:04.860000,5.0,4.99,5.0,2802300.0
2018-01-25 13:28:07.913000,5.0,4.99,5.0,2802300.0
2018-01-25 13:28:10.852000,5.0,4.99,5.0,2802300.0
2018-01-25 13:28:13.615000,5.0,4.99,5.0,2802300.0
2018-01-25 13:28:16.386000,5.0,4.99,5.0,2802300.0
2018-01-25 13:28:19.094000,5.0,4.99,5.0,2802300.0
2018-01-25 13:28:21.849000,5.0,4.99,5.0,2802300.0
2018-01-25 13:28:24.642000,5.0,4.99,5.0,2802300.0
2018-01-25 13:28:27.391000,5.0,4.99,5.0,2802300.0
2018-01-25 13:28:30.175000,5.0,4.99,5.0,2802300.0
2018-01-25 13:28:32.732000,5.0,4.99,5.0,2802300.0
2018-01-25 13:28:35.569000,5.0,4.99,5.0,2802300.0
2018-01-25 13:28:38.325000,5.0,4.99,5.0,2802300.0
2018-01-25 13:28:41.103000,5.0,4.99,5.0,2802300.0
2018-01-25 13:28:44.103000,5.0,4.99,5.0,2802300.0
2018-01-25 13:28:46.889000,5.0,4.99,5.0,2802300.0
2018-01-25 13:28:49.303000,5.0,4.99,5.0,2802300.0
2018-01-25 13:28:51.845000,5.0,4.99,5.0,2802300.0
2018-01-25 13:28:54.527000,5.0,4.99,5.0,2802300.0
2018-01-25 13:28:57.120000,5.0,4.99,5.0,2802300.0
2018-01-25 13:28:59.880000,5.0,4.99,5.0,2802300.0
2018-01-25 13:29:02.560000,5.0,4.99,5.0,2802300.0
2018-01-25 13:29:05.205000,5.0,4.99,5.0,2802300.0
2018-01-25 13:29:08.015000,5.0,4.99,5.0,2802300.0
2018-01-25 13:29:10.870000,5.0,4.99,5.0,2802300.0
2018-01-25 13:29:13.576000,5.0,4.99,5.0,2802300.0
2018-01-25 13:29:16.232000,5.0,4.99,5.0,2802300.0
2018-01-25 13:29:19.047000,5.0,4.99,5.0,2802300.0
2018-01-25 13:29:21.710000,5.0,4.99,5.0,2802300.0
2018-01-25 13:29:24.439000,5.0,4.99,5.0,2802300.0
2018-01-25 13:29:27.231000,5.0,4.99,5.0,2802300.0
2018-01-25 13:29:29.942000,5.0,4.99,5.0,2802300.0
2018-01-25 13:29:32.579000,5.0,4.99,5.0,2802300.0
2018-01-25 13:29:34.991000,5.0,4.99,5.0,2802300.0
2018-01-25 13:29:37.660000,5.0,4.99,5.0,2802300.0
2018-01-25 13:29:40.699000,5.0,4.99,5.0,2802300.0
2018-01-25 13:29:43.329000,5.0,4.99,5.0,2802300.0
2018-01-25 13:29:45.817000,5.0,4.99,5.0,2802300.0
2018-01-25 13:29:48.755000,5.0,4.99,5.0,2802300.0
2018-01-25 13:29:51.713000,5.0,4.99,5.0,2802300.0
2018-01-25 13:29:54.582000,5.0,4.99,5.0,2802300.0
2018-01-25 13:29:57.300000,5.0,4.99,5.0,2802300.0
2018-01-25 13:29:59.948000,5.0,4.99,5.0,2802300.0
2018-01-25 13:30:02.761000,5.0,4.99,5.0,2802300.0
2018-01-25 13:30:05.450000,5.0,4.99,5.0,2802300.0
2018-01-25 13:30:08.430000,5.0,4.99,5.0,2802300.0
2018-01-25 13:30:11.279000,5.0,4.99,5.0,2802300.0
2018-01-25 13:30:14.047000,5.0,4.99,5.0,2802300.0
2018-01-25 13:30:16.593000,5.0,4.99,5.0,2802300.0
2018-01-25 13:30:19.343000,5.0,4.99,5.0,2802300.0
2018-01-25 13:30:22.280000,5.0,4.99,5.0,2802300.0
2018-01-25 13:30:24.893000,5.0,4.99,5.0,2802300.0
2018-01-25 13:30:27.634000,5.0,4.99,5.0,2802300.0
2018-01-25 13:30:30.509000,5.0,4.99,5.0,2802300.0
2018-01-25 13:30:33.116000,5.0,4.99,5.0,2802300.0
2018-01-25 13:30:36.674000,5.0,4.99,5.0,2802300.0
2018-01-25 13:30:39.412000,5.0,4.99,5.0,2802300.0
2018-01-25 13:30:42.280000,5.0,4.99,5.0,2802300.0
2018-01-25 13:30:44.923000,5.0,4.99,5.0,2802300.0
2018-01-25 13:30:47.721000,5.0,4.99,5.0,2802300.0
2018-01-25 13:30:50.422000,5.0,4.99,5.0,2802300.0
2018-01-25 13:30:53.110000,5.0,4.99,5.0,2802300.0
2018-01-25 13:30:56.077000,5.0,4.99,5.0,2802300.0
2018-01-25 13:30:58.719000,5.0,4.99,5.0,2802300.0
2018-01-25 13:31:01.263000,5.0,4.99,5.0,2802300.0
2018-01-25 13:31:03.829000,5.0,4.99,5.0,2802300.0
2018-01-25 13:31:06.438000,5.0,4.99,5.0,2802300.0
2018-01-25 13:31:09.106000,5.0,4.99,5.0,2802300.0
2018-01-25 13:31:11.827000,5.0,4.99,5.0,2802300.0
2018-01-25 13:31:14.545000,5.0,4.99,5.0,2802300.0
2018-01-25 13:31:17.296000,5.0,4.99,5.0,2802300.0
2018-01-25 13:31:19.938000,5.0,4.99,5.0,2802300.0
2018-01-25 13:31:22.584000,5.0,4.99,5.0,2802300.0
2018-01-25 13:31:25.265000,5.0,4.99,5.0,2802300.0
2018-01-25 13:31:28.083000,5.0,4.99,5.0,2802300.0
2018-01-25 13:31:30.650000,5.0,4.99,5.0,2802300.0
2018-01-25 13:31:33.433000,5.0,4.99,5.0,2802300.0
2018-01-25 13:31:36.277000,5.0,4.99,5.0,2802300.0
2018-01-25 13:31:38.740000,5.0,4.99,5.0,2802300.0
2018-01-25 13:31:41.376000,5.0,4.99,5.0,2802300.0
2018-01-25 13:31:44.040000,5.0,4.99,5.0,2802300.0
2018-01-25 13:31:46.546000,5.0,4.99,5.0,2802300.0
2018-01-25 13:31:49.299000,5.0,4.99,5.0,2802300.0
2018-01-25 13:31:52.057000,5.0,4.99,5.0,2802300.0
2018-01-25 13:31:54.754000,5.0,4.99,5.0,2802300.0
2018-01-25 13:31:57.349000,5.0,4.99,5.0,2802300.0
2018-01-25 13:31:59.852000,5.0,4.99,5.0,2802300.0
2018-01-25 13:32:02.507000,5.0,4.99,5.0,2802300.0
2018-01-25 13:32:04.948000,5.0,4.99,5.0,2802300.0
2018-01-25 13:32:07.581000,5.0,4.99,5.0,2802300.0
2018-01-25 13:32:10.316000,5.0,4.99,5.0,2802300.0
2018-01-25 13:32:12.995000,5.0,4.99,5.0,2802300.0
2018-01-25 13:32:15.754000,5.0,4.99,5.0,2802300.0
2018-01-25 13:32:18.460000,5.0,4.99,5.0,2802300.0
2018-01-25 13:32:21.131000,5.0,4.99,5.0,2802300.0
2018-01-25 13:32:23.758000,5.0,4.99,5.0,2802300.0
2018-01-25 13:32:26.371000,5.0,4.99,5.0,2802300.0
2018-01-25 13:32:29.083000,5.0,4.99,5.0,2802300.0
2018-01-25 13:32:31.765000,5.0,4.99,5.0,2802300.0
2018-01-25 13:32:34.441000,5.0,4.99,5.0,2802300.0
2018-01-25 13:32:37.210000,5.0,4.99,5.0,2802300.0
2018-01-25 13:32:39.810000,5.0,4.99,5.0,2802300.0
2018-01-25 13:32:42.314000,5.0,4.99,5.0,2802300.0
2018-01-25 13:32:44.896000,5.0,4.99,5.0,2802300.0
2018-01-25 13:32:47.579000,5.0,4.99,5.0,2802300.0
2018-01-25 13:32:50.270000,5.0,4.99,5.0,2802300.0
2018-01-25 13:32:52.861000,5.0,4.99,5.0,2802300.0
2018-01-25 13:32:55.542000,5.0,4.99,5.0,2802300.0
2018-01-25 13:32:58.179000,5.0,4.99,5.0,2802300.0
2018-01-25 13:33:00.839000,5.0,4.99,5.0,2802300.0
2018-01-25 13:33:03.616000,5.0,4.99,5.0,2802300.0
2018-01-25 13:33:06.185000,5.0,4.99,5.0,2802300.0
2018-01-25 13:33:08.740000,5.0,4.99,5.0,2802300.0
2018-01-25 13:33:11.520000,5.0,4.99,5.0,2802300.0
2018-01-25 13:33:14.135000,5.0,4.99,5.0,2802300.0
2018-01-25 13:33:16.987000,5.0,4.99,5.0,2802300.0
2018-01-25 13:33:19.850000,5.0,4.99,5.0,2802300.0
2018-01-25 13:33:22.558000,5.0,4.99,5.0,2802300.0
2018-01-25 13:33:25.233000,5.0,4.99,5.0,2802300.0
2018-01-25 13:33:27.852000,5.0,4.99,5.0,2802300.0
2018-01-25 13:33:30.575000,5.0,4.99,5.0,2802300.0
2018-01-25 13:33:33.309000,5.0,4.99,5.0,2802300.0
2018-01-25 13:33:36.151000,5.0,4.99,5.0,2802300.0
2018-01-25 13:33:38.686000,5.0,4.99,5.0,2802300.0
2018-01-25 13:33:41.269000,5.0,4.99,5.0,2802300.0
2018-01-25 13:33:43.951000,5.0,4.99,5.0,2802300.0
2018-01-25 13:33:46.365000,5.0,4.99,5.0,2802300.0
2018-01-25 13:33:48.904000,5.0,4.99,5.0,2802300.0
2018-01-25 13:33:51.579000,5.0,4.99,5.0,2802300.0
2018-01-25 13:33:54.214000,5.0,4.99,5.0,2802300.0
2018-01-25 13:33:57.146000,5.0,4.99,5.0,2802300.0
2018-01-25 13:33:59.916000,5.0,4.99,5.0,2802300.0
2018-01-25 13:34:02.649000,5.0,4.99,5.0,2802300.0
2018-01-25 13:34:05.301000,5.0,4.99,5.0,2802300.0
2018-01-25 13:34:07.933000,5.0,4.99,5.0,2802300.0
2018-01-25 13:34:10.463000,5.0,4.99,5.0,2802300.0
2018-01-25 13:34:13.199000,5.0,4.99,5.0,2802300.0
2018-01-25 13:34:15.871000,5.0,4.99,5.0,2802300.0
2018-01-25 13:34:18.432000,5.0,4.99,5.0,2802300.0
2018-01-25 13:34:21.077000,5.0,4.99,5.0,2802300.0
2018-01-25 13:34:23.641000,5.0,4.99,5.0,2802300.0
2018-01-25 13:34:26.362000,5.0,4.99,5.0,2802300.0
2018-01-25 13:34:29.373000,5.0,4.99,5.0,2802300.0
2018-01-25 13:34:31.960000,5.0,4.99,5.0,2802300.0
2018-01-25 13:34:34.689000,5.0,4.99,5.0,2802300.0
2018-01-25 13:34:37.291000,5.0,4.99,5.0,2802300.0
2018-01-25 13:34:39.782000,5.0,4.99,5.0,2802300.0
2018-01-25 13:34:42.338000,5.0,4.99,5.0,2802300.0
2018-01-25 13:34:45.091000,5.0,4.99,5.0,2802300.0
2018-01-25 13:34:47.617000,5.0,4.99,5.0,2802300.0
2018-01-25 13:34:50.167000,5.0,4.99,5.0,2802300.0
2018-01-25 13:34:52.694000,5.0,4.99,5.0,2802300.0
2018-01-25 13:34:55.260000,5.0,4.99,5.0,2802300.0
2018-01-25 13:34:58.093000,5.0,4.99,5.0,2802300.0
2018-01-25 13:35:00.687000,5.0,4.99,5.0,2802300.0
2018-01-25 13:35:03.417000,5.0,4.99,5.0,2802300.0
2018-01-25 13:35:06.050000,5.0,4.99,5.0,2802300.0
2018-01-25 13:35:09.022000,5.0,4.99,5.0,2802300.0
2018-01-25 13:35:11.974000,5.0,4.99,5.0,2802300.0
2018-01-25 13:35:14.596000,5.0,4.99,5.0,2802300.0
2018-01-25 13:35:17.271000,5.0,4.99,5.0,2802300.0
2018-01-25 13:35:20.221000,5.0,4.99,5.0,2802300.0
2018-01-25 13:35:22.695000,5.0,4.99,5.0,2802300.0
2018-01-25 13:35:25.365000,5.0,4.99,5.0,2802300.0
2018-01-25 13:35:28.163000,5.0,4.99,5.0,2802300.0
2018-01-25 13:35:30.777000,5.0,4.99,5.0,2802300.0
2018-01-25 13:35:34.289000,5.0,4.99,5.0,2802300.0
2018-01-25 13:35:36.851000,5.0,4.99,5.0,2802300.0
2018-01-25 13:35:39.536000,5.0,4.99,5.0,2802300.0
2018-01-25 13:35:42.412000,5.0,4.99,5.0,2802300.0
2018-01-25 13:35:45.149000,5.0,4.99,5.0,2802300.0
2018-01-25 13:35:47.881000,5.0,4.99,5.0,2802300.0
2018-01-25 13:35:50.817000,5.0,4.99,5.0,2802300.0
2018-01-25 13:35:53.775000,5.0,4.99,5.0,2802300.0
2018-01-25 13:35:56.491000,5.0,4.99,5.0,2802300.0
2018-01-25 13:35:59.093000,5.0,4.99,5.0,2802300.0
2018-01-25 13:36:01.864000,5.0,4.99,5.0,2802300.0
2018-01-25 13:36:04.671000,5.0,4.99,5.0,2802300.0
2018-01-25 13:36:07.257000,5.0,4.99,5.0,2802300.0
2018-01-25 13:36:09.884000,5.0,4.99,5.0,2802300.0
2018-01-25 13:36:12.525000,5.0,4.99,5.0,2802300.0
2018-01-25 13:36:15.182000,5.0,4.99,5.0,2802300.0
2018-01-25 13:36:18.235000,5.0,4.99,5.0,2802300.0
2018-01-25 13:36:21.261000,5.0,4.99,5.0,2802300.0
2018-01-25 13:36:23.860000,5.0,4.99,5.0,2802300.0
2018-01-25 13:36:26.459000,5.0,4.99,5.0,2802300.0
2018-01-25 13:36:29.289000,5.0,4.99,5.0,2802300.0
2018-01-25 13:36:31.849000,5.0,4.99,5.0,2802300.0
2018-01-25 13:36:34.486000,5.0,4.99,5.0,2802300.0
2018-01-25 13:36:37.116000,5.0,4.99,5.0,2802300.0
2018-01-25 13:36:39.838000,5.0,4.99,5.0,2802300.0
2018-01-25 13:36:42.540000,5.0,4.99,5.0,2802300.0
2018-01-25 13:36:45.295000,5.0,4.99,5.0,2802300.0
2018-01-25 13:36:47.912000,5.0,4.99,5.0,2802300.0
2018-01-25 13:36:50.631000,5.0,4.99,5.0,2802300.0
2018-01-25 13:36:53.478000,5.0,4.99,5.0,2802300.0
2018-01-25 13:36:56.287000,5.0,4.99,5.0,2802300.0
2018-01-25 13:36:58.863000,5.0,4.99,5.0,2802300.0
2018-01-25 13:37:01.663000,5.0,4.99,5.0,2802300.0
2018-01-25 13:37:04.846000,5.0,4.99,5.0,2802300.0
2018-01-25 13:37:07.541000,5.0,4.99,5.0,2802300.0
2018-01-25 13:37:10.344000,5.0,4.99,5.0,2802300.0
2018-01-25 13:37:13.466000,5.0,4.99,5.0,2802300.0
2018-01-25 13:37:16.126000,5.0,4.99,5.0,2802300.0
2018-01-25 13:37:18.716000,5.0,4.99,5.0,2802300.0
2018-01-25 13:37:21.287000,5.0,4.99,5.0,2802300.0
2018-01-25 13:37:23.992000,5.0,4.99,5.0,2802300.0
2018-01-25 13:37:26.727000,5.0,4.99,5.0,2802300.0
2018-01-25 13:37:29.353000,5.0,4.99,5.0,2802300.0
2018-01-25 13:37:31.978000,5.0,4.99,5.0,2802300.0
2018-01-25 13:37:34.713000,5.0,4.99,5.0,2802300.0
2018-01-25 13:37:37.342000,5.0,4.99,5.0,2802300.0
2018-01-25 13:37:40.217000,5.0,4.99,5.0,2802300.0
2018-01-25 13:37:42.776000,5.0,4.99,5.0,2802300.0
2018-01-25 13:37:45.531000,5.0,4.99,5.0,2802300.0
2018-01-25 13:37:48.135000,5.0,4.99,5.0,2802300.0
2018-01-25 13:37:50.971000,5.0,4.99,5.0,2802300.0
2018-01-25 13:37:53.659000,5.0,4.99,5.0,2802300.0
2018-01-25 13:37:56.602000,5.0,4.99,5.0,2802300.0
2018-01-25 13:37:59.268000,5.0,4.99,5.0,2802300.0
2018-01-25 13:38:02.040000,5.0,4.99,5.0,2802300.0
2018-01-25 13:38:04.707000,5.0,4.99,5.0,2802300.0
2018-01-25 13:38:07.305000,5.0,4.99,5.0,2802300.0
2018-01-25 13:38:09.796000,5.0,4.99,5.0,2802300.0
2018-01-25 13:38:12.562000,5.0,4.99,5.0,2802300.0
2018-01-25 13:38:15.057000,5.0,4.99,5.0,2802300.0
2018-01-25 13:38:17.999000,5.0,4.99,5.0,2802300.0
2018-01-25 13:38:20.748000,5.0,4.99,5.0,2802300.0
2018-01-25 13:38:23.464000,5.0,4.99,5.0,2802300.0
2018-01-25 13:38:26.161000,5.0,4.99,5.0,2802300.0
2018-01-25 13:38:28.862000,5.0,4.99,5.0,2802300.0
2018-01-25 13:38:31.497000,5.0,4.99,5.0,2802300.0
2018-01-25 13:38:34.294000,5.0,4.99,5.0,2802300.0
2018-01-25 13:38:36.962000,5.0,4.99,5.0,2802300.0
2018-01-25 13:38:39.605000,5.0,4.99,5.0,2802300.0
2018-01-25 13:38:42.318000,5.0,4.99,5.0,2802300.0
2018-01-25 13:38:44.935000,5.0,4.99,5.0,2802300.0
2018-01-25 13:38:47.608000,5.0,4.99,5.0,2802300.0
2018-01-25 13:38:50.295000,5.0,4.99,5.0,2802300.0
2018-01-25 13:38:52.983000,5.0,4.99,5.0,2802300.0
2018-01-25 13:38:55.773000,5.0,4.99,5.0,2802300.0
2018-01-25 13:38:58.407000,5.0,4.99,5.0,2802300.0
2018-01-25 13:39:01.085000,5.0,4.99,5.0,2802300.0
2018-01-25 13:39:03.871000,5.0,4.99,5.0,2802300.0
2018-01-25 13:39:06.534000,5.0,4.99,5.0,2802300.0
2018-01-25 13:39:09.224000,5.0,4.99,5.0,2802300.0
2018-01-25 13:39:12.091000,5.0,4.99,5.0,2802300.0
2018-01-25 13:39:14.702000,5.0,4.99,5.0,2802300.0
2018-01-25 13:39:17.423000,5.0,4.99,5.0,2802300.0
2018-01-25 13:39:19.968000,5.0,4.99,5.0,2802300.0
2018-01-25 13:39:22.782000,5.0,4.99,5.0,2802300.0
2018-01-25 13:39:25.550000,5.0,4.99,5.0,2802300.0
2018-01-25 13:39:28.236000,5.0,4.99,5.0,2802300.0
2018-01-25 13:39:30.945000,5.0,4.99,5.0,2802300.0
2018-01-25 13:39:33.471000,5.0,4.99,5.0,2802300.0
2018-01-25 13:39:36.224000,5.0,4.99,5.0,2802300.0
2018-01-25 13:39:38.781000,5.0,4.99,5.0,2802300.0
2018-01-25 13:39:41.554000,5.0,4.99,5.0,2802300.0
2018-01-25 13:39:44.272000,5.0,4.99,5.0,2802300.0
2018-01-25 13:39:46.904000,5.0,4.99,5.0,2802300.0
2018-01-25 13:39:49.454000,5.0,4.99,5.0,2802300.0
2018-01-25 13:39:51.949000,5.0,4.99,5.0,2802300.0
2018-01-25 13:39:54.553000,5.0,4.99,5.0,2802300.0
2018-01-25 13:39:57.305000,5.0,4.99,5.0,2802300.0
2018-01-25 13:39:59.907000,5.0,4.99,5.0,2802300.0
2018-01-25 13:40:02.745000,5.0,4.99,5.0,2802300.0
2018-01-25 13:40:05.505000,5.0,4.99,5.0,2802300.0
2018-01-25 13:40:08.138000,5.0,4.99,5.0,2802300.0
2018-01-25 13:40:10.842000,5.0,4.99,5.0,2802300.0
2018-01-25 13:40:13.422000,5.0,4.99,5.0,2802300.0
2018-01-25 13:40:16.035000,5.0,4.99,5.0,2802300.0
2018-01-25 13:40:18.711000,5.0,4.99,5.0,2802300.0
2018-01-25 13:40:21.367000,5.0,4.99,5.0,2802300.0
2018-01-25 13:40:24.110000,5.0,4.99,5.0,2802300.0
2018-01-25 13:40:26.742000,5.0,4.99,5.0,2802300.0
2018-01-25 13:40:29.371000,5.0,4.99,5.0,2802300.0
2018-01-25 13:40:31.918000,5.0,4.99,5.0,2802300.0
2018-01-25 13:40:34.513000,5.0,4.99,5.0,2802300.0
2018-01-25 13:40:37.122000,5.0,4.99,5.0,2802300.0
2018-01-25 13:40:39.800000,5.0,4.99,5.0,2802300.0
2018-01-25 13:40:42.554000,5.0,4.99,5.0,2802300.0
2018-01-25 13:40:45.368000,5.0,4.99,5.0,2802300.0
2018-01-25 13:40:47.934000,5.0,4.99,5.0,2802300.0
2018-01-25 13:40:50.622000,5.0,4.99,5.0,2802300.0
2018-01-25 13:40:53.390000,5.0,4.99,5.0,2802300.0
2018-01-25 13:40:56.063000,5.0,4.99,5.0,2802300.0
2018-01-25 13:40:58.703000,5.0,4.99,5.0,2802300.0
2018-01-25 13:41:01.407000,5.0,4.99,5.0,2802300.0
2018-01-25 13:41:03.888000,5.0,4.99,5.0,2802300.0
2018-01-25 13:41:06.536000,5.0,4.99,5.0,2802300.0
2018-01-25 13:41:09.358000,5.0,4.99,5.0,2802300.0
2018-01-25 13:41:12.225000,5.0,4.99,5.0,2802300.0
2018-01-25 13:41:14.909000,5.0,4.99,5.0,2802300.0
2018-01-25 13:41:17.547000,5.0,4.99,5.0,2802300.0
2018-01-25 13:41:20.067000,5.0,4.99,5.0,2802300.0
2018-01-25 13:41:22.771000,5.0,4.99,5.0,2802300.0
2018-01-25 13:41:25.353000,5.0,4.99,5.0,2802300.0
2018-01-25 13:41:27.784000,5.0,4.99,5.0,2802300.0
2018-01-25 13:41:30.625000,5.0,4.99,5.0,2802300.0
2018-01-25 13:41:33.423000,5.0,4.99,5.0,2802300.0
2018-01-25 13:41:36.365000,5.0,4.99,5.0,2802300.0
2018-01-25 13:41:38.939000,5.0,4.99,5.0,2802300.0
2018-01-25 13:41:41.678000,5.0,4.99,5.0,2802300.0
2018-01-25 13:41:44.290000,5.0,4.99,5.0,2802300.0
2018-01-25 13:41:46.985000,5.0,4.99,5.0,2802300.0
2018-01-25 13:41:49.626000,5.0,4.99,5.0,2802300.0
2018-01-25 13:41:52.233000,5.0,4.99,5.0,2802300.0
2018-01-25 13:41:54.883000,5.0,4.99,5.0,2802300.0
2018-01-25 13:41:57.798000,5.0,4.99,5.0,2802300.0
2018-01-25 13:42:00.276000,5.0,4.99,5.0,2802300.0
2018-01-25 13:42:02.813000,5.0,4.99,5.0,2802300.0
2018-01-25 13:42:05.336000,5.0,4.99,5.0,2802300.0
2018-01-25 13:42:07.891000,5.0,4.99,5.0,2802300.0
2018-01-25 13:42:10.533000,4.99,4.98,5.0,2837400.0
2018-01-25 13:42:13.120000,4.99,4.98,5.0,2837400.0
2018-01-25 13:42:15.669000,4.99,4.98,5.0,2837400.0
2018-01-25 13:42:18.277000,4.99,4.98,5.0,2837400.0
2018-01-25 13:42:20.880000,4.99,4.98,5.0,2837400.0
2018-01-25 13:42:23.582000,4.99,4.98,5.0,2837400.0
2018-01-25 13:42:26.343000,4.99,4.98,5.0,2837400.0
2018-01-25 13:42:28.988000,4.99,4.98,5.0,2837400.0
2018-01-25 13:42:31.645000,4.99,4.98,5.0,2837400.0
2018-01-25 13:42:34.252000,4.99,4.98,5.0,2837400.0
2018-01-25 13:42:36.997000,4.99,4.98,5.0,2837400.0
2018-01-25 13:42:39.673000,4.99,4.98,5.0,2837400.0
2018-01-25 13:42:42.308000,4.99,4.98,5.0,2837400.0
2018-01-25 13:42:45.030000,4.99,4.98,5.0,2837400.0
2018-01-25 13:42:47.691000,4.99,4.98,5.0,2837400.0
2018-01-25 13:42:50.254000,4.99,4.98,5.0,2837400.0
2018-01-25 13:42:52.909000,4.99,4.98,5.0,2837400.0
2018-01-25 13:42:55.696000,4.99,4.98,5.0,2837400.0
2018-01-25 13:42:58.426000,4.99,4.98,5.0,2837400.0
2018-01-25 13:43:01.023000,4.99,4.98,5.0,2837400.0
2018-01-25 13:43:03.540000,4.99,4.98,5.0,2837400.0
2018-01-25 13:43:06.184000,4.99,4.98,5.0,2837400.0
2018-01-25 13:43:08.900000,4.99,4.98,5.0,2837400.0
2018-01-25 13:43:11.624000,4.99,4.98,5.0,2837400.0
2018-01-25 13:43:14.260000,4.99,4.98,5.0,2837400.0
2018-01-25 13:43:16.830000,4.99,4.98,5.0,2837400.0
2018-01-25 13:43:19.474000,4.99,4.98,5.0,2837400.0
2018-01-25 13:43:22.097000,4.99,4.98,5.0,2837400.0
2018-01-25 13:43:24.668000,4.99,4.98,5.0,2837400.0
2018-01-25 13:43:27.449000,4.99,4.98,5.0,2837400.0
2018-01-25 13:43:30.202000,4.99,4.98,5.0,2837400.0
2018-01-25 13:43:32.792000,4.99,4.98,5.0,2837400.0
2018-01-25 13:43:35.802000,4.99,4.98,5.0,2837400.0
2018-01-25 13:43:38.659000,4.99,4.98,5.0,2837400.0
2018-01-25 13:43:41.411000,4.99,4.98,5.0,2837400.0
2018-01-25 13:43:44.067000,4.99,4.98,5.0,2837400.0
2018-01-25 13:43:46.724000,4.99,4.98,5.0,2837400.0
2018-01-25 13:43:49.411000,4.99,4.98,5.0,2837400.0
2018-01-25 13:43:52.160000,4.99,4.98,5.0,2837400.0
2018-01-25 13:43:54.928000,4.99,4.98,5.0,2837400.0
2018-01-25 13:43:57.771000,4.99,4.98,5.0,2837400.0
2018-01-25 13:44:00.386000,4.99,4.98,5.0,2837400.0
2018-01-25 13:44:02.926000,4.99,4.98,5.0,2837400.0
2018-01-25 13:44:05.647000,4.99,4.98,5.0,2837400.0
2018-01-25 13:44:08.426000,4.99,4.98,5.0,2837400.0
2018-01-25 13:44:11.109000,4.99,4.98,5.0,2837400.0
2018-01-25 13:44:13.916000,4.99,4.98,5.0,2837400.0
2018-01-25 13:44:16.480000,4.99,4.98,5.0,2837400.0
2018-01-25 13:44:20.342000,4.99,4.98,5.0,2837400.0
2018-01-25 13:44:23.129000,4.99,4.98,5.0,2837400.0
2018-01-25 13:44:25.792000,4.99,4.98,5.0,2837400.0
2018-01-25 13:44:28.346000,4.99,4.98,5.0,2837400.0
2018-01-25 13:44:31.038000,4.99,4.98,5.0,2837400.0
2018-01-25 13:44:33.655000,4.99,4.98,5.0,2837400.0
2018-01-25 13:44:36.448000,4.99,4.98,5.0,2837400.0
2018-01-25 13:44:39.128000,4.99,4.98,5.0,2837400.0
2018-01-25 13:44:41.751000,4.99,4.98,5.0,2837400.0
2018-01-25 13:44:44.404000,4.99,4.98,5.0,2837400.0
2018-01-25 13:44:46.955000,4.99,4.98,5.0,2837400.0
2018-01-25 13:44:49.522000,4.99,4.98,5.0,2837400.0
2018-01-25 13:44:52.127000,4.99,4.98,5.0,2837400.0
2018-01-25 13:44:54.750000,4.99,4.98,5.0,2837400.0
2018-01-25 13:44:57.383000,4.99,4.98,5.0,2837400.0
2018-01-25 13:44:59.933000,4.99,4.98,5.0,2837400.0
2018-01-25 13:45:02.769000,4.99,4.98,5.0,2837400.0
2018-01-25 13:45:05.343000,4.99,4.98,5.0,2837400.0
2018-01-25 13:45:07.943000,4.99,4.98,5.0,2837400.0
2018-01-25 13:45:10.768000,4.99,4.98,5.0,2837400.0
2018-01-25 13:45:13.707000,4.99,4.98,5.0,2837400.0
2018-01-25 13:45:16.383000,4.99,4.98,5.0,2837400.0
2018-01-25 13:45:19.049000,4.99,4.98,5.0,2837400.0
2018-01-25 13:45:21.700000,4.99,4.98,5.0,2837400.0
2018-01-25 13:45:24.324000,4.99,4.98,5.0,2837400.0
2018-01-25 13:45:26.996000,4.99,4.98,5.0,2837400.0
2018-01-25 13:45:29.602000,4.99,4.98,5.0,2837400.0
2018-01-25 13:45:32.459000,4.99,4.98,5.0,2837400.0
2018-01-25 13:45:35.071000,4.99,4.98,5.0,2837400.0
2018-01-25 13:45:37.880000,4.99,4.98,5.0,2837400.0
2018-01-25 13:45:40.525000,4.99,4.98,5.0,2837400.0
2018-01-25 13:45:43.113000,4.99,4.98,5.0,2837400.0
2018-01-25 13:45:45.721000,4.99,4.98,5.0,2837400.0
2018-01-25 13:45:48.343000,4.99,4.98,5.0,2837400.0
2018-01-25 13:45:51.213000,4.99,4.98,5.0,2837400.0
2018-01-25 13:45:53.757000,4.99,4.98,5.0,2837400.0
2018-01-25 13:45:56.393000,4.99,4.98,5.0,2837400.0
2018-01-25 13:45:59.279000,4.99,4.98,5.0,2837400.0
2018-01-25 13:46:01.892000,4.99,4.98,5.0,2837400.0
2018-01-25 13:46:04.557000,4.99,4.98,5.0,2837400.0
2018-01-25 13:46:07.188000,4.99,4.98,5.0,2837400.0
2018-01-25 13:46:09.658000,4.99,4.98,5.0,2837400.0
2018-01-25 13:46:12.202000,4.99,4.98,5.0,2837400.0
2018-01-25 13:46:14.979000,4.99,4.98,5.0,2837400.0
2018-01-25 13:46:17.740000,4.99,4.98,5.0,2837400.0
2018-01-25 13:46:20.504000,4.99,4.98,5.0,2837400.0
2018-01-25 13:46:23.192000,4.99,4.98,5.0,2837400.0
2018-01-25 13:46:25.790000,4.99,4.98,5.0,2837400.0
2018-01-25 13:46:28.521000,4.99,4.98,5.0,2837400.0
2018-01-25 13:46:31.305000,4.99,4.98,5.0,2837400.0
2018-01-25 13:46:33.939000,4.99,4.98,5.0,2837400.0
2018-01-25 13:46:36.609000,4.99,4.98,5.0,2837400.0
2018-01-25 13:46:39.241000,4.99,4.98,5.0,2837400.0
2018-01-25 13:46:41.806000,4.99,4.98,5.0,2837400.0
2018-01-25 13:46:44.121000,4.99,4.98,5.0,2837400.0
2018-01-25 13:46:46.485000,4.99,4.98,5.0,2837400.0
2018-01-25 13:46:48.966000,4.99,4.98,5.0,2837400.0
2018-01-25 13:46:51.294000,4.99,4.98,5.0,2837400.0
2018-01-25 13:46:53.670000,4.99,4.98,5.0,2917400.0
2018-01-25 13:46:56.493000,4.99,4.98,5.0,2917400.0
2018-01-25 13:46:58.875000,4.99,4.98,5.0,2917400.0
2018-01-25 13:47:01.317000,4.99,4.98,5.0,2917400.0
2018-01-25 13:47:03.639000,4.99,4.98,5.0,2917400.0
2018-01-25 13:47:06.217000,4.99,4.98,5.0,2917400.0
2018-01-25 13:47:08.834000,4.99,4.98,5.0,2917400.0
2018-01-25 13:47:11.520000,4.99,4.98,5.0,2917400.0
2018-01-25 13:47:14.031000,4.99,4.98,5.0,2917400.0
2018-01-25 13:47:16.544000,4.99,4.98,5.0,2917400.0
2018-01-25 13:47:19.627000,4.99,4.98,5.0,2917400.0
2018-01-25 13:47:22.477000,4.99,4.98,5.0,2917400.0
2018-01-25 13:47:25.090000,4.99,4.98,5.0,2917400.0
2018-01-25 13:47:27.881000,4.99,4.98,5.0,2917400.0
2018-01-25 13:47:30.542000,4.99,4.98,5.0,2917400.0
2018-01-25 13:47:33.057000,4.99,4.98,5.0,2917400.0
2018-01-25 13:47:35.518000,4.99,4.98,5.0,2917400.0
2018-01-25 13:47:38.118000,4.99,4.98,5.0,2917400.0
2018-01-25 13:47:40.937000,4.99,4.98,5.0,2917400.0
2018-01-25 13:47:43.617000,4.99,4.98,5.0,2917400.0
2018-01-25 13:47:46.665000,4.99,4.98,5.0,2917400.0
2018-01-25 13:47:49.604000,4.99,4.98,5.0,2917400.0
2018-01-25 13:47:52.237000,4.99,4.98,5.0,2917400.0
2018-01-25 13:47:54.909000,4.99,4.98,5.0,2917400.0
2018-01-25 13:47:57.930000,4.99,4.98,5.0,2917400.0
2018-01-25 13:48:00.575000,4.99,4.98,5.0,2917400.0
2018-01-25 13:48:03.226000,4.99,4.98,5.0,2917400.0
2018-01-25 13:48:07.203000,4.99,4.98,5.0,2917400.0
2018-01-25 13:48:09.795000,4.99,4.98,5.0,2917400.0
2018-01-25 13:48:12.712000,4.99,4.98,5.0,2917400.0
2018-01-25 13:48:15.480000,4.99,4.98,5.0,2917400.0
2018-01-25 13:48:18.298000,4.99,4.98,5.0,3216100.0
2018-01-25 13:48:23.899000,4.99,4.98,5.0,3216100.0
2018-01-25 13:48:26.660000,4.99,4.98,5.0,3216100.0
2018-01-25 13:48:29.542000,4.99,4.98,5.0,3216100.0
2018-01-25 13:48:32.371000,4.99,4.98,5.0,3216100.0
2018-01-25 13:48:34.997000,4.99,4.98,5.0,3216100.0
2018-01-25 13:48:37.790000,4.99,4.98,5.0,3216100.0
2018-01-25 13:48:40.513000,4.99,4.98,5.0,3216100.0
2018-01-25 13:48:43.214000,4.99,4.98,5.0,3216100.0
2018-01-25 13:48:45.926000,4.99,4.98,4.99,3216100.0
2018-01-25 13:48:48.606000,4.99,4.98,4.99,3216100.0
2018-01-25 13:48:51.415000,4.99,4.98,4.99,3216100.0
2018-01-25 13:48:54.105000,4.99,4.98,4.99,3216100.0
2018-01-25 13:48:56.981000,4.99,4.98,4.99,3216100.0
2018-01-25 13:48:59.678000,4.99,4.98,4.99,3216100.0
2018-01-25 13:49:02.387000,4.99,4.98,4.99,3216100.0
2018-01-25 13:49:04.847000,4.99,4.98,4.99,3216100.0
2018-01-25 13:49:07.854000,4.99,4.98,4.99,3216100.0
2018-01-25 13:49:10.435000,4.99,4.98,4.99,3216100.0
2018-01-25 13:49:13.082000,4.99,4.98,4.99,3216100.0
2018-01-25 13:49:15.665000,4.99,4.98,4.99,3216100.0
2018-01-25 13:49:18.252000,4.99,4.98,4.99,3216100.0
2018-01-25 13:49:20.990000,4.99,4.98,4.99,3216100.0
2018-01-25 13:49:23.870000,4.99,4.98,4.99,3216100.0
2018-01-25 13:49:26.765000,4.99,4.98,4.99,3216100.0
2018-01-25 13:49:29.445000,4.99,4.98,4.99,3216100.0
2018-01-25 13:49:32.153000,4.99,4.98,4.99,3216100.0
2018-01-25 13:49:34.815000,4.99,4.98,4.99,3216100.0
2018-01-25 13:49:37.620000,4.99,4.98,4.99,3216100.0
2018-01-25 13:49:40.393000,4.99,4.98,4.99,3216100.0
2018-01-25 13:49:43.013000,4.99,4.98,4.99,3216100.0
2018-01-25 13:49:45.982000,4.99,4.98,4.99,3216100.0
2018-01-25 13:49:48.827000,4.99,4.98,4.99,3216100.0
2018-01-25 13:49:51.736000,4.99,4.98,4.99,3236100.0
2018-01-25 13:49:54.534000,4.99,4.98,4.99,3236100.0
2018-01-25 13:49:57.193000,4.99,4.98,4.99,3236100.0
2018-01-25 13:49:59.970000,4.99,4.98,4.99,3236100.0
2018-01-25 13:50:02.919000,4.99,4.98,4.99,3236100.0
2018-01-25 13:50:05.848000,4.99,4.98,4.99,3236100.0
2018-01-25 13:50:08.564000,4.99,4.98,4.99,3236100.0
2018-01-25 13:50:11.390000,4.99,4.98,4.99,3236100.0
2018-01-25 13:50:14.219000,4.99,4.98,4.99,3236100.0
2018-01-25 13:50:16.811000,4.99,4.98,4.99,3236100.0
2018-01-25 13:50:19.604000,4.99,4.98,4.99,3236100.0
2018-01-25 13:50:22.299000,4.99,4.98,4.99,3236100.0
2018-01-25 13:50:24.942000,4.99,4.98,4.99,3236100.0
2018-01-25 13:50:27.633000,4.99,4.98,4.99,3236100.0
2018-01-25 13:50:30.355000,4.99,4.98,4.99,3236100.0
2018-01-25 13:50:32.781000,4.99,4.98,4.99,3236100.0
2018-01-25 13:50:35.499000,4.99,4.98,4.99,3236100.0
2018-01-25 13:50:38.062000,4.99,4.98,4.99,3236100.0
2018-01-25 13:50:40.737000,4.99,4.98,4.99,3236100.0
2018-01-25 13:50:43.279000,4.99,4.98,4.99,3236100.0
2018-01-25 13:50:45.954000,4.99,4.98,4.99,3236100.0
2018-01-25 13:50:48.266000,4.99,4.98,4.99,3236100.0
2018-01-25 13:50:50.769000,4.99,4.98,4.99,3236100.0
2018-01-25 13:50:53.498000,4.99,4.98,4.99,3236100.0
2018-01-25 13:50:56.192000,4.99,4.98,4.99,3236100.0
2018-01-25 13:50:58.919000,4.99,4.98,4.99,3236100.0
2018-01-25 13:51:01.465000,4.99,4.98,4.99,3236100.0
2018-01-25 13:51:05.789000,4.99,4.98,4.99,3236100.0
2018-01-25 13:51:09.578000,4.99,4.98,4.99,3236100.0
2018-01-25 13:51:12.762000,4.99,4.98,4.99,3236100.0
2018-01-25 13:51:16.661000,4.99,4.98,4.99,3236100.0
2018-01-25 13:51:19.607000,4.99,4.98,4.99,3236100.0
2018-01-25 13:51:22.875000,4.99,4.98,4.99,3236100.0
2018-01-25 13:51:26.675000,4.99,4.98,4.99,3236100.0
2018-01-25 13:51:29.872000,4.99,4.98,4.99,3236100.0
2018-01-25 13:51:33.044000,4.99,4.98,4.99,3236100.0
2018-01-25 13:51:36.329000,4.99,4.98,4.99,3236100.0
2018-01-25 13:51:39.599000,4.99,4.98,4.99,3236100.0
2018-01-25 13:51:42.841000,4.99,4.98,4.99,3236100.0
2018-01-25 13:51:46.108000,4.99,4.98,4.99,3236100.0
2018-01-25 13:51:49.321000,4.99,4.98,4.99,3236100.0
2018-01-25 13:51:52.491000,4.99,4.98,4.99,3236100.0
2018-01-25 13:51:55.648000,4.99,4.98,4.99,3236100.0
2018-01-25 13:51:58.874000,4.99,4.98,4.99,3236100.0
2018-01-25 13:52:01.971000,4.99,4.98,4.99,3236100.0
2018-01-25 13:52:05.119000,4.99,4.98,4.99,3236100.0
2018-01-25 13:52:08.124000,4.99,4.98,4.99,3236100.0
2018-01-25 13:52:11.464000,4.99,4.98,4.99,3236100.0
2018-01-25 13:52:14.743000,4.99,4.98,4.99,3236100.0
2018-01-25 13:52:18.094000,4.99,4.98,4.99,3236100.0
2018-01-25 13:52:21.130000,4.99,4.98,4.99,3236100.0
2018-01-25 13:52:24.223000,4.99,4.98,4.99,3236100.0
2018-01-25 13:52:27.427000,4.99,4.98,4.99,3236100.0
2018-01-25 13:52:30.526000,4.99,4.98,4.99,3236100.0
2018-01-25 13:52:33.749000,4.99,4.98,4.99,3236100.0
2018-01-25 13:52:36.820000,4.99,4.98,4.99,3236100.0
2018-01-25 13:52:40.263000,4.99,4.98,4.99,3236100.0
2018-01-25 13:52:46.447000,4.99,4.98,4.99,3236100.0
2018-01-25 13:52:49.469000,4.99,4.98,4.99,3236100.0
2018-01-25 13:52:52.601000,4.99,4.98,4.99,3236100.0
2018-01-25 13:52:55.556000,4.99,4.98,4.99,3236100.0
2018-01-25 13:52:58.703000,4.99,4.98,4.99,3236100.0
2018-01-25 13:53:10.019000,4.99,4.98,4.99,3236100.0
2018-01-25 13:53:13.187000,4.99,4.98,4.99,3236100.0
2018-01-25 13:53:16.643000,4.99,4.98,4.99,3236100.0
2018-01-25 13:53:20.316000,4.99,4.98,4.99,3236100.0
2018-01-25 13:53:23.565000,4.99,4.98,4.99,3236100.0
2018-01-25 13:53:26.761000,4.99,4.98,4.99,3236100.0
2018-01-25 13:53:29.818000,4.99,4.98,4.99,3236100.0
2018-01-25 13:53:32.999000,4.99,4.98,5.0,3236100.0
2018-01-25 13:53:36.307000,4.99,4.98,5.0,3236100.0
2018-01-25 13:53:39.507000,4.99,4.98,5.0,3236100.0
2018-01-25 13:53:42.686000,4.99,4.98,5.0,3236100.0
2018-01-25 13:53:46.074000,4.99,4.98,5.0,3236100.0
2018-01-25 13:53:49.150000,4.99,4.98,5.0,3236100.0
2018-01-25 13:53:52.100000,4.99,4.98,5.0,3236100.0
2018-01-25 13:53:55.160000,4.99,4.98,5.0,3236100.0
2018-01-25 13:53:58.440000,4.99,4.98,5.0,3236100.0
2018-01-25 13:54:01.310000,4.99,4.98,5.0,3236100.0
2018-01-25 13:54:04.278000,4.99,4.98,5.0,3236100.0
2018-01-25 13:54:07.401000,4.99,4.98,5.0,3236100.0
2018-01-25 13:54:10.449000,4.99,4.98,5.0,3236100.0
2018-01-25 13:54:13.580000,4.99,4.98,5.0,3236100.0
2018-01-25 13:54:16.673000,4.99,4.98,4.99,3536100.0
2018-01-25 13:54:19.682000,4.99,4.98,4.99,3536100.0
2018-01-25 13:54:22.829000,4.99,4.98,4.99,3536100.0
2018-01-25 13:54:25.968000,4.99,4.98,4.99,3536100.0
2018-01-25 13:54:28.738000,4.99,4.98,4.99,3536100.0
2018-01-25 13:54:31.791000,4.99,4.98,4.99,3536100.0
2018-01-25 13:54:34.883000,4.99,4.98,4.99,3536100.0
2018-01-25 13:54:37.756000,4.99,4.98,4.99,3536100.0
2018-01-25 13:54:40.932000,4.99,4.98,4.99,3536100.0
2018-01-25 13:54:43.818000,4.99,4.98,4.99,3536100.0
2018-01-25 13:54:46.855000,4.99,4.98,4.99,3536100.0
2018-01-25 13:54:50.001000,4.99,4.98,4.99,3536100.0
2018-01-25 13:54:52.972000,4.99,4.98,4.99,3536100.0
2018-01-25 13:54:55.864000,4.99,4.98,4.99,3536100.0
2018-01-25 13:54:58.756000,4.99,4.98,4.99,3536100.0
2018-01-25 13:55:01.874000,4.99,4.98,4.99,3536100.0
2018-01-25 13:55:04.926000,4.99,4.98,4.99,3536100.0
2018-01-25 13:55:07.870000,4.99,4.98,4.99,3536100.0
2018-01-25 13:55:10.933000,4.99,4.98,4.99,3536100.0
2018-01-25 13:55:13.691000,4.99,4.98,5.0,3537100.0
2018-01-25 13:55:16.732000,4.99,4.98,5.0,3537100.0
2018-01-25 13:55:19.759000,4.99,4.98,5.0,3537100.0
2018-01-25 13:55:22.669000,4.99,4.98,5.0,3537100.0
2018-01-25 13:55:25.552000,4.99,4.98,5.0,3537100.0
2018-01-25 13:55:28.634000,4.99,4.98,5.0,3537100.0
2018-01-25 13:55:31.594000,4.99,4.98,5.0,3537100.0
2018-01-25 13:55:34.490000,4.99,4.98,5.0,3537100.0
2018-01-25 13:55:37.490000,4.99,4.98,5.0,3537100.0
2018-01-25 13:55:40.482000,4.99,4.98,5.0,3537100.0
2018-01-25 13:55:43.612000,4.99,4.98,5.0,3537100.0
2018-01-25 13:55:46.763000,4.99,4.98,5.0,3537100.0
2018-01-25 13:55:49.786000,4.99,4.98,5.0,3537100.0
2018-01-25 13:55:52.771000,4.99,4.98,5.0,3537100.0
2018-01-25 13:55:55.625000,4.99,4.98,5.0,3537100.0
2018-01-25 13:55:58.661000,4.99,4.98,5.0,3537100.0
2018-01-25 13:56:01.894000,4.99,4.98,5.0,3537100.0
2018-01-25 13:56:04.986000,4.99,4.98,5.0,3537100.0
2018-01-25 13:56:08.081000,4.99,4.98,5.0,3537100.0
2018-01-25 13:56:11.122000,4.99,4.98,5.0,3537100.0
2018-01-25 13:56:14.207000,4.99,4.98,5.0,3537100.0
2018-01-25 13:56:17.219000,4.99,4.98,5.0,3537100.0
2018-01-25 13:56:20.196000,4.99,4.98,5.0,3537100.0
2018-01-25 13:56:23.240000,4.99,4.98,5.0,3537100.0
2018-01-25 13:56:26.286000,4.99,4.98,5.0,3537100.0
2018-01-25 13:56:29.321000,4.99,4.98,5.0,3537100.0
2018-01-25 13:56:32.252000,4.99,4.98,5.0,3537100.0
2018-01-25 13:56:35.090000,4.99,4.98,5.0,3537100.0
2018-01-25 13:56:38.286000,4.99,4.98,5.0,3537100.0
2018-01-25 13:56:41.163000,4.99,4.98,5.0,3537100.0
2018-01-25 13:56:44.119000,4.99,4.98,5.0,3537100.0
2018-01-25 13:56:46.828000,4.99,4.98,5.0,3537100.0
2018-01-25 13:56:49.533000,4.99,4.98,5.0,3537100.0
2018-01-25 13:56:52.612000,4.99,4.98,5.0,3537100.0
2018-01-25 13:56:55.552000,4.99,4.98,5.0,3537100.0
2018-01-25 13:56:58.354000,4.99,4.98,5.0,3537100.0
2018-01-25 13:57:01.101000,4.99,4.98,5.0,3537100.0
2018-01-25 13:57:03.099000,4.99,4.98,5.0,3537100.0
2018-01-25 13:57:05.931000,4.99,4.98,5.0,3537100.0
2018-01-25 13:57:08.579000,4.99,4.98,5.0,3537100.0
2018-01-25 13:57:11.455000,4.99,4.98,5.0,3537100.0
2018-01-25 13:57:14.410000,4.99,4.98,5.0,3537100.0
2018-01-25 13:57:17.617000,4.99,4.98,5.0,3537100.0
2018-01-25 13:57:20.722000,4.99,4.98,5.0,3537100.0
2018-01-25 13:57:23.776000,4.99,4.98,5.0,3537100.0
2018-01-25 13:57:26.742000,4.99,4.98,5.0,3537100.0
2018-01-25 13:57:29.779000,4.99,4.98,5.0,3537100.0
2018-01-25 13:57:32.802000,4.99,4.98,5.0,3537100.0
2018-01-25 13:57:35.746000,4.99,4.98,5.0,3537100.0
2018-01-25 13:57:38.774000,4.99,4.98,5.0,3537100.0
2018-01-25 13:57:42.056000,4.99,4.98,5.0,3537100.0
2018-01-25 13:57:44.977000,4.99,4.98,5.0,3537100.0
2018-01-25 13:57:48.165000,4.99,4.98,5.0,3537100.0
2018-01-25 13:57:51.072000,4.99,4.98,5.0,3537100.0
2018-01-25 13:57:54.117000,4.99,4.98,5.0,3537100.0
2018-01-25 13:57:57.080000,4.99,4.98,5.0,3537100.0
2018-01-25 13:58:00.069000,4.99,4.98,5.0,3537100.0
2018-01-25 13:58:03.077000,4.99,4.98,5.0,3537100.0
2018-01-25 13:58:06.066000,4.99,4.98,5.0,3537100.0
2018-01-25 13:58:09.150000,4.99,4.98,5.0,3537100.0
2018-01-25 13:58:12.118000,4.99,4.98,5.0,3537100.0
2018-01-25 13:58:15.104000,4.99,4.98,5.0,3537100.0
2018-01-25 13:58:17.915000,4.99,4.98,5.0,3537100.0
2018-01-25 13:58:20.771000,4.99,4.98,5.0,3537100.0
2018-01-25 13:58:23.729000,4.99,4.98,5.0,3537100.0
2018-01-25 13:58:26.698000,4.99,4.98,5.0,3537100.0
2018-01-25 13:58:29.710000,4.99,4.98,5.0,3537100.0
2018-01-25 13:58:32.667000,4.99,4.98,5.0,3537100.0
2018-01-25 13:58:35.533000,4.99,4.98,5.0,3537100.0
2018-01-25 13:58:38.571000,4.99,4.98,5.0,3537100.0
2018-01-25 13:58:41.433000,4.99,4.98,5.0,3537100.0
2018-01-25 13:58:44.571000,4.99,4.98,5.0,3537100.0
2018-01-25 13:58:47.416000,4.99,4.98,5.0,3537100.0
2018-01-25 13:58:50.426000,4.99,4.98,5.0,3537100.0
2018-01-25 13:58:53.389000,4.99,4.98,5.0,3537100.0
2018-01-25 13:58:56.262000,4.99,4.98,4.99,3537100.0
2018-01-25 13:58:59.290000,4.99,4.98,4.99,3537100.0
2018-01-25 13:59:02.484000,4.99,4.98,4.99,3537100.0
2018-01-25 13:59:05.476000,4.99,4.98,4.99,3537100.0
2018-01-25 13:59:08.523000,4.99,4.98,4.99,3537100.0
2018-01-25 13:59:11.528000,4.99,4.98,4.99,3537100.0
2018-01-25 13:59:15.089000,4.99,4.98,4.99,3537100.0
2018-01-25 13:59:18.023000,4.99,4.98,4.99,3537100.0
2018-01-25 13:59:21.044000,4.99,4.98,4.99,3537100.0
2018-01-25 13:59:24.009000,4.99,4.98,4.99,3537100.0
2018-01-25 13:59:27.081000,4.99,4.98,4.99,3537100.0
2018-01-25 13:59:30.104000,4.99,4.98,4.99,3537100.0
2018-01-25 13:59:33.092000,4.99,4.98,4.99,3537100.0
2018-01-25 13:59:36.105000,4.99,4.98,4.99,3537100.0
2018-01-25 13:59:39.229000,4.99,4.98,4.99,3537100.0
2018-01-25 13:59:42.348000,4.99,4.98,4.99,3537100.0
2018-01-25 13:59:45.395000,4.99,4.98,4.99,3537100.0
2018-01-25 13:59:48.364000,4.99,4.98,4.99,3537100.0
2018-01-25 13:59:51.259000,4.99,4.98,4.99,3537100.0
2018-01-25 13:59:54.395000,4.99,4.98,4.99,3537100.0
2018-01-25 13:59:57.414000,4.99,4.98,4.99,3537100.0
2018-01-25 14:00:00.453000,4.99,4.98,4.99,3537100.0
2018-01-25 14:00:06.072000,4.99,4.98,4.99,3537100.0
2018-01-25 14:00:09.040000,4.99,4.98,4.99,3537100.0
2018-01-25 14:00:12.740000,4.99,4.98,4.99,3537100.0
2018-01-25 14:00:15.954000,4.99,4.98,4.99,3537100.0
2018-01-25 14:00:24.027000,4.99,4.98,4.99,3537100.0
2018-01-25 14:00:27.318000,4.99,4.98,4.99,3537100.0
2018-01-25 14:00:30.516000,4.99,4.98,4.99,3537100.0
2018-01-25 14:00:33.548000,4.99,4.98,4.99,3537100.0
2018-01-25 14:00:37.611000,4.99,4.98,4.99,3537100.0
2018-01-25 14:00:42.023000,4.99,4.98,4.99,3537100.0
2018-01-25 14:00:44.900000,4.99,4.98,4.99,3537100.0
2018-01-25 14:00:47.888000,4.99,4.98,4.99,3537100.0
2018-01-25 14:00:51.185000,4.99,4.98,4.99,3537100.0
2018-01-25 14:00:54.514000,4.99,4.98,4.99,3537100.0
2018-01-25 14:00:57.966000,4.99,4.98,4.99,3537100.0
2018-01-25 14:01:02.295000,4.98,4.98,4.99,3557100.0
2018-01-25 14:01:07.057000,4.98,4.98,4.99,3557100.0
2018-01-25 14:01:10.576000,4.98,4.98,4.99,3557100.0
2018-01-25 14:01:14.730000,4.98,4.98,4.99,3557100.0
2018-01-25 14:01:17.866000,4.98,4.98,4.99,3557100.0
2018-01-25 14:01:21.011000,4.98,4.98,4.99,3557100.0
2018-01-25 14:01:24.315000,4.98,4.98,4.99,3557100.0
2018-01-25 14:01:27.650000,4.98,4.98,4.99,3557100.0
2018-01-25 14:01:32.285000,4.98,4.98,4.99,3557100.0
2018-01-25 14:01:35.858000,4.98,4.98,4.99,3557100.0
2018-01-25 14:01:41.580000,4.98,4.98,4.99,3557100.0
2018-01-25 14:01:44.756000,4.98,4.98,4.99,3557100.0
2018-01-25 14:01:51.253000,4.98,4.98,4.99,3557100.0
2018-01-25 14:01:55.067000,4.98,4.98,4.99,3557100.0
2018-01-25 14:01:58.871000,4.98,4.98,4.99,3557100.0
2018-01-25 14:02:02.171000,4.98,4.98,4.99,3557100.0
2018-01-25 14:02:05.201000,4.98,4.98,4.99,3557100.0
2018-01-25 14:02:08.141000,4.98,4.98,4.99,3557100.0
2018-01-25 14:02:11.157000,4.98,4.98,4.99,3557100.0
2018-01-25 14:02:14.264000,4.98,4.98,4.99,3557100.0
2018-01-25 14:02:17.168000,4.98,4.98,4.99,3557100.0
2018-01-25 14:02:20.328000,4.98,4.98,4.99,3557100.0
2018-01-25 14:02:23.202000,4.98,4.98,4.99,3557100.0
2018-01-25 14:02:26.148000,4.98,4.98,4.99,3557100.0
2018-01-25 14:02:29.061000,4.98,4.98,4.99,3557100.0
2018-01-25 14:02:32.062000,4.98,4.98,4.99,3557100.0
2018-01-25 14:02:34.987000,4.98,4.98,4.99,3557100.0
2018-01-25 14:02:38.387000,4.98,4.98,4.99,3557100.0
2018-01-25 14:02:42.438000,4.98,4.98,4.99,3557100.0
2018-01-25 14:02:46.126000,4.98,4.98,4.99,3557100.0
2018-01-25 14:02:53.130000,4.98,4.98,4.99,3557100.0
2018-01-25 14:02:56.284000,4.98,4.98,4.99,3557100.0
2018-01-25 14:02:59.576000,4.98,4.98,4.99,3557100.0
2018-01-25 14:03:03.128000,4.98,4.98,4.99,3557100.0
2018-01-25 14:03:06.579000,4.98,4.98,4.99,3557100.0
2018-01-25 14:03:09.780000,4.98,4.98,4.99,3557100.0
2018-01-25 14:03:13.302000,4.98,4.98,4.99,3557100.0
2018-01-25 14:03:16.517000,4.98,4.98,4.99,3557100.0
2018-01-25 14:03:19.703000,4.98,4.98,4.99,3557100.0
2018-01-25 14:03:23.026000,4.98,4.98,4.99,3557100.0
2018-01-25 14:03:26.314000,4.98,4.98,4.99,3557100.0
2018-01-25 14:03:29.550000,4.98,4.98,4.99,3557100.0
2018-01-25 14:03:32.642000,4.98,4.98,4.99,3557100.0
2018-01-25 14:03:35.862000,4.98,4.98,4.99,3557100.0
2018-01-25 14:03:38.905000,4.98,4.98,4.99,3557100.0
2018-01-25 14:03:42.127000,4.98,4.98,4.99,3557100.0
2018-01-25 14:03:45.339000,4.98,4.98,4.99,3557100.0
2018-01-25 14:03:48.425000,4.98,4.98,4.99,3557100.0
2018-01-25 14:03:51.689000,4.98,4.98,4.99,3557100.0
2018-01-25 14:03:54.921000,4.98,4.98,4.99,3557100.0
2018-01-25 14:03:58.152000,4.98,4.98,4.99,3557100.0
2018-01-25 14:04:01.317000,4.98,4.98,4.99,3557100.0
2018-01-25 14:04:04.609000,4.98,4.98,4.99,3557100.0
2018-01-25 14:04:07.865000,4.98,4.98,4.99,3557100.0
2018-01-25 14:04:10.851000,4.98,4.98,4.99,3557100.0
2018-01-25 14:04:14.126000,4.98,4.98,4.99,3557100.0
2018-01-25 14:04:17.436000,4.98,4.98,4.99,3557100.0
2018-01-25 14:04:20.584000,4.98,4.98,4.99,3557100.0
2018-01-25 14:04:23.760000,4.98,4.98,4.99,3557100.0
2018-01-25 14:04:26.905000,4.98,4.98,4.99,3557100.0
2018-01-25 14:04:30.268000,4.98,4.98,4.99,3557100.0
2018-01-25 14:04:33.415000,4.98,4.98,4.99,3557100.0
2018-01-25 14:04:36.695000,4.98,4.98,4.99,3557100.0
2018-01-25 14:04:40.172000,4.98,4.98,4.99,3557100.0
2018-01-25 14:04:43.837000,4.98,4.98,4.99,3557100.0
2018-01-25 14:04:46.910000,4.98,4.98,4.99,3557100.0
2018-01-25 14:04:50.816000,4.98,4.98,4.99,3557100.0
2018-01-25 14:04:54.364000,4.98,4.98,4.99,3557100.0
2018-01-25 14:04:57.573000,4.98,4.98,4.99,3557100.0
2018-01-25 14:05:00.691000,4.98,4.98,4.99,3557100.0
2018-01-25 14:05:03.807000,4.98,4.98,4.99,3557100.0
2018-01-25 14:05:06.858000,4.98,4.98,4.99,3557100.0
2018-01-25 14:05:10.055000,4.98,4.98,4.99,3557100.0
2018-01-25 14:05:13.215000,4.98,4.98,4.99,3557100.0
2018-01-25 14:05:16.599000,4.99,4.98,4.99,3607100.0
2018-01-25 14:05:19.567000,4.99,4.98,4.99,3607100.0
2018-01-25 14:05:22.529000,4.99,4.98,4.99,3607100.0
2018-01-25 14:05:25.162000,4.99,4.98,4.99,3607100.0
2018-01-25 14:05:28.141000,4.99,4.98,4.99,3607100.0
2018-01-25 14:05:31.108000,4.99,4.98,4.99,3607100.0
2018-01-25 14:05:33.754000,4.99,4.98,4.99,3607100.0
2018-01-25 14:05:36.676000,4.99,4.98,4.99,3607100.0
2018-01-25 14:05:39.599000,4.99,4.98,4.99,3607100.0
2018-01-25 14:05:42.405000,4.99,4.98,4.99,3607100.0
2018-01-25 14:05:45.260000,4.99,4.98,4.99,3607100.0
2018-01-25 14:05:48.178000,4.99,4.98,4.99,3607100.0
2018-01-25 14:05:50.933000,4.99,4.98,4.99,3607100.0
2018-01-25 14:05:53.718000,4.99,4.98,4.99,3607100.0
2018-01-25 14:05:56.528000,4.99,4.98,4.99,3607100.0
2018-01-25 14:05:59.753000,4.99,4.98,4.99,3607100.0
2018-01-25 14:06:02.684000,4.99,4.98,4.99,3607100.0
2018-01-25 14:06:05.715000,4.99,4.98,4.99,3607100.0
2018-01-25 14:06:08.628000,4.99,4.98,4.99,3607100.0
2018-01-25 14:06:11.812000,4.99,4.98,4.99,3607100.0
2018-01-25 14:06:14.830000,4.99,4.98,4.99,3607100.0
2018-01-25 14:06:17.811000,4.99,4.98,4.99,3607100.0
2018-01-25 14:06:20.723000,4.99,4.98,4.99,3607100.0
2018-01-25 14:06:23.741000,4.99,4.98,4.99,3607100.0
2018-01-25 14:06:26.758000,4.99,4.98,4.99,3607100.0
2018-01-25 14:06:29.707000,4.99,4.98,4.99,3607100.0
2018-01-25 14:06:32.528000,4.99,4.98,4.99,3607100.0
2018-01-25 14:06:35.344000,4.99,4.98,4.99,3607100.0
2018-01-25 14:06:38.245000,4.99,4.98,4.99,3607100.0
2018-01-25 14:06:41.073000,4.99,4.98,4.99,3607100.0
2018-01-25 14:06:44.015000,4.99,4.98,4.99,3607100.0
2018-01-25 14:06:46.956000,4.99,4.98,4.99,3607100.0
2018-01-25 14:06:49.803000,4.99,4.98,4.99,3607100.0
2018-01-25 14:06:52.811000,4.99,4.98,4.99,3607100.0
2018-01-25 14:06:55.793000,4.99,4.98,4.99,3607100.0
2018-01-25 14:06:58.642000,4.99,4.98,4.99,3607100.0
2018-01-25 14:07:01.687000,4.99,4.98,4.99,3607100.0
2018-01-25 14:07:04.772000,4.99,4.98,4.99,3607100.0
2018-01-25 14:07:07.442000,4.99,4.98,4.99,3607100.0
2018-01-25 14:07:10.260000,4.99,4.98,4.99,3607100.0
2018-01-25 14:07:13.234000,4.99,4.98,4.99,3607100.0
2018-01-25 14:07:16.164000,4.99,4.98,4.99,3607100.0
2018-01-25 14:07:19.177000,4.99,4.98,4.99,3607100.0
2018-01-25 14:07:22.061000,4.99,4.98,4.99,3607100.0
2018-01-25 14:07:24.991000,4.99,4.98,4.99,3607100.0
2018-01-25 14:07:27.853000,4.99,4.98,4.99,3607100.0
2018-01-25 14:07:30.815000,4.99,4.98,4.99,3607100.0
2018-01-25 14:07:33.731000,4.99,4.98,4.99,3607100.0
2018-01-25 14:07:36.726000,4.99,4.98,4.99,3607100.0
2018-01-25 14:07:39.965000,4.99,4.98,4.99,3607100.0
2018-01-25 14:07:43.003000,4.99,4.98,4.99,3607100.0
2018-01-25 14:07:45.899000,4.99,4.98,4.99,3607100.0
2018-01-25 14:07:48.850000,4.99,4.98,4.99,3607100.0
2018-01-25 14:07:51.731000,4.99,4.98,4.99,3607100.0
2018-01-25 14:07:54.758000,4.99,4.98,5.0,3607100.0
2018-01-25 14:07:57.649000,4.99,4.98,5.0,3607100.0
2018-01-25 14:08:00.576000,4.99,4.98,5.0,3607100.0
2018-01-25 14:08:03.496000,4.99,4.98,5.0,3607100.0
2018-01-25 14:08:06.464000,4.99,4.98,5.0,3607100.0
2018-01-25 14:08:09.504000,4.99,4.98,5.0,3607100.0
2018-01-25 14:08:12.514000,4.99,4.98,5.0,3607100.0
2018-01-25 14:08:15.506000,4.99,4.98,5.0,3607100.0
2018-01-25 14:08:18.442000,4.99,4.98,5.0,3607100.0
2018-01-25 14:08:21.211000,4.99,4.98,5.0,3607100.0
2018-01-25 14:08:24.011000,4.99,4.98,5.0,3607100.0
2018-01-25 14:08:26.705000,4.99,4.98,5.0,3607100.0
2018-01-25 14:08:29.432000,4.99,4.98,5.0,3607100.0
2018-01-25 14:08:32.170000,4.99,4.98,5.0,3607100.0
2018-01-25 14:08:34.916000,4.99,4.98,5.0,3607100.0
2018-01-25 14:08:37.421000,4.99,4.98,5.0,3607100.0
2018-01-25 14:08:40.025000,4.99,4.98,5.0,3607100.0
2018-01-25 14:08:42.788000,4.99,4.98,5.0,3607100.0
2018-01-25 14:08:45.796000,4.99,4.98,5.0,3607100.0
2018-01-25 14:08:48.455000,4.99,4.98,5.0,3607100.0
2018-01-25 14:08:51.183000,4.99,4.98,5.0,3607100.0
2018-01-25 14:08:53.761000,4.99,4.98,5.0,3607100.0
2018-01-25 14:08:56.321000,4.99,4.98,5.0,3607100.0
2018-01-25 14:08:59.092000,4.99,4.98,5.0,3607100.0
2018-01-25 14:09:02.242000,4.99,4.98,5.0,3607100.0
2018-01-25 14:09:04.929000,4.99,4.98,5.0,3607100.0
2018-01-25 14:09:07.824000,4.99,4.98,5.0,3607100.0
2018-01-25 14:09:10.621000,4.99,4.98,5.0,3607100.0
2018-01-25 14:09:13.260000,4.99,4.98,5.0,3607100.0
2018-01-25 14:09:15.948000,4.99,4.98,5.0,3607100.0
2018-01-25 14:09:18.574000,4.99,4.98,5.0,3607100.0
2018-01-25 14:09:21.432000,4.99,4.98,5.0,3607100.0
2018-01-25 14:09:24.364000,4.99,4.98,5.0,3607100.0
2018-01-25 14:09:26.980000,4.99,4.98,5.0,3607100.0
2018-01-25 14:09:29.758000,4.99,4.98,5.0,3607100.0
2018-01-25 14:09:32.319000,4.99,4.98,5.0,3607100.0
2018-01-25 14:09:35.354000,4.99,4.98,5.0,3607100.0
2018-01-25 14:09:37.929000,4.99,4.98,5.0,3607100.0
2018-01-25 14:09:40.935000,4.99,4.98,5.0,3607100.0
2018-01-25 14:09:43.608000,4.99,4.98,5.0,3607100.0
2018-01-25 14:09:46.129000,4.99,4.98,5.0,3607100.0
2018-01-25 14:09:49.063000,4.99,4.98,5.0,3607100.0
2018-01-25 14:09:51.759000,4.99,4.98,5.0,3607100.0
2018-01-25 14:09:54.338000,4.99,4.98,5.0,3607100.0
2018-01-25 14:09:57.107000,4.99,4.98,5.0,3607100.0
2018-01-25 14:09:59.603000,4.99,4.98,5.0,3607100.0
2018-01-25 14:10:02.292000,4.99,4.98,5.0,3607100.0
2018-01-25 14:10:04.931000,4.99,4.98,5.0,3607100.0
2018-01-25 14:10:07.580000,4.99,4.98,5.0,3607100.0
2018-01-25 14:10:10.344000,4.99,4.98,5.0,3607100.0
2018-01-25 14:10:13.081000,4.99,4.98,5.0,3607100.0
2018-01-25 14:10:15.927000,4.99,4.98,5.0,3607100.0
2018-01-25 14:10:19.131000,4.99,4.98,5.0,3607100.0
2018-01-25 14:10:21.877000,4.99,4.98,5.0,3607100.0
2018-01-25 14:10:24.556000,4.99,4.99,5.0,3607100.0
2018-01-25 14:10:27.419000,4.99,4.99,5.0,3607100.0
2018-01-25 14:10:30.025000,4.99,4.99,5.0,3607100.0
2018-01-25 14:10:32.693000,4.99,4.99,5.0,3607100.0
2018-01-25 14:10:35.322000,4.99,4.99,5.0,3607100.0
2018-01-25 14:10:37.903000,4.99,4.99,5.0,3607100.0
2018-01-25 14:10:40.698000,4.99,4.99,5.0,3607100.0
2018-01-25 14:10:43.496000,4.99,4.99,5.0,3607100.0
2018-01-25 14:10:46.278000,4.99,4.99,5.0,3607100.0
2018-01-25 14:10:48.891000,4.99,4.99,5.0,3607100.0
2018-01-25 14:10:51.376000,4.99,4.99,5.0,3607100.0
2018-01-25 14:10:53.847000,4.99,4.99,5.0,3607100.0
2018-01-25 14:10:56.560000,4.99,4.99,5.0,3607100.0
2018-01-25 14:10:59.209000,4.99,4.99,5.0,3607100.0
2018-01-25 14:11:01.858000,4.99,4.99,5.0,3607100.0
2018-01-25 14:11:04.333000,4.99,4.99,5.0,3607100.0
2018-01-25 14:11:07.108000,4.99,4.99,5.0,3640600.0
2018-01-25 14:11:09.809000,4.99,4.99,5.0,3640600.0
2018-01-25 14:11:12.330000,4.99,4.99,5.0,3640600.0
2018-01-25 14:11:15.073000,4.99,4.99,5.0,3640600.0
2018-01-25 14:11:17.818000,4.99,4.99,5.0,3640600.0
2018-01-25 14:11:20.264000,4.99,4.99,5.0,3640600.0
2018-01-25 14:11:23.089000,4.99,4.99,5.0,3640600.0
2018-01-25 14:11:25.750000,4.99,4.99,5.0,3640600.0
2018-01-25 14:11:28.451000,4.99,4.99,5.0,3640600.0
2018-01-25 14:11:30.889000,4.99,4.99,5.0,3640600.0
2018-01-25 14:11:33.437000,4.99,4.99,5.0,3640600.0
2018-01-25 14:11:35.932000,4.99,4.99,5.0,3640600.0
2018-01-25 14:11:38.813000,4.99,4.99,5.0,3640600.0
2018-01-25 14:11:41.687000,4.99,4.99,5.0,3640600.0
2018-01-25 14:11:46.123000,4.99,4.99,5.0,3640600.0
2018-01-25 14:11:49.670000,4.99,4.99,5.0,3640600.0
2018-01-25 14:11:53.610000,4.99,4.99,5.0,3640600.0
2018-01-25 14:11:57.125000,4.99,4.99,5.0,3640600.0
2018-01-25 14:12:00.357000,4.99,4.99,5.0,3640600.0
2018-01-25 14:12:04.764000,4.99,4.99,5.0,3640600.0
2018-01-25 14:12:08.140000,4.99,4.99,5.0,3640600.0
2018-01-25 14:12:11.473000,4.99,4.99,5.0,3640600.0
2018-01-25 14:12:16.321000,4.99,4.99,5.0,3640600.0
2018-01-25 14:12:19.606000,4.99,4.99,5.0,3640600.0
2018-01-25 14:12:22.078000,4.99,4.99,5.0,3640600.0
2018-01-25 14:12:25.544000,4.99,4.99,5.0,3640600.0
2018-01-25 14:12:29.349000,4.99,4.99,5.0,3640600.0
2018-01-25 14:12:32.709000,4.99,4.99,5.0,3640600.0
2018-01-25 14:12:36.059000,4.99,4.99,5.0,3640600.0
2018-01-25 14:12:39.184000,4.99,4.99,5.0,3640600.0
2018-01-25 14:12:42.555000,4.99,4.99,5.0,3640600.0
2018-01-25 14:12:46.430000,4.99,4.98,5.0,3640600.0
2018-01-25 14:12:51.196000,4.99,4.98,5.0,3640600.0
2018-01-25 14:12:53.809000,4.99,4.98,5.0,3640600.0
2018-01-25 14:12:56.362000,4.99,4.98,5.0,3640600.0
2018-01-25 14:12:59.337000,4.99,4.98,5.0,3640600.0
2018-01-25 14:13:02.489000,4.99,4.98,5.0,3640600.0
2018-01-25 14:13:06.159000,4.99,4.98,5.0,3640600.0
2018-01-25 14:13:10.249000,4.99,4.98,5.0,3640600.0
2018-01-25 14:13:14.504000,4.99,4.98,5.0,3640600.0
2018-01-25 14:13:17.128000,4.99,4.98,5.0,3640600.0
2018-01-25 14:13:19.588000,4.99,4.98,5.0,3640600.0
2018-01-25 14:13:22.174000,4.99,4.98,5.0,3640600.0
2018-01-25 14:13:25.063000,4.99,4.98,5.0,3640600.0
2018-01-25 14:13:27.641000,4.99,4.98,5.0,3640600.0
2018-01-25 14:13:30.471000,4.99,4.98,5.0,3640600.0
2018-01-25 14:13:33.143000,4.99,4.98,5.0,3640600.0
2018-01-25 14:13:36.170000,4.99,4.98,5.0,3640600.0
2018-01-25 14:13:38.927000,4.99,4.98,5.0,3640600.0
2018-01-25 14:13:41.607000,4.99,4.98,5.0,3640600.0
2018-01-25 14:13:44.242000,4.99,4.98,5.0,3640600.0
2018-01-25 14:13:47.084000,4.99,4.98,5.0,3640600.0
2018-01-25 14:13:49.969000,4.99,4.98,5.0,3640600.0
2018-01-25 14:13:52.676000,4.99,4.98,5.0,3640600.0
2018-01-25 14:13:55.847000,4.99,4.98,5.0,3640600.0
2018-01-25 14:13:58.545000,4.99,4.98,5.0,3640600.0
2018-01-25 14:14:01.194000,4.99,4.99,5.0,3640600.0
2018-01-25 14:14:03.800000,4.99,4.99,5.0,3640600.0
2018-01-25 14:14:06.393000,4.99,4.99,5.0,3640600.0
2018-01-25 14:14:09.319000,4.99,4.99,5.0,3640600.0
2018-01-25 14:14:11.907000,4.99,4.99,5.0,3640600.0
2018-01-25 14:14:14.532000,4.99,4.99,5.0,3640600.0
2018-01-25 14:14:17.301000,4.99,4.99,5.0,3640600.0
2018-01-25 14:14:20.094000,4.99,4.99,5.0,3640600.0
2018-01-25 14:14:22.853000,4.99,4.99,5.0,3640600.0
2018-01-25 14:14:25.569000,4.99,4.99,5.0,3640600.0
2018-01-25 14:14:28.213000,4.99,4.99,5.0,3640600.0
2018-01-25 14:14:30.789000,4.99,4.99,5.0,3640600.0
2018-01-25 14:14:33.503000,4.99,4.99,5.0,3640600.0
2018-01-25 14:14:36.356000,4.99,4.99,5.0,3640600.0
2018-01-25 14:14:39.017000,4.99,4.99,5.0,3640600.0
2018-01-25 14:14:41.602000,4.99,4.98,5.0,3640600.0
2018-01-25 14:14:44.324000,4.99,4.98,5.0,3640600.0
2018-01-25 14:14:46.968000,4.99,4.98,5.0,3640600.0
2018-01-25 14:14:49.441000,4.99,4.98,5.0,3640600.0
2018-01-25 14:14:52.017000,4.99,4.98,5.0,3640600.0
2018-01-25 14:14:54.527000,4.99,4.98,5.0,3640600.0
2018-01-25 14:14:57.273000,4.99,4.98,5.0,3640600.0
2018-01-25 14:15:00.034000,4.99,4.98,5.0,3640600.0
2018-01-25 14:15:02.753000,4.99,4.98,5.0,3640600.0
2018-01-25 14:15:05.237000,4.99,4.98,5.0,3640600.0
2018-01-25 14:15:07.865000,4.99,4.98,5.0,3640600.0
2018-01-25 14:15:10.646000,4.99,4.98,5.0,3640600.0
2018-01-25 14:15:13.273000,4.99,4.98,5.0,3640600.0
2018-01-25 14:15:15.817000,4.99,4.98,5.0,3640600.0
2018-01-25 14:15:18.650000,4.99,4.98,5.0,3640600.0
2018-01-25 14:15:21.160000,4.99,4.98,5.0,3640600.0
2018-01-25 14:15:23.852000,4.99,4.98,5.0,3640600.0
2018-01-25 14:15:26.521000,4.99,4.98,5.0,3640600.0
2018-01-25 14:15:29.353000,4.99,4.98,5.0,3640600.0
2018-01-25 14:15:32.064000,4.99,4.98,5.0,3640600.0
2018-01-25 14:15:34.486000,4.99,4.98,5.0,3640600.0
2018-01-25 14:15:37.091000,4.99,4.98,5.0,3640600.0
2018-01-25 14:15:39.464000,4.99,4.98,5.0,3640600.0
2018-01-25 14:15:42.498000,4.99,4.98,5.0,3640600.0
2018-01-25 14:15:44.971000,4.99,4.98,5.0,3640600.0
2018-01-25 14:15:47.996000,4.99,4.98,5.0,3640600.0
2018-01-25 14:15:50.986000,4.99,4.98,5.0,3640600.0
2018-01-25 14:15:53.903000,4.99,4.98,5.0,3640600.0
2018-01-25 14:15:56.646000,4.99,4.98,5.0,3640600.0
2018-01-25 14:15:59.341000,4.99,4.98,5.0,3640600.0
2018-01-25 14:16:02.581000,4.99,4.98,5.0,3640600.0
2018-01-25 14:16:05.425000,4.99,4.98,5.0,3640600.0
2018-01-25 14:16:07.708000,4.99,4.98,5.0,3640600.0
2018-01-25 14:16:10.599000,4.99,4.98,5.0,3640600.0
2018-01-25 14:16:13.256000,4.99,4.98,5.0,3640600.0
2018-01-25 14:16:15.937000,4.99,4.98,5.0,3640600.0
2018-01-25 14:16:18.463000,4.99,4.98,5.0,3640600.0
2018-01-25 14:16:21.111000,4.99,4.98,5.0,3640600.0
2018-01-25 14:16:23.810000,4.99,4.98,5.0,3640600.0
2018-01-25 14:16:26.457000,4.99,4.98,5.0,3640600.0
2018-01-25 14:16:29.458000,4.99,4.98,5.0,3640600.0
2018-01-25 14:16:32.178000,4.99,4.98,5.0,3640600.0
2018-01-25 14:16:35.004000,4.99,4.98,5.0,3640600.0
2018-01-25 14:16:37.763000,4.99,4.98,5.0,3640600.0
2018-01-25 14:16:40.378000,4.99,4.98,5.0,3640600.0
2018-01-25 14:16:42.976000,4.99,4.99,5.0,3640600.0
2018-01-25 14:16:45.849000,4.99,4.99,5.0,3640600.0
2018-01-25 14:16:48.360000,4.99,4.99,5.0,3640600.0
2018-01-25 14:16:50.879000,4.99,4.99,5.0,3640600.0
2018-01-25 14:16:53.430000,4.99,4.99,5.0,3640600.0
2018-01-25 14:16:56.036000,4.99,4.99,5.0,3640600.0
2018-01-25 14:16:58.544000,4.99,4.99,5.0,3640600.0
2018-01-25 14:17:01.139000,4.99,4.99,5.0,3640600.0
2018-01-25 14:17:03.697000,4.99,4.99,5.0,3640600.0
2018-01-25 14:17:06.081000,4.99,4.99,5.0,3640600.0
2018-01-25 14:17:08.578000,4.99,4.99,5.0,3640600.0
2018-01-25 14:17:11.284000,4.99,4.99,5.0,3640600.0
2018-01-25 14:17:13.941000,4.99,4.99,5.0,3640600.0
2018-01-25 14:17:17.103000,4.99,4.99,5.0,3640600.0
2018-01-25 14:17:19.606000,4.99,4.99,5.0,3640600.0
2018-01-25 14:17:22.239000,4.99,4.99,5.0,3640600.0
2018-01-25 14:17:25.334000,4.99,4.99,5.0,3640600.0
2018-01-25 14:17:28.537000,4.99,4.99,5.0,3640600.0
2018-01-25 14:17:31.183000,4.99,4.99,5.0,3640600.0
2018-01-25 14:17:33.855000,4.99,4.99,5.0,3640600.0
2018-01-25 14:17:36.354000,4.99,4.99,5.0,3640600.0
2018-01-25 14:17:39.007000,4.99,4.99,5.0,3640600.0
2018-01-25 14:17:41.434000,4.99,4.99,5.0,3640600.0
2018-01-25 14:17:44.068000,4.99,4.99,5.0,3640600.0
2018-01-25 14:17:46.545000,4.99,4.99,5.0,3640600.0
2018-01-25 14:17:49.314000,4.99,4.99,5.0,3640600.0
2018-01-25 14:17:51.958000,4.99,4.99,5.0,3640600.0
2018-01-25 14:17:54.601000,4.99,4.99,5.0,3640600.0
2018-01-25 14:17:57.294000,4.99,4.99,5.0,3640600.0
2018-01-25 14:18:00.063000,4.99,4.99,5.0,3640600.0
2018-01-25 14:18:02.795000,4.99,4.99,5.0,3640600.0
2018-01-25 14:18:05.602000,4.99,4.99,5.0,3640600.0
2018-01-25 14:18:08.222000,4.99,4.99,5.0,3640600.0
2018-01-25 14:18:10.804000,4.99,4.99,5.0,3640600.0
2018-01-25 14:18:13.376000,4.99,4.99,5.0,3640600.0
2018-01-25 14:18:15.908000,4.99,4.99,5.0,3640600.0
2018-01-25 14:18:18.281000,4.99,4.99,5.0,3640600.0
2018-01-25 14:18:20.897000,4.99,4.99,5.0,3640600.0
2018-01-25 14:18:23.422000,4.99,4.99,5.0,3640600.0
2018-01-25 14:18:26.132000,4.99,4.99,5.0,3640600.0
2018-01-25 14:18:28.815000,4.99,4.99,5.0,3640600.0
2018-01-25 14:18:31.721000,4.99,4.99,5.0,3640600.0
2018-01-25 14:18:34.309000,4.99,4.99,5.0,3640600.0
2018-01-25 14:18:36.746000,4.99,4.99,5.0,3640600.0
2018-01-25 14:18:39.437000,4.99,4.99,5.0,3640600.0
2018-01-25 14:18:42.199000,4.99,4.99,5.0,3640600.0
2018-01-25 14:18:44.806000,4.99,4.99,5.0,3640600.0
2018-01-25 14:18:47.321000,4.99,4.99,5.0,3640600.0
2018-01-25 14:18:49.869000,4.99,4.99,5.0,3640600.0
2018-01-25 14:18:52.483000,4.99,4.99,5.0,3640600.0
2018-01-25 14:18:55.072000,4.99,4.99,5.0,3640600.0
2018-01-25 14:18:57.782000,4.99,4.99,5.0,3640600.0
2018-01-25 14:19:00.210000,4.99,4.99,5.0,3640600.0
2018-01-25 14:19:02.766000,4.99,4.99,5.0,3640600.0
2018-01-25 14:19:05.320000,4.99,4.99,5.0,3640600.0
2018-01-25 14:19:07.937000,4.99,4.99,5.0,3640600.0
2018-01-25 14:19:10.537000,4.99,4.99,5.0,3640600.0
2018-01-25 14:19:13.214000,4.99,4.99,5.0,3640600.0
2018-01-25 14:19:15.872000,4.99,4.99,5.0,3640600.0
2018-01-25 14:19:18.640000,4.99,4.99,5.0,3640600.0
2018-01-25 14:19:21.261000,4.99,4.99,5.0,3640600.0
2018-01-25 14:19:23.693000,4.99,4.99,5.0,3640600.0
2018-01-25 14:19:26.452000,4.99,4.99,5.0,3640600.0
2018-01-25 14:19:29.206000,4.99,4.99,5.0,3640600.0
2018-01-25 14:19:31.982000,4.99,4.99,5.0,3640600.0
2018-01-25 14:19:34.595000,4.99,4.99,5.0,3640600.0
2018-01-25 14:19:37.071000,4.99,4.99,5.0,3640600.0
2018-01-25 14:19:39.634000,4.99,4.99,5.0,3640600.0
2018-01-25 14:19:42.261000,4.99,4.99,5.0,3640600.0
2018-01-25 14:19:44.656000,4.99,4.99,5.0,3640600.0
2018-01-25 14:19:47.181000,4.99,4.99,5.0,3640600.0
2018-01-25 14:19:49.848000,4.99,4.99,5.0,3640600.0
2018-01-25 14:19:53.375000,4.99,4.99,5.0,3640600.0
2018-01-25 14:19:56.447000,4.99,4.99,5.0,3640600.0
2018-01-25 14:19:59.287000,4.99,4.99,5.0,3640600.0
2018-01-25 14:20:02.406000,4.99,4.99,5.0,3640600.0
2018-01-25 14:20:05.569000,4.99,4.99,5.0,3640600.0
2018-01-25 14:20:08.661000,4.99,4.99,5.0,3640600.0
2018-01-25 14:20:11.899000,4.99,4.99,5.0,3640600.0
2018-01-25 14:20:14.963000,4.99,4.99,5.0,3640600.0
2018-01-25 14:20:18.248000,4.99,4.99,5.0,3640600.0
2018-01-25 14:20:21.213000,4.99,4.99,5.0,3640600.0
2018-01-25 14:20:24.249000,4.99,4.99,5.0,3640600.0
2018-01-25 14:20:27.137000,4.99,4.99,5.0,3640600.0
2018-01-25 14:20:30.307000,4.99,4.99,5.0,3640600.0
2018-01-25 14:20:33.427000,4.99,4.99,5.0,3640600.0
2018-01-25 14:20:36.471000,4.99,4.99,5.0,3640600.0
2018-01-25 14:20:39.553000,4.99,4.99,5.0,3640600.0
2018-01-25 14:20:42.651000,4.99,4.99,5.0,3640600.0
2018-01-25 14:20:45.698000,4.99,4.99,5.0,3640600.0
2018-01-25 14:20:48.713000,4.99,4.99,5.0,3640600.0
2018-01-25 14:20:51.588000,4.99,4.99,5.0,3640600.0
2018-01-25 14:20:54.501000,4.99,4.99,5.0,3640600.0
2018-01-25 14:20:57.562000,4.99,4.99,5.0,3640600.0
2018-01-25 14:21:00.495000,4.99,4.99,5.0,3640600.0
2018-01-25 14:21:03.374000,4.99,4.99,5.0,3640600.0
2018-01-25 14:21:06.389000,4.99,4.99,5.0,3640600.0
2018-01-25 14:21:09.346000,4.99,4.99,5.0,3640600.0
2018-01-25 14:21:12.339000,4.99,4.99,5.0,3640600.0
2018-01-25 14:21:15.384000,4.99,4.99,5.0,3640600.0
2018-01-25 14:21:18.459000,4.99,4.99,5.0,3640600.0
2018-01-25 14:21:21.484000,4.99,4.99,5.0,3640600.0
2018-01-25 14:21:24.598000,4.99,4.99,5.0,3640600.0
2018-01-25 14:21:27.766000,4.99,4.99,5.0,3640600.0
2018-01-25 14:21:30.744000,4.99,4.99,5.0,3640600.0
2018-01-25 14:21:34.163000,4.99,4.99,5.0,3640600.0
2018-01-25 14:21:37.265000,4.99,4.99,5.0,3640600.0
2018-01-25 14:21:40.590000,4.99,4.99,5.0,3640600.0
2018-01-25 14:21:43.563000,4.99,4.99,5.0,3640600.0
2018-01-25 14:21:46.651000,4.99,4.99,5.0,3640600.0
2018-01-25 14:21:49.896000,4.99,4.99,5.0,3640600.0
2018-01-25 14:21:52.814000,4.99,4.99,5.0,3640600.0
2018-01-25 14:21:55.916000,4.99,4.99,5.0,3640600.0
2018-01-25 14:21:58.795000,4.99,4.99,5.0,3640600.0
2018-01-25 14:22:02.108000,4.99,4.99,5.0,3640600.0
2018-01-25 14:22:05.022000,4.99,4.99,5.0,3640600.0
2018-01-25 14:22:08.045000,4.99,4.99,5.0,3640600.0
2018-01-25 14:22:11.290000,4.99,4.99,5.0,3640600.0
2018-01-25 14:22:14.512000,4.99,4.99,5.0,3640600.0
2018-01-25 14:22:17.309000,4.99,4.99,5.0,3640600.0
2018-01-25 14:22:20.525000,4.99,4.99,5.0,3640600.0
2018-01-25 14:22:23.743000,4.99,4.99,5.0,3640600.0
2018-01-25 14:22:26.698000,4.99,4.99,5.0,3640600.0
2018-01-25 14:22:29.921000,4.99,4.99,5.0,3640600.0
2018-01-25 14:22:32.921000,4.99,4.99,5.0,3640600.0
2018-01-25 14:22:36.167000,4.99,4.99,5.0,3640600.0
2018-01-25 14:22:39.059000,4.99,4.99,5.0,3640600.0
2018-01-25 14:22:41.962000,4.99,4.99,5.0,3640600.0
2018-01-25 14:22:45.046000,4.99,4.99,5.0,3640600.0
2018-01-25 14:22:48.109000,4.99,4.99,5.0,3640600.0
2018-01-25 14:22:51.350000,4.99,4.99,5.0,3640600.0
2018-01-25 14:22:54.251000,4.99,4.99,5.0,3640600.0
2018-01-25 14:22:57.470000,4.99,4.99,5.0,3640600.0
2018-01-25 14:23:00.634000,4.99,4.99,5.0,3640600.0
2018-01-25 14:23:03.607000,4.99,4.99,5.0,3640600.0
2018-01-25 14:23:06.624000,4.99,4.99,5.0,3640600.0
2018-01-25 14:23:09.665000,4.99,4.99,5.0,3640600.0
2018-01-25 14:23:12.867000,4.99,4.99,5.0,3640600.0
2018-01-25 14:23:15.776000,4.99,4.99,5.0,3640600.0
2018-01-25 14:23:18.800000,4.99,4.99,5.0,3640600.0
2018-01-25 14:23:22.173000,4.99,4.99,5.0,3640600.0
2018-01-25 14:23:25.225000,4.99,4.99,5.0,3640600.0
2018-01-25 14:23:28.156000,4.99,4.99,5.0,3640600.0
2018-01-25 14:23:31.291000,4.99,4.99,5.0,3640600.0
2018-01-25 14:23:34.415000,4.99,4.99,5.0,3640600.0
2018-01-25 14:23:37.529000,4.99,4.99,5.0,3640600.0
2018-01-25 14:23:40.470000,4.99,4.99,5.0,3640600.0
2018-01-25 14:23:43.641000,4.99,4.99,5.0,3640600.0
2018-01-25 14:23:46.763000,4.99,4.99,5.0,3640600.0
2018-01-25 14:23:49.875000,4.99,4.99,5.0,3640600.0
2018-01-25 14:23:52.754000,4.99,4.99,5.0,3640600.0
2018-01-25 14:23:55.936000,4.99,4.99,5.0,3640600.0
2018-01-25 14:23:59.124000,4.99,4.99,5.0,3640600.0
2018-01-25 14:24:02.183000,4.99,4.99,5.0,3640600.0
2018-01-25 14:24:05.389000,4.99,4.99,5.0,3640600.0
2018-01-25 14:24:08.490000,4.99,4.99,5.0,3640600.0
2018-01-25 14:24:11.607000,4.99,4.99,5.0,3640600.0
2018-01-25 14:24:14.640000,4.99,4.98,5.0,3640600.0
2018-01-25 14:24:17.811000,4.99,4.98,5.0,3640600.0
2018-01-25 14:24:20.933000,4.99,4.98,5.0,3640600.0
2018-01-25 14:24:24,4.99,4.98,5.0,3640600.0
2018-01-25 14:24:27.027000,4.99,4.98,5.0,3640600.0
2018-01-25 14:24:30.067000,4.99,4.98,5.0,3640600.0
2018-01-25 14:24:33.258000,4.99,4.98,5.0,3640600.0
2018-01-25 14:24:36.378000,4.99,4.98,5.0,3640600.0
2018-01-25 14:24:39.523000,4.99,4.98,5.0,3640600.0
2018-01-25 14:24:42.644000,4.99,4.98,5.0,3640600.0
2018-01-25 14:24:45.747000,4.99,4.98,5.0,3640600.0
2018-01-25 14:24:48.789000,4.99,4.98,5.0,3640600.0
2018-01-25 14:24:52.017000,4.99,4.98,5.0,3640600.0
2018-01-25 14:24:54.922000,4.99,4.98,5.0,3640600.0
2018-01-25 14:24:58.094000,4.99,4.98,4.99,3640600.0
2018-01-25 14:25:01.169000,4.99,4.98,4.99,3640600.0
2018-01-25 14:25:04.376000,4.99,4.98,4.99,3640600.0
2018-01-25 14:25:07.347000,4.99,4.98,4.99,3640600.0
2018-01-25 14:25:10.272000,4.99,4.98,4.99,3640600.0
2018-01-25 14:25:13.219000,4.99,4.98,4.99,3640600.0
2018-01-25 14:25:16.281000,4.99,4.98,4.99,3640600.0
2018-01-25 14:25:19.231000,4.99,4.98,4.99,3640600.0
2018-01-25 14:25:22.357000,4.99,4.98,4.99,3640600.0
2018-01-25 14:25:25.367000,4.99,4.98,4.99,3640600.0
2018-01-25 14:25:28.304000,4.99,4.98,4.99,3640600.0
2018-01-25 14:25:31.326000,4.99,4.98,4.99,3640600.0
2018-01-25 14:25:34.480000,4.99,4.98,4.99,3640600.0
2018-01-25 14:25:37.368000,4.99,4.98,4.99,3640600.0
2018-01-25 14:25:40.442000,4.99,4.98,4.99,3640600.0
2018-01-25 14:25:43.397000,4.99,4.98,4.99,3640600.0
2018-01-25 14:25:46.469000,4.99,4.98,4.99,3640600.0
2018-01-25 14:25:49.605000,4.99,4.98,4.99,3640600.0
2018-01-25 14:25:52.733000,4.99,4.98,4.99,3640600.0
2018-01-25 14:25:55.966000,4.99,4.99,5.0,3640600.0
2018-01-25 14:25:59.110000,4.99,4.99,5.0,3640600.0
2018-01-25 14:26:02.109000,4.99,4.99,5.0,3640600.0
2018-01-25 14:26:05.281000,4.99,4.99,5.0,3640600.0
2018-01-25 14:26:08.583000,4.99,4.99,5.0,3640600.0
2018-01-25 14:26:11.609000,4.99,4.99,5.0,3640600.0
2018-01-25 14:26:14.623000,4.99,4.99,5.0,3640600.0
2018-01-25 14:26:18.128000,4.99,4.98,5.0,3640600.0
2018-01-25 14:26:21.333000,4.99,4.98,5.0,3640600.0
2018-01-25 14:26:24.571000,4.99,4.98,5.0,3640600.0
2018-01-25 14:26:27.496000,4.99,4.98,5.0,3640600.0
2018-01-25 14:26:30.333000,4.99,4.98,5.0,3640600.0
2018-01-25 14:26:33.356000,4.99,4.98,5.0,3640600.0
2018-01-25 14:26:36.350000,4.99,4.98,5.0,3640600.0
2018-01-25 14:26:39.381000,4.99,4.98,5.0,3640600.0
2018-01-25 14:26:42.679000,4.99,4.98,5.0,3640600.0
2018-01-25 14:26:45.698000,4.99,4.98,5.0,3640600.0
2018-01-25 14:26:48.914000,4.99,4.98,5.0,3640600.0
2018-01-25 14:26:52.055000,4.99,4.99,5.0,3640600.0
2018-01-25 14:26:55.073000,4.99,4.99,5.0,3640600.0
2018-01-25 14:26:58.158000,4.99,4.99,5.0,3640600.0
2018-01-25 14:27:01.516000,4.99,4.99,5.0,3640600.0
2018-01-25 14:27:04.692000,4.99,4.99,5.0,3640600.0
2018-01-25 14:27:07.811000,4.99,4.99,5.0,3640600.0
2018-01-25 14:27:11.015000,4.99,4.99,5.0,3640600.0
2018-01-25 14:27:14.466000,4.99,4.99,5.0,3640600.0
2018-01-25 14:27:17.531000,4.99,4.99,5.0,3640600.0
2018-01-25 14:27:20.762000,4.99,4.99,5.0,3640600.0
2018-01-25 14:27:23.712000,4.99,4.99,5.0,3640600.0
2018-01-25 14:27:26.721000,4.99,4.99,5.0,3640600.0
2018-01-25 14:27:29.657000,4.99,4.99,5.0,3640600.0
2018-01-25 14:27:32.814000,4.99,4.99,5.0,3640600.0
2018-01-25 14:27:35.984000,4.99,4.99,5.0,3640600.0
2018-01-25 14:27:39.034000,4.99,4.99,5.0,3640600.0
2018-01-25 14:27:41.954000,4.99,4.99,5.0,3640600.0
2018-01-25 14:27:45.222000,4.99,4.99,5.0,3640600.0
2018-01-25 14:27:48.339000,4.99,4.99,5.0,3640600.0
2018-01-25 14:27:51.379000,4.99,4.99,5.0,3640600.0
2018-01-25 14:27:54.456000,4.99,4.99,5.0,3640600.0
2018-01-25 14:27:57.526000,4.99,4.99,5.0,3640600.0
2018-01-25 14:28:00.674000,4.99,4.99,5.0,3640600.0
2018-01-25 14:28:03.637000,4.99,4.99,5.0,3640600.0
2018-01-25 14:28:06.468000,4.99,4.99,5.0,3640600.0
2018-01-25 14:28:09.572000,4.99,4.99,5.0,3640600.0
2018-01-25 14:28:12.557000,4.99,4.99,5.0,3640600.0
2018-01-25 14:28:15.903000,4.99,4.99,5.0,3640600.0
2018-01-25 14:28:18.961000,4.99,4.99,5.0,3640600.0
2018-01-25 14:28:22.012000,4.99,4.99,5.0,3640600.0
2018-01-25 14:28:24.903000,4.99,4.98,5.0,3640600.0
2018-01-25 14:28:27.885000,4.99,4.98,5.0,3640600.0
2018-01-25 14:28:30.986000,4.99,4.98,5.0,3640600.0
2018-01-25 14:28:34.051000,4.99,4.98,5.0,3640600.0
2018-01-25 14:28:37.036000,4.99,4.98,5.0,3640600.0
2018-01-25 14:28:40.318000,4.99,4.98,5.0,3640600.0
2018-01-25 14:28:43.189000,4.99,4.98,5.0,3640600.0
2018-01-25 14:28:46.316000,4.99,4.98,5.0,3640600.0
2018-01-25 14:28:49.312000,4.99,4.98,5.0,3640600.0
2018-01-25 14:28:52.317000,4.99,4.98,5.0,3640600.0
2018-01-25 14:28:55.465000,4.99,4.98,5.0,3640600.0
2018-01-25 14:28:58.598000,4.99,4.98,5.0,3640600.0
2018-01-25 14:29:01.689000,4.99,4.99,5.0,3640600.0
2018-01-25 14:29:05.023000,4.99,4.99,5.0,3640600.0
2018-01-25 14:29:07.978000,4.99,4.99,5.0,3640600.0
2018-01-25 14:29:11.110000,4.99,4.99,5.0,3640600.0
2018-01-25 14:29:14.053000,4.99,4.99,5.0,3640600.0
2018-01-25 14:29:17.145000,4.99,4.99,5.0,3640600.0
2018-01-25 14:29:20.114000,4.99,4.99,5.0,3640600.0
2018-01-25 14:29:23.262000,4.99,4.99,5.0,3640600.0
2018-01-25 14:29:26.283000,4.99,4.99,5.0,3640600.0
2018-01-25 14:29:29.365000,4.99,4.99,5.0,3640600.0
2018-01-25 14:29:32.441000,4.99,4.99,5.0,3640600.0
2018-01-25 14:29:35.507000,4.99,4.99,5.0,3640600.0
2018-01-25 14:29:38.602000,4.99,4.99,5.0,3640600.0
2018-01-25 14:29:41.558000,4.99,4.99,5.0,3640600.0
2018-01-25 14:29:44.661000,4.99,4.99,5.0,3640600.0
2018-01-25 14:29:47.677000,4.99,4.99,5.0,3640600.0
2018-01-25 14:29:50.789000,4.99,4.99,5.0,3640600.0
2018-01-25 14:29:53.773000,4.99,4.99,5.0,3640600.0
2018-01-25 14:29:56.895000,4.99,4.99,5.0,3640600.0
2018-01-25 14:30:00.575000,4.99,4.98,5.0,3640600.0
2018-01-25 14:30:03.677000,4.99,4.98,5.0,3640600.0
2018-01-25 14:30:06.678000,4.99,4.98,5.0,3640600.0
2018-01-25 14:30:09.594000,4.99,4.98,5.0,3640600.0
2018-01-25 14:30:12.844000,4.99,4.98,5.0,3640600.0
2018-01-25 14:30:15.826000,4.99,4.98,5.0,3640600.0
2018-01-25 14:30:18.771000,4.99,4.98,5.0,3640600.0
2018-01-25 14:30:21.948000,4.99,4.98,5.0,3640600.0
2018-01-25 14:30:24.857000,4.99,4.98,5.0,3640600.0
2018-01-25 14:30:28.028000,4.99,4.98,5.0,3640600.0
2018-01-25 14:30:31,4.99,4.98,5.0,3640600.0
2018-01-25 14:30:34.063000,4.99,4.98,5.0,3640600.0
2018-01-25 14:30:37.207000,4.99,4.98,5.0,3640600.0
2018-01-25 14:30:41.931000,4.99,4.98,5.0,3640600.0
2018-01-25 14:30:45.042000,4.99,4.98,5.0,3640600.0
2018-01-25 14:30:48.068000,4.99,4.98,5.0,3640600.0
2018-01-25 14:30:51.206000,4.99,4.98,5.0,3640600.0
2018-01-25 14:30:54.526000,4.99,4.98,5.0,3640600.0
2018-01-25 14:30:57.866000,4.99,4.98,5.0,3640600.0
2018-01-25 14:31:00.885000,4.99,4.98,5.0,3640600.0
2018-01-25 14:31:05.148000,4.99,4.98,5.0,3640600.0
2018-01-25 14:31:08.591000,4.99,4.98,5.0,3640600.0
2018-01-25 14:31:11.863000,4.99,4.98,5.0,3640600.0
2018-01-25 14:31:15.017000,4.99,4.98,5.0,3640600.0
2018-01-25 14:31:18.359000,4.99,4.98,5.0,3640600.0
2018-01-25 14:31:21.464000,4.99,4.98,5.0,3640600.0
2018-01-25 14:31:24.639000,4.99,4.98,5.0,3640600.0
2018-01-25 14:31:28.040000,4.99,4.98,5.0,3640600.0
2018-01-25 14:31:31.158000,4.99,4.98,5.0,3640600.0
2018-01-25 14:31:34.359000,4.99,4.98,5.0,3640600.0
2018-01-25 14:31:37.633000,4.99,4.98,5.0,3640600.0
2018-01-25 14:31:40.677000,4.99,4.98,5.0,3640600.0
2018-01-25 14:31:43.685000,4.99,4.98,5.0,3640600.0
2018-01-25 14:31:46.817000,4.99,4.98,5.0,3640600.0
2018-01-25 14:31:49.975000,4.99,4.98,5.0,3640600.0
2018-01-25 14:31:53.052000,4.99,4.98,5.0,3640600.0
2018-01-25 14:31:56.233000,4.99,4.98,5.0,3640600.0
2018-01-25 14:31:59.398000,4.99,4.98,5.0,3640600.0
2018-01-25 14:32:02.743000,4.99,4.98,5.0,3640600.0
2018-01-25 14:32:05.760000,4.99,4.98,5.0,3640600.0
2018-01-25 14:32:09.009000,4.99,4.98,5.0,3640600.0
2018-01-25 14:32:12.257000,4.99,4.98,5.0,3640600.0
2018-01-25 14:32:15.301000,4.99,4.98,5.0,3640600.0
2018-01-25 14:32:18.404000,4.99,4.98,5.0,3640600.0
2018-01-25 14:32:21.537000,4.99,4.98,5.0,3640600.0
2018-01-25 14:32:24.651000,4.99,4.98,5.0,3640600.0
2018-01-25 14:32:27.712000,4.99,4.98,5.0,3640600.0
2018-01-25 14:32:30.716000,4.99,4.98,5.0,3640600.0
2018-01-25 14:32:33.885000,4.99,4.98,5.0,3640600.0
2018-01-25 14:32:37.368000,4.99,4.98,5.0,3640600.0
2018-01-25 14:32:40.514000,4.99,4.98,5.0,3640600.0
2018-01-25 14:32:43.700000,4.99,4.98,5.0,3640600.0
2018-01-25 14:32:46.791000,4.99,4.98,5.0,3640600.0
2018-01-25 14:32:49.939000,4.99,4.98,5.0,3640600.0
2018-01-25 14:32:52.980000,4.99,4.98,5.0,3640600.0
2018-01-25 14:32:55.970000,4.99,4.98,5.0,3640600.0
2018-01-25 14:32:59.199000,4.99,4.98,5.0,3640600.0
2018-01-25 14:33:02.570000,4.99,4.98,5.0,3640600.0
2018-01-25 14:33:05.911000,4.99,4.98,5.0,3640600.0
2018-01-25 14:33:09.072000,4.99,4.98,5.0,3640600.0
2018-01-25 14:33:12.306000,4.99,4.98,5.0,3640600.0
2018-01-25 14:33:15.315000,4.99,4.98,5.0,3640600.0
2018-01-25 14:33:18.476000,4.99,4.98,5.0,3640600.0
2018-01-25 14:33:21.822000,4.99,4.98,5.0,3640600.0
2018-01-25 14:33:24.911000,4.99,4.98,5.0,3640600.0
2018-01-25 14:33:28.198000,4.99,4.99,5.0,3640600.0
2018-01-25 14:33:31.605000,4.99,4.99,5.0,3640600.0
2018-01-25 14:33:34.586000,4.99,4.99,5.0,3640600.0
2018-01-25 14:33:37.650000,4.99,4.99,5.0,3640600.0
2018-01-25 14:33:40.881000,4.99,4.99,5.0,3640600.0
2018-01-25 14:33:44.095000,4.99,4.99,5.0,3640600.0
2018-01-25 14:33:47.275000,4.99,4.99,5.0,3640600.0
2018-01-25 14:33:50.421000,4.99,4.99,5.0,3640600.0
2018-01-25 14:33:53.747000,4.99,4.99,5.0,3640600.0
2018-01-25 14:33:57.025000,4.99,4.99,5.0,3640600.0
2018-01-25 14:34:00.227000,4.99,4.99,5.0,3640600.0
2018-01-25 14:34:03.315000,4.99,4.99,5.0,3640600.0
2018-01-25 14:34:06.474000,4.99,4.99,5.0,3640600.0
2018-01-25 14:34:09.982000,4.99,4.99,5.0,3640600.0
2018-01-25 14:34:13.216000,4.99,4.99,5.0,3640600.0
2018-01-25 14:34:16.576000,4.99,4.99,5.0,3640600.0
2018-01-25 14:34:19.496000,4.99,4.99,5.0,3640600.0
2018-01-25 14:34:22.673000,4.99,4.99,5.0,3640600.0
2018-01-25 14:34:25.773000,4.99,4.99,5.0,3640600.0
2018-01-25 14:34:28.999000,4.99,4.99,5.0,3640600.0
2018-01-25 14:34:32.279000,4.99,4.99,5.0,3640600.0
2018-01-25 14:34:35.407000,4.99,4.99,5.0,3640600.0
2018-01-25 14:34:38.579000,4.99,4.99,5.0,3640600.0
2018-01-25 14:34:41.638000,4.99,4.99,5.0,3640600.0
2018-01-25 14:34:44.597000,4.99,4.99,5.0,3640600.0
2018-01-25 14:34:47.699000,4.99,4.99,5.0,3640600.0
2018-01-25 14:34:50.952000,4.99,4.99,5.0,3640600.0
2018-01-25 14:34:53.952000,4.99,4.99,5.0,3640600.0
2018-01-25 14:34:57.044000,4.99,4.99,5.0,3640600.0
2018-01-25 14:35:00.204000,4.99,4.99,5.0,3640600.0
2018-01-25 14:35:03.397000,4.99,4.99,5.0,3640600.0
2018-01-25 14:35:06.588000,4.99,4.99,5.0,3640600.0
2018-01-25 14:35:09.642000,4.99,4.99,5.0,3640600.0
2018-01-25 14:35:12.812000,4.99,4.99,5.0,3640600.0
2018-01-25 14:35:15.906000,4.99,4.99,5.0,3640600.0
2018-01-25 14:35:19.065000,4.99,4.99,5.0,3640600.0
2018-01-25 14:35:22.202000,4.99,4.99,5.0,3640600.0
2018-01-25 14:35:25.188000,4.99,4.99,5.0,3640600.0
2018-01-25 14:35:28.220000,4.99,4.99,5.0,3640600.0
2018-01-25 14:35:31.465000,4.99,4.99,5.0,3640600.0
2018-01-25 14:35:34.883000,4.99,4.99,5.0,3640600.0
2018-01-25 14:35:37.765000,4.99,4.99,5.0,3640600.0
2018-01-25 14:35:40.829000,4.99,4.99,5.0,3640600.0
2018-01-25 14:35:44.080000,4.99,4.99,5.0,3640600.0
2018-01-25 14:35:47.236000,4.99,4.99,5.0,3640600.0
2018-01-25 14:35:50.415000,4.99,4.99,5.0,3640600.0
2018-01-25 14:35:53.572000,4.99,4.99,5.0,3640600.0
2018-01-25 14:35:56.937000,4.99,4.99,5.0,3640600.0
2018-01-25 14:35:59.900000,4.99,4.99,5.0,3640600.0
2018-01-25 14:36:03.439000,4.99,4.99,5.0,3640600.0
2018-01-25 14:36:06.844000,4.99,4.99,5.0,3640600.0
2018-01-25 14:36:10.096000,4.99,4.99,5.0,3640600.0
2018-01-25 14:36:13.222000,4.99,4.99,5.0,3640600.0
2018-01-25 14:36:16.385000,4.99,4.99,5.0,3640600.0
2018-01-25 14:36:20.026000,4.99,4.99,5.0,3640600.0
2018-01-25 14:36:23.175000,4.99,4.99,5.0,3640600.0
2018-01-25 14:36:26.333000,4.99,4.99,5.0,3640600.0
2018-01-25 14:36:29.508000,4.99,4.99,5.0,3640600.0
2018-01-25 14:36:32.597000,4.99,4.99,5.0,3640600.0
2018-01-25 14:36:35.849000,4.99,4.99,5.0,3640600.0
2018-01-25 14:36:39.083000,4.99,4.99,5.0,3640600.0
2018-01-25 14:36:42.172000,4.99,4.99,5.0,3640600.0
2018-01-25 14:36:45.430000,4.99,4.99,5.0,3640600.0
2018-01-25 14:36:48.655000,4.99,4.99,5.0,3640600.0
2018-01-25 14:36:51.955000,4.99,4.99,5.0,3640600.0
2018-01-25 14:36:55.168000,4.99,4.99,5.0,3640600.0
2018-01-25 14:36:58.457000,4.99,4.99,5.0,3640600.0
2018-01-25 14:37:01.719000,4.99,4.99,5.0,3640600.0
2018-01-25 14:37:04.832000,4.99,4.99,5.0,3640600.0
2018-01-25 14:37:07.958000,4.99,4.99,5.0,3640600.0
2018-01-25 14:37:11.093000,4.99,4.99,5.0,3640600.0
2018-01-25 14:37:14.025000,4.99,4.99,5.0,3640600.0
2018-01-25 14:37:17.035000,4.99,4.99,5.0,3640600.0
2018-01-25 14:37:20.395000,4.99,4.99,5.0,3640600.0
2018-01-25 14:37:23.271000,4.99,4.99,5.0,3640600.0
2018-01-25 14:37:26.205000,4.99,4.99,5.0,3640600.0
2018-01-25 14:37:29.254000,4.99,4.99,5.0,3640600.0
2018-01-25 14:37:32.363000,4.99,4.99,5.0,3640600.0
2018-01-25 14:37:35.256000,4.99,4.99,5.0,3640600.0
2018-01-25 14:37:38.274000,4.99,4.99,5.0,3640600.0
2018-01-25 14:37:41.220000,4.99,4.99,5.0,3640600.0
2018-01-25 14:37:44.149000,4.99,4.99,5.0,3640600.0
2018-01-25 14:37:47.097000,4.99,4.99,5.0,3640600.0
2018-01-25 14:37:49.985000,4.99,4.99,5.0,3640600.0
2018-01-25 14:37:52.848000,4.99,4.99,5.0,3640600.0
2018-01-25 14:37:55.831000,4.99,4.99,5.0,3640600.0
2018-01-25 14:37:58.861000,4.99,4.99,5.0,3640600.0
2018-01-25 14:38:01.742000,4.99,4.99,5.0,3640600.0
2018-01-25 14:38:04.717000,4.99,4.99,5.0,3640600.0
2018-01-25 14:38:07.645000,4.99,4.99,5.0,3640600.0
2018-01-25 14:38:10.800000,4.99,4.99,5.0,3640600.0
2018-01-25 14:38:13.798000,4.99,4.99,5.0,3640600.0
2018-01-25 14:38:16.770000,4.99,4.99,5.0,3640600.0
2018-01-25 14:38:19.685000,4.99,4.99,5.0,3640600.0
2018-01-25 14:38:22.882000,4.99,4.99,5.0,3640600.0
2018-01-25 14:38:26.033000,4.99,4.99,5.0,3640600.0
2018-01-25 14:38:29.047000,4.99,4.99,5.0,3640600.0
2018-01-25 14:38:32.129000,4.99,4.99,5.0,3640600.0
2018-01-25 14:38:35.276000,4.99,4.99,5.0,3640600.0
2018-01-25 14:38:38.349000,4.99,4.99,5.0,3640600.0
2018-01-25 14:38:41.321000,4.99,4.99,5.0,3640600.0
2018-01-25 14:38:44.339000,4.99,4.99,5.0,3640600.0
2018-01-25 14:38:47.285000,4.99,4.99,5.0,3640600.0
2018-01-25 14:38:50.170000,4.99,4.99,5.0,3640600.0
2018-01-25 14:38:53.296000,4.99,4.99,5.0,3640600.0
2018-01-25 14:38:56.385000,4.99,4.99,5.0,3640600.0
2018-01-25 14:38:59.586000,4.99,4.99,5.0,3640600.0
2018-01-25 14:39:02.616000,4.99,4.99,5.0,3640600.0
2018-01-25 14:39:05.617000,4.99,4.99,5.0,3640600.0
2018-01-25 14:39:08.634000,4.99,4.99,5.0,3640600.0
2018-01-25 14:39:11.727000,4.99,4.99,5.0,3640600.0
2018-01-25 14:39:14.605000,4.99,4.99,5.0,3640600.0
2018-01-25 14:39:17.697000,4.99,4.99,5.0,3640600.0
2018-01-25 14:39:20.724000,4.99,4.99,5.0,3640600.0
2018-01-25 14:39:23.845000,4.99,4.99,5.0,3640600.0
2018-01-25 14:39:27.022000,4.99,4.99,5.0,3640600.0
2018-01-25 14:39:30.143000,4.99,4.99,5.0,3640600.0
2018-01-25 14:39:33.376000,4.99,4.99,5.0,3640600.0
2018-01-25 14:39:36.465000,4.99,4.99,5.0,3640600.0
2018-01-25 14:39:39.622000,4.99,4.99,5.0,3640600.0
2018-01-25 14:39:42.526000,4.99,4.99,5.0,3640600.0
2018-01-25 14:39:45.500000,4.99,4.99,5.0,3640600.0
2018-01-25 14:39:48.690000,4.99,4.99,5.0,3640600.0
2018-01-25 14:39:51.675000,4.99,4.99,5.0,3640600.0
2018-01-25 14:39:54.797000,4.99,4.99,5.0,3640600.0
2018-01-25 14:39:57.829000,4.99,4.99,5.0,3640600.0
2018-01-25 14:40:01.117000,4.99,4.99,5.0,3640600.0
2018-01-25 14:40:04.165000,4.99,4.99,5.0,3640600.0
2018-01-25 14:40:07.100000,4.99,4.99,5.0,3640600.0
2018-01-25 14:40:10.331000,4.99,4.99,5.0,3640600.0
2018-01-25 14:40:13.745000,4.99,4.99,5.0,3640600.0
2018-01-25 14:40:17.086000,4.99,4.99,5.0,3640600.0
2018-01-25 14:40:20.161000,4.99,4.99,5.0,3640600.0
2018-01-25 14:40:23.070000,4.99,4.99,5.0,3640600.0
2018-01-25 14:40:26.010000,4.99,4.99,5.0,3640600.0
2018-01-25 14:40:28.996000,4.99,4.99,5.0,3640600.0
2018-01-25 14:40:32.102000,4.99,4.99,5.0,3640600.0
2018-01-25 14:40:35.095000,4.99,4.99,5.0,3640600.0
2018-01-25 14:40:38.069000,4.99,4.99,5.0,3640600.0
2018-01-25 14:40:41.003000,4.99,4.99,5.0,3640600.0
2018-01-25 14:40:43.944000,4.99,4.99,5.0,3640600.0
2018-01-25 14:40:47.019000,4.99,4.99,5.0,3640600.0
2018-01-25 14:40:49.996000,4.99,4.99,5.0,3640600.0
2018-01-25 14:40:53.168000,4.99,4.99,5.0,3640600.0
2018-01-25 14:40:56.142000,4.99,4.99,5.0,3640600.0
2018-01-25 14:40:59.241000,4.99,4.99,5.0,3640600.0
2018-01-25 14:41:02.366000,4.99,4.99,5.0,3640600.0
2018-01-25 14:41:05.538000,4.99,4.99,5.0,3640600.0
2018-01-25 14:41:08.496000,4.99,4.99,5.0,3640600.0
2018-01-25 14:41:11.658000,4.99,4.99,5.0,3640600.0
2018-01-25 14:41:15.096000,4.99,4.99,5.0,3640600.0
2018-01-25 14:41:18.251000,4.99,4.99,5.0,3640600.0
2018-01-25 14:41:21.231000,4.99,4.99,5.0,3640600.0
2018-01-25 14:41:24.129000,4.99,4.99,5.0,3640600.0
2018-01-25 14:41:27.367000,4.99,4.99,5.0,3640600.0
2018-01-25 14:41:30.430000,4.99,4.99,5.0,3640600.0
2018-01-25 14:41:33.302000,4.99,4.99,5.0,3640600.0
2018-01-25 14:41:36.426000,4.99,4.99,5.0,3640600.0
2018-01-25 14:41:39.650000,4.99,4.99,5.0,3640600.0
2018-01-25 14:41:42.579000,4.99,4.99,5.0,3640600.0
2018-01-25 14:41:45.598000,4.99,4.99,5.0,3640600.0
2018-01-25 14:41:48.474000,4.99,4.99,5.0,3640600.0
2018-01-25 14:41:51.542000,4.99,4.99,5.0,3640600.0
2018-01-25 14:41:55.763000,4.99,4.99,5.0,3640600.0
2018-01-25 14:41:58.747000,4.99,4.99,5.0,3640600.0
2018-01-25 14:42:01.862000,4.99,4.99,5.0,3640600.0
2018-01-25 14:42:04.841000,4.99,4.99,5.0,3640600.0
2018-01-25 14:42:07.852000,4.99,4.99,5.0,3640600.0
2018-01-25 14:42:10.954000,4.99,4.99,5.0,3640600.0
2018-01-25 14:42:13.891000,4.99,4.99,5.0,3640600.0
2018-01-25 14:42:16.816000,4.99,4.99,5.0,3640600.0
2018-01-25 14:42:19.784000,4.99,4.99,5.0,3640600.0
2018-01-25 14:42:22.809000,4.99,4.99,5.0,3640600.0
2018-01-25 14:42:25.866000,4.99,4.99,5.0,3640600.0
2018-01-25 14:42:29.186000,4.99,4.99,5.0,3640600.0
2018-01-25 14:42:32.223000,4.99,4.99,5.0,3640600.0
2018-01-25 14:42:35.327000,4.99,4.99,5.0,3640600.0
2018-01-25 14:42:38.364000,4.99,4.99,5.0,3640600.0
2018-01-25 14:42:41.523000,4.99,4.99,5.0,3640600.0
2018-01-25 14:42:44.520000,4.99,4.99,5.0,3640600.0
2018-01-25 14:42:47.902000,4.99,4.99,5.0,3640600.0
2018-01-25 14:42:51.014000,4.99,4.99,5.0,3640600.0
2018-01-25 14:42:54.135000,4.99,4.99,5.0,3640600.0
2018-01-25 14:42:57.248000,4.99,4.99,5.0,3640600.0
2018-01-25 14:43:00.425000,4.99,4.99,5.0,3640600.0
2018-01-25 14:43:03.382000,4.99,4.99,5.0,3640600.0
2018-01-25 14:43:06.424000,5.0,4.99,5.0,3641100.0
2018-01-25 14:43:09.464000,5.0,4.99,5.0,3641100.0
2018-01-25 14:43:12.558000,5.0,4.99,5.0,3641100.0
2018-01-25 14:43:15.816000,5.0,4.99,5.0,3641100.0
2018-01-25 14:43:18.762000,5.0,4.99,5.0,3641100.0
2018-01-25 14:43:21.713000,5.0,4.99,5.0,3641100.0
2018-01-25 14:43:24.677000,5.0,4.99,5.0,3641100.0
2018-01-25 14:43:28.044000,5.0,4.99,5.0,3641100.0
2018-01-25 14:43:31.378000,5.0,4.99,5.0,3641100.0
2018-01-25 14:43:34.348000,5.0,4.99,5.0,3641100.0
2018-01-25 14:43:37.403000,5.0,4.99,5.0,3641100.0
2018-01-25 14:43:40.670000,5.0,4.99,5.0,3641100.0
2018-01-25 14:43:43.723000,5.0,4.99,5.0,3641100.0
2018-01-25 14:43:47.195000,5.0,4.99,5.0,3641100.0
2018-01-25 14:43:50.374000,5.0,4.99,5.0,3641100.0
2018-01-25 14:43:53.516000,5.0,4.99,5.0,3641100.0
2018-01-25 14:43:56.669000,5.0,4.99,5.0,3645600.0
2018-01-25 14:43:59.655000,5.0,4.99,5.0,3645600.0
2018-01-25 14:44:02.920000,5.0,4.99,5.0,3645600.0
2018-01-25 14:44:06.064000,5.0,4.99,5.0,3645600.0
2018-01-25 14:44:09.421000,5.0,4.99,5.0,3645600.0
2018-01-25 14:44:12.512000,5.0,4.99,5.0,3645600.0
2018-01-25 14:44:15.554000,5.0,4.99,5.0,3645600.0
2018-01-25 14:44:18.579000,5.0,4.99,5.0,3645600.0
2018-01-25 14:44:21.675000,5.0,4.99,5.0,3645600.0
2018-01-25 14:44:24.725000,5.0,4.99,5.0,3645600.0
2018-01-25 14:44:27.844000,5.0,4.99,5.0,3645600.0
2018-01-25 14:44:31.173000,5.0,4.99,5.0,3645600.0
2018-01-25 14:44:34.280000,5.0,4.99,5.0,3645600.0
2018-01-25 14:44:36.843000,5.0,4.99,5.0,3645600.0
2018-01-25 14:44:39.866000,5.0,4.99,5.0,3645600.0
2018-01-25 14:44:42.967000,5.0,4.99,5.0,3645600.0
2018-01-25 14:44:46.005000,5.0,4.99,5.0,3645600.0
2018-01-25 14:44:49.056000,5.0,4.99,5.0,3645600.0
2018-01-25 14:44:52.137000,5.0,4.99,5.0,3645600.0
2018-01-25 14:44:55.076000,5.0,4.99,5.0,3645600.0
2018-01-25 14:44:58.233000,5.0,4.99,5.0,3645600.0
2018-01-25 14:45:01.297000,5.0,4.99,5.0,3701600.0
2018-01-25 14:45:04.438000,5.0,4.99,5.0,3701600.0
2018-01-25 14:45:07.419000,5.0,4.99,5.0,3701600.0
2018-01-25 14:45:10.449000,5.0,4.99,5.0,3701600.0
2018-01-25 14:45:13.344000,5.0,4.99,5.0,3701600.0
2018-01-25 14:45:16.376000,5.0,4.99,5.0,3701600.0
2018-01-25 14:45:19.344000,5.0,4.99,5.0,3701600.0
2018-01-25 14:45:22.226000,5.0,4.99,5.0,3701600.0
2018-01-25 14:45:25.267000,5.0,4.99,5.0,3701600.0
2018-01-25 14:45:28.505000,5.0,4.99,5.0,3701600.0
2018-01-25 14:45:31.711000,5.0,4.99,5.0,3701600.0
2018-01-25 14:45:34.718000,5.0,4.99,5.0,3701600.0
2018-01-25 14:45:37.609000,5.0,4.99,5.0,3701600.0
2018-01-25 14:45:40.573000,5.0,4.99,5.0,3701600.0
2018-01-25 14:45:43.751000,5.0,4.99,5.0,3701600.0
2018-01-25 14:45:46.796000,5.0,4.99,5.0,3701600.0
2018-01-25 14:45:50.070000,5.0,4.99,5.0,3701600.0
2018-01-25 14:45:53.139000,5.0,4.99,5.0,3701600.0
2018-01-25 14:45:56.037000,5.0,4.99,5.0,3701600.0
2018-01-25 14:45:59.095000,5.0,4.99,5.0,3701600.0
2018-01-25 14:46:02.104000,5.0,4.99,5.0,3701600.0
2018-01-25 14:46:05,5.0,4.99,5.0,3701600.0
2018-01-25 14:46:08.158000,5.0,4.99,5.0,3701600.0
2018-01-25 14:46:11.253000,5.0,4.99,5.0,3701600.0
2018-01-25 14:46:14.472000,5.0,4.99,5.0,3701600.0
2018-01-25 14:46:17.516000,5.0,4.99,5.0,3701600.0
2018-01-25 14:46:20.494000,5.0,4.99,5.0,3701600.0
2018-01-25 14:46:23.487000,5.0,4.99,5.0,3701600.0
2018-01-25 14:46:26.472000,5.0,4.99,5.0,3701600.0
2018-01-25 14:46:29.860000,5.0,4.99,5.0,3701600.0
2018-01-25 14:46:32.969000,5.0,4.99,5.0,3701600.0
2018-01-25 14:46:36.122000,5.0,4.99,5.0,3701600.0
2018-01-25 14:46:39.215000,5.0,4.99,5.0,3701600.0
2018-01-25 14:46:42.278000,5.0,4.99,5.0,3701600.0
2018-01-25 14:46:45.330000,5.0,4.99,5.0,3701600.0
2018-01-25 14:46:48.402000,5.0,4.99,5.0,3701600.0
2018-01-25 14:46:51.409000,5.0,4.99,5.0,3701600.0
2018-01-25 14:46:54.422000,5.0,4.99,5.0,3701600.0
2018-01-25 14:46:57.449000,5.0,4.99,5.0,3701600.0
2018-01-25 14:47:00.504000,5.0,4.99,5.0,3701600.0
2018-01-25 14:47:03.476000,5.0,4.99,5.0,3701600.0
2018-01-25 14:47:06.308000,5.0,4.99,5.0,3701600.0
2018-01-25 14:47:09.393000,5.0,4.99,5.0,3701600.0
2018-01-25 14:47:12.493000,5.0,4.99,5.0,3701600.0
2018-01-25 14:47:15.400000,5.0,4.99,5.0,3701600.0
2018-01-25 14:47:18.334000,5.0,4.99,5.0,3701600.0
2018-01-25 14:47:21.294000,5.0,4.99,5.0,3701600.0
2018-01-25 14:47:24.310000,5.0,4.99,5.0,3701600.0
2018-01-25 14:47:27.356000,5.0,4.99,5.0,3701600.0
2018-01-25 14:47:30.492000,5.0,4.99,5.0,3701600.0
2018-01-25 14:47:33.649000,5.0,4.99,5.0,3701600.0
2018-01-25 14:47:36.950000,5.0,4.99,5.0,3701600.0
2018-01-25 14:47:40.036000,5.0,4.99,5.0,3701600.0
2018-01-25 14:47:43.207000,5.0,4.99,5.0,3701600.0
2018-01-25 14:47:46.172000,5.0,4.99,5.0,3701600.0
2018-01-25 14:47:49.080000,5.0,4.99,5.0,3701600.0
2018-01-25 14:47:52.479000,5.0,4.99,5.0,3701600.0
2018-01-25 14:47:55.529000,5.0,4.99,5.0,3701600.0
2018-01-25 14:47:58.442000,5.0,4.99,5.0,3701600.0
2018-01-25 14:48:01.711000,5.0,4.99,5.0,3701600.0
2018-01-25 14:48:04.837000,5.0,4.99,5.0,3701600.0
2018-01-25 14:48:07.879000,5.0,4.99,5.0,3701600.0
2018-01-25 14:48:11.095000,5.0,4.99,5.0,3701600.0
2018-01-25 14:48:13.989000,5.0,4.99,5.0,3701600.0
2018-01-25 14:48:17.178000,5.0,4.99,5.0,3701600.0
2018-01-25 14:48:20.333000,5.0,4.99,5.0,3701600.0
2018-01-25 14:48:23.347000,5.0,4.99,5.0,3701600.0
2018-01-25 14:48:26.366000,5.0,4.99,5.0,3701600.0
2018-01-25 14:48:29.337000,5.0,4.99,5.0,3701600.0
2018-01-25 14:48:32.592000,5.0,4.99,5.0,3701600.0
2018-01-25 14:48:35.756000,5.0,4.99,5.0,3701600.0
2018-01-25 14:48:39.071000,5.0,4.99,5.0,3701600.0
2018-01-25 14:48:42.016000,5.0,4.99,5.0,3701600.0
2018-01-25 14:48:45.165000,5.0,4.99,5.0,3701600.0
2018-01-25 14:48:48.176000,5.0,4.99,5.0,3701600.0
2018-01-25 14:48:51.143000,5.0,4.99,5.0,3701600.0
2018-01-25 14:48:54.469000,5.0,4.99,5.0,3701600.0
2018-01-25 14:48:57.766000,5.0,4.99,5.0,3701600.0
2018-01-25 14:49:00.765000,5.0,4.99,5.0,3701600.0
2018-01-25 14:49:03.704000,5.0,4.99,5.0,3701600.0
2018-01-25 14:49:06.637000,5.0,4.99,5.0,3701600.0
2018-01-25 14:49:09.634000,5.0,4.99,5.0,3701600.0
2018-01-25 14:49:12.753000,5.0,4.99,5.0,3701600.0
2018-01-25 14:49:15.845000,5.0,4.99,5.0,3701600.0
2018-01-25 14:49:18.960000,5.0,4.99,5.0,3701600.0
2018-01-25 14:49:22.210000,5.0,4.99,5.0,3701600.0
2018-01-25 14:49:25.273000,5.0,4.99,5.0,3701600.0
2018-01-25 14:49:28.364000,5.0,4.99,5.0,3701600.0
2018-01-25 14:49:31.383000,5.0,4.99,5.0,3701600.0
2018-01-25 14:49:34.383000,5.0,4.99,5.0,3701600.0
2018-01-25 14:49:37.424000,5.0,4.99,5.0,3701600.0
2018-01-25 14:49:40.393000,5.0,4.99,5.0,3701600.0
2018-01-25 14:49:43.382000,5.0,4.99,5.0,3701600.0
2018-01-25 14:49:46.252000,5.0,4.99,5.0,3701600.0
2018-01-25 14:49:49.140000,5.0,4.99,5.0,3701600.0
2018-01-25 14:49:52.206000,5.0,4.99,5.0,3701600.0
2018-01-25 14:49:55.369000,5.0,4.99,5.0,3701600.0
2018-01-25 14:49:58.413000,5.0,4.99,5.0,3701600.0
2018-01-25 14:50:01.422000,5.0,4.99,5.0,3701600.0
2018-01-25 14:50:04.544000,5.0,4.99,5.0,3701600.0
2018-01-25 14:50:07.741000,5.0,4.99,5.0,3701600.0
2018-01-25 14:50:10.704000,5.0,4.99,5.0,3701600.0
2018-01-25 14:50:13.665000,5.0,4.99,5.0,3701600.0
2018-01-25 14:50:16.603000,5.0,4.99,5.0,3701600.0
2018-01-25 14:50:19.580000,5.0,4.99,5.0,3701600.0
2018-01-25 14:50:22.567000,5.0,4.99,5.0,3701600.0
2018-01-25 14:50:25.575000,5.0,4.99,5.0,3701600.0
2018-01-25 14:50:28.674000,5.0,4.99,5.0,3701600.0
2018-01-25 14:50:31.693000,5.0,4.99,5.0,3701600.0
2018-01-25 14:50:34.745000,5.0,4.99,5.0,3701600.0
2018-01-25 14:50:38.241000,5.0,4.99,5.0,3701600.0
2018-01-25 14:50:42.282000,5.0,4.99,5.0,3701600.0
2018-01-25 14:50:45.185000,5.0,4.99,5.0,3701600.0
2018-01-25 14:50:48.071000,5.0,4.99,5.0,3701600.0
2018-01-25 14:50:51.111000,5.0,4.99,5.0,3701600.0
2018-01-25 14:50:54.163000,5.0,4.99,5.0,3701600.0
2018-01-25 14:50:57.018000,5.0,4.99,5.0,3701600.0
2018-01-25 14:50:59.944000,5.0,4.99,5.0,3701600.0
2018-01-25 14:51:02.877000,5.0,4.99,5.0,3701600.0
2018-01-25 14:51:05.777000,5.0,4.99,5.0,3701600.0
2018-01-25 14:51:08.976000,5.0,4.99,5.0,3701600.0
2018-01-25 14:51:11.902000,5.0,4.99,5.0,3701600.0
2018-01-25 14:51:15.040000,5.0,4.99,5.0,3701600.0
2018-01-25 14:51:17.962000,5.0,4.99,5.0,3701600.0
2018-01-25 14:51:21.089000,5.0,4.99,5.0,3701600.0
2018-01-25 14:51:24.378000,5.0,4.99,5.0,3701600.0
2018-01-25 14:51:27.361000,5.0,4.99,5.0,3701600.0
2018-01-25 14:51:30.734000,5.0,4.99,5.0,3701600.0
2018-01-25 14:51:33.722000,5.0,4.99,5.0,3701600.0
2018-01-25 14:51:36.691000,5.0,4.99,5.0,3701600.0
2018-01-25 14:51:39.776000,5.0,4.99,5.0,3701600.0
2018-01-25 14:51:42.986000,5.0,4.99,5.0,3701600.0
2018-01-25 14:51:45.989000,5.0,4.99,5.0,3701600.0
2018-01-25 14:51:49.019000,5.0,4.99,5.0,3701600.0
2018-01-25 14:51:52.078000,5.0,4.99,5.0,3701600.0
2018-01-25 14:51:55.321000,5.0,4.99,5.0,3701600.0
2018-01-25 14:51:58.478000,5.0,4.99,5.0,3701600.0
2018-01-25 14:52:01.519000,5.0,4.99,5.0,3701600.0
2018-01-25 14:52:04.668000,5.0,4.99,5.0,3701600.0
2018-01-25 14:52:07.743000,5.0,4.99,5.0,3701600.0
2018-01-25 14:52:11.097000,5.0,4.99,5.0,3701600.0
2018-01-25 14:52:14.003000,5.0,4.99,5.0,3701600.0
2018-01-25 14:52:17.084000,5.0,4.99,5.0,3701600.0
2018-01-25 14:52:20.097000,5.0,4.99,5.0,3701600.0
2018-01-25 14:52:23.127000,5.0,4.99,5.0,3701600.0
2018-01-25 14:52:26.368000,5.0,4.99,5.0,3701600.0
2018-01-25 14:52:29.400000,5.0,4.99,5.0,3701600.0
2018-01-25 14:52:39.392000,5.0,4.99,5.0,3701600.0
2018-01-25 14:52:42.725000,5.0,4.99,5.0,3701600.0
2018-01-25 14:52:46.075000,5.0,4.99,5.0,3701600.0
2018-01-25 14:52:49.326000,5.0,4.99,5.0,3701600.0
2018-01-25 14:52:52.466000,5.0,4.99,5.0,3701600.0
2018-01-25 14:52:55.763000,5.0,4.99,5.0,3701600.0
2018-01-25 14:52:58.949000,5.0,4.99,5.0,3701600.0
2018-01-25 14:53:02.446000,5.0,4.99,5.0,3701600.0
2018-01-25 14:53:05.541000,5.0,4.99,5.0,3701600.0
2018-01-25 14:53:08.641000,5.0,4.99,5.0,3701600.0
2018-01-25 14:53:12.005000,5.0,4.99,5.0,3701600.0
2018-01-25 14:53:15.122000,5.0,4.99,5.0,3701600.0
2018-01-25 14:53:18.275000,5.0,4.99,5.0,3701600.0
2018-01-25 14:53:21.486000,5.0,4.99,5.0,3701600.0
2018-01-25 14:53:24.535000,5.0,4.99,5.0,3701600.0
2018-01-25 14:53:27.664000,5.0,4.99,5.0,3701600.0
2018-01-25 14:53:31.139000,5.0,4.99,5.0,3701600.0
2018-01-25 14:53:34.421000,5.0,4.99,5.0,3701600.0
2018-01-25 14:53:37.650000,5.0,4.99,5.0,3701600.0
2018-01-25 14:53:40.936000,5.0,4.99,5.0,3701600.0
2018-01-25 14:53:43.953000,5.0,4.99,5.0,3701600.0
2018-01-25 14:53:47.083000,5.0,4.99,5.0,3701600.0
2018-01-25 14:53:50.394000,5.0,4.99,5.0,3701600.0
2018-01-25 14:53:53.420000,5.0,4.99,5.0,3701600.0
2018-01-25 14:53:56.515000,5.0,4.99,5.0,3701600.0
2018-01-25 14:53:59.579000,5.0,4.99,5.0,3701600.0
2018-01-25 14:54:02.677000,5.0,4.99,5.0,3701600.0
2018-01-25 14:54:05.812000,5.0,4.99,5.0,3701600.0
2018-01-25 14:54:08.827000,5.0,4.99,5.0,3701600.0
2018-01-25 14:54:11.876000,5.0,4.99,5.0,3701600.0
