time,price,bid,ask,volume
2018-01-26 13:01:22.652000,4.96,4.95,4.97,4701000.0
2018-01-26 13:01:25.339000,4.96,4.95,4.97,4701000.0
2018-01-26 13:01:28.134000,4.96,4.95,4.97,4701000.0
2018-01-26 13:01:30.889000,4.96,4.95,4.97,4701000.0
2018-01-26 13:01:33.641000,4.96,4.95,4.97,4701000.0
2018-01-26 13:01:36.381000,4.96,4.95,4.97,4701000.0
2018-01-26 13:01:39.111000,4.96,4.95,4.97,4701000.0
2018-01-26 13:01:41.488000,4.96,4.95,4.97,4701000.0
2018-01-26 13:01:44.169000,4.96,4.95,4.97,4701000.0
2018-01-26 13:01:46.869000,4.96,4.95,4.97,4701000.0
2018-01-26 13:01:49.303000,4.96,4.95,4.97,4701000.0
2018-01-26 13:01:52.212000,4.96,4.96,4.97,5601000.0
2018-01-26 13:01:54.914000,4.96,4.96,4.97,5601000.0
2018-01-26 13:01:57.524000,4.96,4.96,4.97,5601000.0
2018-01-26 13:02:00.192000,4.96,4.96,4.97,5601000.0
2018-01-26 13:02:02.885000,4.96,4.96,4.97,5601000.0
2018-01-26 13:02:05.468000,4.96,4.96,4.97,5601000.0
2018-01-26 13:02:08.198000,4.96,4.96,4.97,5601000.0
2018-01-26 13:02:10.844000,4.96,4.96,4.97,5601000.0
2018-01-26 13:02:13.332000,4.96,4.96,4.97,5601000.0
2018-01-26 13:02:16.423000,4.96,4.96,4.97,5601000.0
2018-01-26 13:02:19.151000,4.96,4.96,4.97,5601000.0
2018-01-26 13:02:21.999000,4.96,4.96,4.97,5601000.0
2018-01-26 13:02:24.667000,4.96,4.96,4.97,5601000.0
2018-01-26 13:02:27.319000,4.96,4.96,4.97,5601000.0
2018-01-26 13:02:30.067000,4.96,4.96,4.97,5601000.0
2018-01-26 13:02:33.119000,4.96,4.96,4.97,5601000.0
2018-01-26 13:02:36.316000,4.96,4.96,4.97,5601000.0
2018-01-26 13:02:39.013000,4.96,4.96,4.97,5601000.0
2018-01-26 13:02:41.762000,4.96,4.96,4.97,5601000.0
2018-01-26 13:02:44.497000,4.96,4.96,4.97,5601000.0
2018-01-26 13:02:47.263000,4.96,4.96,4.97,5601000.0
2018-01-26 13:02:50.052000,4.96,4.96,4.97,5601000.0
2018-01-26 13:02:52.744000,4.96,4.96,4.97,5601000.0
2018-01-26 13:02:55.602000,4.96,4.96,4.97,5601000.0
2018-01-26 13:02:58.167000,4.96,4.96,4.97,5601000.0
2018-01-26 13:03:01.014000,4.96,4.96,4.97,5601000.0
2018-01-26 13:03:03.589000,4.96,4.96,4.97,5601000.0
2018-01-26 13:03:06.044000,4.96,4.96,4.97,5601000.0
2018-01-26 13:03:12.208000,4.96,4.96,4.97,5601000.0
2018-01-26 13:03:14.920000,4.96,4.96,4.97,5601000.0
2018-01-26 13:03:17.684000,4.96,4.96,4.97,5601000.0
2018-01-26 13:03:21.080000,4.96,4.96,4.97,5601000.0
2018-01-26 13:03:23.811000,4.96,4.96,4.97,5601000.0
2018-01-26 13:03:26.721000,4.96,4.96,4.97,5601000.0
2018-01-26 13:03:29.628000,4.96,4.96,4.97,5601000.0
2018-01-26 13:03:32.317000,4.96,4.96,4.97,5601000.0
2018-01-26 13:03:35.149000,4.96,4.96,4.97,5601000.0
2018-01-26 13:03:37.590000,4.96,4.96,4.97,5601000.0
2018-01-26 13:03:40.300000,4.96,4.96,4.97,5601000.0
2018-01-26 13:03:43.091000,4.96,4.96,4.97,5601000.0
2018-01-26 13:03:46.140000,4.96,4.96,4.97,5601000.0
2018-01-26 13:03:49.468000,4.96,4.96,4.97,5601000.0
2018-01-26 13:03:52.299000,4.96,4.96,4.97,5601000.0
2018-01-26 13:03:55.032000,4.96,4.96,4.97,5601000.0
2018-01-26 13:03:57.638000,4.96,4.96,4.97,5601000.0
2018-01-26 13:04:00.234000,4.96,4.96,4.97,5601000.0
2018-01-26 13:04:02.871000,4.96,4.96,4.97,5601000.0
2018-01-26 13:04:05.469000,4.96,4.96,4.97,5601000.0
2018-01-26 13:04:08.184000,4.96,4.96,4.97,5601000.0
2018-01-26 13:04:11.519000,4.96,4.96,4.97,5601000.0
2018-01-26 13:04:14.002000,4.96,4.96,4.97,5601000.0
2018-01-26 13:04:16.716000,4.96,4.96,4.97,5601000.0
2018-01-26 13:04:19.344000,4.96,4.96,4.97,5601000.0
2018-01-26 13:04:21.973000,4.96,4.96,4.97,5601000.0
2018-01-26 13:04:24.518000,4.96,4.96,4.97,5601000.0
2018-01-26 13:04:27.270000,4.96,4.96,4.97,5601000.0
2018-01-26 13:04:30.031000,4.96,4.96,4.97,5601000.0
2018-01-26 13:04:32.699000,4.96,4.96,4.97,5601000.0
2018-01-26 13:04:35.406000,4.96,4.96,4.97,5601000.0
2018-01-26 13:04:38.076000,4.96,4.96,4.97,5601000.0
2018-01-26 13:04:40.594000,4.96,4.96,4.97,5601000.0
2018-01-26 13:04:43.310000,4.96,4.96,4.97,5601000.0
2018-01-26 13:04:46.141000,4.96,4.96,4.97,5601000.0
2018-01-26 13:04:49.497000,4.96,4.96,4.97,5601000.0
2018-01-26 13:04:52.188000,4.96,4.96,4.97,5601000.0
2018-01-26 13:04:54.775000,4.96,4.96,4.97,5601000.0
2018-01-26 13:04:57.509000,4.96,4.96,4.97,5601000.0
2018-01-26 13:04:59.946000,4.96,4.96,4.97,5601000.0
2018-01-26 13:05:03.094000,4.96,4.96,4.97,5601000.0
2018-01-26 13:05:06.471000,4.96,4.96,4.97,5601000.0
2018-01-26 13:05:09.306000,4.96,4.96,4.97,5601000.0
2018-01-26 13:05:12.008000,4.96,4.96,4.97,5601000.0
2018-01-26 13:05:14.626000,4.96,4.96,4.97,5601000.0
2018-01-26 13:05:17.064000,4.96,4.96,4.97,5601000.0
2018-01-26 13:05:19.608000,4.96,4.96,4.97,5601000.0
2018-01-26 13:05:22.189000,4.96,4.96,4.97,5601000.0
2018-01-26 13:05:25.003000,4.96,4.96,4.97,5601000.0
2018-01-26 13:05:27.626000,4.96,4.96,4.97,5601000.0
2018-01-26 13:05:32.002000,4.96,4.96,4.97,5601000.0
2018-01-26 13:05:35.118000,4.96,4.96,4.97,5601000.0
2018-01-26 13:05:37.859000,4.96,4.96,4.97,5601000.0
2018-01-26 13:05:40.505000,4.96,4.96,4.97,5601000.0
2018-01-26 13:05:43.110000,4.96,4.96,4.97,5601000.0
2018-01-26 13:05:48.469000,4.96,4.96,4.97,5601000.0
2018-01-26 13:05:51.892000,4.96,4.96,4.97,5601000.0
2018-01-26 13:05:56.512000,4.96,4.96,4.97,5601000.0
2018-01-26 13:05:59.710000,4.96,4.96,4.97,5601000.0
2018-01-26 13:06:03.359000,4.96,4.96,4.97,5601000.0
2018-01-26 13:06:06.320000,4.96,4.96,4.97,5601000.0
2018-01-26 13:06:09.120000,4.96,4.96,4.97,5601000.0
2018-01-26 13:06:11.992000,4.96,4.96,4.97,5601000.0
2018-01-26 13:06:14.750000,4.96,4.96,4.97,5601000.0
2018-01-26 13:06:17.907000,4.96,4.96,4.97,5601000.0
2018-01-26 13:06:20.815000,4.96,4.96,4.97,5601000.0
2018-01-26 13:06:23.594000,4.96,4.96,4.97,5601000.0
2018-01-26 13:06:26.581000,4.96,4.96,4.97,5601000.0
2018-01-26 13:06:29.304000,4.96,4.96,4.97,5601000.0
2018-01-26 13:06:32.248000,4.96,4.96,4.97,5601000.0
2018-01-26 13:06:35.345000,4.96,4.96,4.97,5601000.0
2018-01-26 13:06:38.270000,4.96,4.96,4.97,5601000.0
2018-01-26 13:06:41.162000,4.96,4.96,4.97,5601000.0
2018-01-26 13:06:44.570000,4.96,4.96,4.97,5601000.0
2018-01-26 13:06:47.321000,4.96,4.96,4.97,5616000.0
2018-01-26 13:06:50.212000,4.96,4.96,4.97,5616000.0
2018-01-26 13:06:53.002000,4.96,4.96,4.97,5616000.0
2018-01-26 13:06:55.660000,4.96,4.96,4.97,5616000.0
2018-01-26 13:06:58.410000,4.96,4.95,4.97,6166600.0
2018-01-26 13:07:01.288000,4.96,4.95,4.97,6166600.0
2018-01-26 13:07:04.381000,4.96,4.95,4.97,6166600.0
2018-01-26 13:07:07.140000,4.96,4.95,4.97,6166600.0
2018-01-26 13:07:10.490000,4.96,4.95,4.97,6166600.0
2018-01-26 13:07:13.333000,4.96,4.95,4.97,6166600.0
2018-01-26 13:07:16.366000,4.96,4.95,4.97,6166600.0
2018-01-26 13:07:19.173000,4.96,4.95,4.97,6166600.0
2018-01-26 13:07:22.279000,4.96,4.95,4.97,6166600.0
2018-01-26 13:07:25.168000,4.96,4.95,4.97,6166600.0
2018-01-26 13:07:28.205000,4.96,4.95,4.97,6166600.0
2018-01-26 13:07:31.008000,4.96,4.95,4.97,6166600.0
2018-01-26 13:07:34.012000,4.96,4.95,4.97,6166600.0
2018-01-26 13:07:36.803000,4.95,4.95,4.96,6411300.0
2018-01-26 13:07:39.946000,4.95,4.95,4.96,6411300.0
2018-01-26 13:07:44.511000,4.95,4.95,4.96,6411300.0
2018-01-26 13:07:47.883000,4.95,4.95,4.96,6411300.0
2018-01-26 13:07:51.185000,4.95,4.95,4.96,6423500.0
2018-01-26 13:07:55.568000,4.95,4.95,4.96,6423500.0
2018-01-26 13:07:59.228000,4.95,4.95,4.96,6423500.0
2018-01-26 13:08:02.700000,4.95,4.95,4.96,6423500.0
2018-01-26 13:08:06.045000,4.95,4.95,4.96,6423500.0
2018-01-26 13:08:09.350000,4.95,4.95,4.96,6423500.0
2018-01-26 13:08:12.576000,4.95,4.95,4.96,6423500.0
2018-01-26 13:08:16.131000,4.95,4.95,4.96,6423500.0
2018-01-26 13:08:19.459000,4.95,4.95,4.96,6423500.0
2018-01-26 13:08:22.971000,4.95,4.95,4.96,6423500.0
2018-01-26 13:08:26.162000,4.95,4.95,4.96,6423500.0
2018-01-26 13:08:29.515000,4.95,4.95,4.96,6423500.0
2018-01-26 13:08:32.524000,,,,
2018-01-26 13:08:35.723000,4.95,4.95,4.96,6423500.0
2018-01-26 13:08:38.985000,4.95,4.95,4.96,6423500.0
2018-01-26 13:08:42.513000,4.95,4.94,4.96,6423500.0
2018-01-26 13:08:45.831000,4.95,4.94,4.96,6423500.0
2018-01-26 13:08:49.008000,4.95,4.94,4.96,6423500.0
2018-01-26 13:08:52.382000,4.95,4.94,4.96,6423500.0
2018-01-26 13:08:55.609000,4.95,4.94,4.96,6423500.0
2018-01-26 13:08:58.941000,4.95,4.94,4.96,6423500.0
2018-01-26 13:09:03.194000,4.95,4.94,4.96,6423500.0
2018-01-26 13:09:07.009000,4.95,4.94,4.96,6423500.0
2018-01-26 13:09:10.619000,4.95,4.94,4.96,6423500.0
2018-01-26 13:09:13.833000,4.95,4.94,4.96,6423500.0
2018-01-26 13:09:17.086000,4.95,4.94,4.96,6423500.0
2018-01-26 13:09:20.399000,4.95,4.94,4.96,6423500.0
2018-01-26 13:09:24.241000,4.95,4.94,4.96,6423500.0
2018-01-26 13:09:27.681000,4.95,4.94,4.96,6423500.0
2018-01-26 13:09:31.290000,4.95,4.94,4.96,6423500.0
2018-01-26 13:09:34.723000,4.95,4.94,4.96,6423500.0
2018-01-26 13:09:37.776000,4.95,4.94,4.96,6423500.0
2018-01-26 13:09:41.291000,4.95,4.94,4.96,6423500.0
2018-01-26 13:09:44.360000,4.95,4.94,4.96,6423500.0
2018-01-26 13:09:47.644000,4.95,4.94,4.96,6423500.0
2018-01-26 13:09:51.152000,4.95,4.94,4.96,6423500.0
2018-01-26 13:09:54.570000,4.95,4.94,4.96,6423500.0
2018-01-26 13:09:57.926000,4.95,4.94,4.96,6423500.0
2018-01-26 13:10:01.140000,4.95,4.94,4.96,6423500.0
2018-01-26 13:10:04.443000,4.95,4.94,4.96,6423500.0
2018-01-26 13:10:07.780000,4.95,4.94,4.96,6423500.0
2018-01-26 13:10:11.098000,4.95,4.94,4.96,6423500.0
2018-01-26 13:10:14.666000,4.95,4.94,4.96,6423500.0
2018-01-26 13:10:17.968000,4.95,4.94,4.96,6423500.0
2018-01-26 13:10:21.611000,4.95,4.94,4.96,6423500.0
2018-01-26 13:10:25.080000,4.95,4.94,4.96,6423500.0
2018-01-26 13:10:28.586000,4.95,4.94,4.96,6423500.0
2018-01-26 13:10:31.594000,4.95,4.94,4.95,6425500.0
2018-01-26 13:10:34.868000,4.95,4.94,4.95,6425500.0
2018-01-26 13:10:38.004000,4.95,4.94,4.95,6425500.0
2018-01-26 13:10:41.169000,4.95,4.94,4.95,6425500.0
2018-01-26 13:10:44.352000,4.95,4.94,4.95,6425500.0
2018-01-26 13:10:47.937000,4.95,4.94,4.95,6425500.0
2018-01-26 13:10:51.470000,4.95,4.94,4.95,6425500.0
2018-01-26 13:10:54.636000,4.95,4.94,4.95,6425500.0
2018-01-26 13:10:58.090000,4.95,4.94,4.95,6425500.0
2018-01-26 13:11:01.407000,4.95,4.94,4.95,6425500.0
2018-01-26 13:11:04.587000,4.95,4.94,4.95,6425500.0
2018-01-26 13:11:07.860000,4.95,4.94,4.95,6425500.0
2018-01-26 13:11:11.276000,4.95,4.94,4.95,6425500.0
2018-01-26 13:11:14.581000,4.95,4.94,4.95,6425500.0
2018-01-26 13:11:18.116000,4.95,4.94,4.95,6425500.0
2018-01-26 13:11:21.518000,4.95,4.94,4.95,6425500.0
2018-01-26 13:11:24.585000,4.95,4.94,4.95,6425500.0
2018-01-26 13:11:27.703000,4.95,4.95,4.96,6540500.0
2018-01-26 13:11:30.790000,4.95,4.95,4.96,6540500.0
2018-01-26 13:11:34.093000,4.95,4.95,4.96,6540500.0
2018-01-26 13:11:37.325000,4.95,4.95,4.96,6540500.0
2018-01-26 13:11:40.851000,4.95,4.95,4.96,6540500.0
2018-01-26 13:11:44.103000,4.95,4.95,4.96,6540500.0
2018-01-26 13:11:47.230000,4.95,4.95,4.96,6540500.0
2018-01-26 13:11:50.436000,4.95,4.95,4.96,6540500.0
2018-01-26 13:11:53.646000,4.95,4.95,4.96,6540500.0
2018-01-26 13:11:56.768000,4.95,4.95,4.96,6540500.0
2018-01-26 13:12:00.081000,4.95,4.95,4.96,6540500.0
2018-01-26 13:12:03.209000,4.95,4.95,4.96,6540500.0
2018-01-26 13:12:06.660000,4.95,4.95,4.96,6540500.0
2018-01-26 13:12:10.355000,4.95,4.95,4.96,6540500.0
2018-01-26 13:12:13.493000,4.95,4.95,4.96,6540500.0
2018-01-26 13:12:16.629000,4.95,4.95,4.96,6540500.0
2018-01-26 13:12:19.977000,4.95,4.95,4.96,6540500.0
2018-01-26 13:12:23.604000,4.95,4.95,4.96,6540500.0
2018-01-26 13:12:26.875000,4.95,4.95,4.96,6540500.0
2018-01-26 13:12:30.223000,4.95,4.95,4.96,6540500.0
2018-01-26 13:12:33.731000,4.95,4.95,4.96,6540500.0
2018-01-26 13:12:36.878000,4.95,4.95,4.96,6540500.0
2018-01-26 13:12:40.262000,4.95,4.95,4.96,6540500.0
2018-01-26 13:12:43.464000,4.95,4.95,4.96,6540500.0
2018-01-26 13:12:46.600000,4.95,4.95,4.96,6540500.0
2018-01-26 13:12:49.811000,4.95,4.95,4.96,6540500.0
2018-01-26 13:12:53.015000,4.95,4.95,4.96,6540500.0
2018-01-26 13:12:56.014000,4.95,4.95,4.96,6540500.0
2018-01-26 13:12:59.100000,4.95,4.95,4.96,6540500.0
2018-01-26 13:13:02.382000,4.95,4.95,4.96,6540500.0
2018-01-26 13:13:05.206000,4.95,4.95,4.96,6540500.0
2018-01-26 13:13:08.050000,4.95,4.95,4.96,6540500.0
2018-01-26 13:13:11.068000,4.95,4.95,4.96,6540500.0
2018-01-26 13:13:14.105000,4.95,4.95,4.96,6540500.0
2018-01-26 13:13:17.552000,4.95,4.95,4.96,6540500.0
2018-01-26 13:13:20.684000,4.95,4.95,4.96,6540500.0
2018-01-26 13:13:23.854000,4.95,4.95,4.96,6540500.0
2018-01-26 13:13:27.037000,4.95,4.95,4.96,6540500.0
2018-01-26 13:13:29.706000,4.95,4.95,4.96,6540500.0
2018-01-26 13:13:32.408000,4.95,4.95,4.96,6540500.0
2018-01-26 13:13:34.911000,4.95,4.95,4.96,6540500.0
2018-01-26 13:13:37.833000,4.95,4.95,4.96,6540500.0
2018-01-26 13:13:40.828000,4.95,4.95,4.96,6540500.0
2018-01-26 13:13:44.089000,4.95,4.95,4.96,6540500.0
2018-01-26 13:13:47.158000,4.95,4.95,4.96,6540500.0
2018-01-26 13:13:50.081000,4.95,4.95,4.96,6540500.0
2018-01-26 13:13:52.862000,4.95,4.95,4.96,6540500.0
2018-01-26 13:13:55.636000,4.95,4.95,4.96,6540500.0
2018-01-26 13:13:58.683000,4.95,4.95,4.96,6540500.0
2018-01-26 13:14:01.746000,4.95,4.95,4.96,6540500.0
2018-01-26 13:14:05.131000,4.95,4.95,4.96,6540500.0
2018-01-26 13:14:08.340000,4.95,4.95,4.96,6540500.0
2018-01-26 13:14:11.503000,4.95,4.95,4.96,6540500.0
2018-01-26 13:14:14.864000,4.95,4.95,4.96,6540500.0
2018-01-26 13:14:17.889000,4.95,4.95,4.96,6540500.0
2018-01-26 13:14:20.840000,4.95,4.95,4.96,6540500.0
2018-01-26 13:14:23.748000,4.95,4.95,4.96,6540500.0
2018-01-26 13:14:26.832000,4.95,4.95,4.96,6540500.0
2018-01-26 13:14:29.945000,4.95,4.95,4.96,6540500.0
2018-01-26 13:14:33.032000,4.95,4.95,4.96,6540500.0
2018-01-26 13:14:36.316000,4.95,4.95,4.96,6540500.0
2018-01-26 13:14:39.138000,4.95,4.95,4.96,6540500.0
2018-01-26 13:14:42.126000,4.95,4.95,4.96,6540500.0
2018-01-26 13:14:45.281000,4.95,4.95,4.96,6540500.0
2018-01-26 13:14:48.395000,4.95,4.95,4.96,6540500.0
2018-01-26 13:14:51.581000,4.95,4.95,4.96,6540500.0
2018-01-26 13:14:54.529000,4.95,4.95,4.96,6540500.0
2018-01-26 13:14:57.844000,4.95,4.95,4.96,6540500.0
2018-01-26 13:15:00.977000,4.95,4.95,4.96,6540500.0
2018-01-26 13:15:04.092000,4.95,4.95,4.96,6540500.0
2018-01-26 13:15:07.793000,4.95,4.95,4.96,6540500.0
2018-01-26 13:15:11.079000,4.95,4.95,4.96,6540500.0
2018-01-26 13:15:14.109000,4.95,4.95,4.96,6540500.0
2018-01-26 13:15:17.077000,4.95,4.95,4.96,6544500.0
2018-01-26 13:15:20.270000,4.95,4.95,4.96,6544500.0
2018-01-26 13:15:23.295000,4.95,4.95,4.96,6544500.0
2018-01-26 13:15:26.448000,4.95,4.95,4.96,6544500.0
2018-01-26 13:15:29.477000,4.95,4.95,4.96,6544500.0
2018-01-26 13:15:32.525000,4.95,4.95,4.96,6544500.0
2018-01-26 13:15:35.622000,4.95,4.95,4.96,6544500.0
2018-01-26 13:15:39.204000,4.95,4.95,4.96,6544500.0
2018-01-26 13:15:42.196000,4.95,4.95,4.96,6544500.0
2018-01-26 13:15:45.253000,4.95,4.95,4.96,6544500.0
2018-01-26 13:15:48.431000,4.95,4.95,4.96,6544500.0
2018-01-26 13:15:51.408000,4.95,4.95,4.96,6544500.0
2018-01-26 13:15:54.423000,4.95,4.95,4.96,6544500.0
2018-01-26 13:15:57.162000,4.95,4.95,4.96,6544500.0
2018-01-26 13:16:00.127000,4.95,4.95,4.96,6544500.0
2018-01-26 13:16:03.406000,4.95,4.95,4.96,6544500.0
2018-01-26 13:16:06.670000,4.95,4.95,4.96,6544500.0
2018-01-26 13:16:09.663000,4.95,4.95,4.96,6544500.0
2018-01-26 13:16:12.771000,4.95,4.95,4.96,6544500.0
2018-01-26 13:16:15.652000,4.95,4.95,4.96,6544500.0
2018-01-26 13:16:18.702000,4.95,4.95,4.96,6544500.0
2018-01-26 13:16:21.538000,4.95,4.95,4.96,6544500.0
2018-01-26 13:16:24.986000,4.95,4.95,4.96,6544500.0
2018-01-26 13:16:28.029000,4.95,4.95,4.96,6544500.0
2018-01-26 13:16:31.017000,4.95,4.95,4.96,6544500.0
2018-01-26 13:16:34.250000,4.95,4.95,4.96,6544500.0
2018-01-26 13:16:37.365000,4.95,4.95,4.96,6606800.0
2018-01-26 13:16:40.424000,4.95,4.95,4.96,6606800.0
2018-01-26 13:16:43.751000,4.95,4.95,4.96,6606800.0
2018-01-26 13:16:47.175000,4.95,4.95,4.96,6606800.0
2018-01-26 13:16:50.116000,4.95,4.95,4.96,6606800.0
2018-01-26 13:16:53.289000,4.95,4.95,4.96,6606800.0
2018-01-26 13:16:56.555000,4.95,4.95,4.96,6606800.0
2018-01-26 13:17:00.113000,4.95,4.95,4.96,6606800.0
2018-01-26 13:17:03.145000,4.95,4.95,4.96,6606800.0
2018-01-26 13:17:06.208000,4.95,4.95,4.96,6606800.0
2018-01-26 13:17:09.157000,4.95,4.95,4.96,6606800.0
2018-01-26 13:17:12.147000,4.95,4.95,4.96,6606800.0
2018-01-26 13:17:15.238000,4.95,4.95,4.96,6606800.0
2018-01-26 13:17:18.563000,4.95,4.95,4.96,6606800.0
2018-01-26 13:17:21.548000,4.95,4.95,4.96,6606800.0
2018-01-26 13:17:24.820000,4.95,4.95,4.96,6606800.0
2018-01-26 13:17:27.987000,4.95,4.95,4.96,6606800.0
2018-01-26 13:17:31.069000,4.95,4.95,4.96,6606800.0
2018-01-26 13:17:34.048000,4.95,4.95,4.96,6606800.0
2018-01-26 13:17:37.198000,4.95,4.95,4.96,6606800.0
2018-01-26 13:17:40.352000,4.95,4.95,4.96,6606800.0
2018-01-26 13:17:43.313000,4.95,4.95,4.96,6606800.0
2018-01-26 13:17:46.240000,4.95,4.95,4.96,6606800.0
2018-01-26 13:17:49.444000,4.95,4.95,4.96,6606800.0
2018-01-26 13:17:52.560000,4.95,4.95,4.96,6606800.0
2018-01-26 13:17:55.542000,4.95,4.95,4.96,6606800.0
2018-01-26 13:17:58.764000,4.95,4.95,4.96,6606800.0
2018-01-26 13:18:01.919000,4.95,4.95,4.96,6606800.0
2018-01-26 13:18:05.128000,4.95,4.95,4.96,6607800.0
2018-01-26 13:18:08.219000,4.95,4.95,4.96,6607800.0
2018-01-26 13:18:11.223000,4.95,4.95,4.96,6607800.0
2018-01-26 13:18:14.190000,4.95,4.95,4.96,6607800.0
2018-01-26 13:18:17.187000,4.95,4.95,4.96,6607800.0
2018-01-26 13:18:20.101000,4.95,4.95,4.96,6607800.0
2018-01-26 13:18:22.767000,4.95,4.95,4.96,6607800.0
2018-01-26 13:18:25.641000,4.96,4.94,4.96,6639800.0
2018-01-26 13:18:28.318000,4.96,4.94,4.96,6639800.0
2018-01-26 13:18:31.365000,4.96,4.94,4.96,6639800.0
2018-01-26 13:18:33.909000,4.96,4.95,4.96,6639800.0
2018-01-26 13:18:36.542000,4.96,4.95,4.96,6639800.0
2018-01-26 13:18:39.115000,4.96,4.95,4.96,6639800.0
2018-01-26 13:18:42.001000,4.96,4.95,4.96,6639800.0
2018-01-26 13:18:45.115000,4.96,4.95,4.96,6639800.0
2018-01-26 13:18:47.917000,4.96,4.95,4.96,6639800.0
2018-01-26 13:18:50.894000,4.96,4.95,4.96,6639800.0
2018-01-26 13:18:54.365000,4.96,4.95,4.96,6639800.0
2018-01-26 13:18:58.451000,4.96,4.95,4.96,6639800.0
2018-01-26 13:19:02.210000,4.96,4.95,4.96,6639800.0
2018-01-26 13:19:05.811000,4.96,4.95,4.96,6639800.0
2018-01-26 13:19:09.144000,4.96,4.95,4.96,6639800.0
2018-01-26 13:19:12.602000,4.96,4.95,4.96,6639800.0
2018-01-26 13:19:16.100000,4.96,4.95,4.96,6639800.0
2018-01-26 13:19:19.555000,4.96,4.95,4.96,6639800.0
2018-01-26 13:19:23.030000,4.96,4.95,4.96,6639800.0
2018-01-26 13:19:26.133000,4.96,4.95,4.96,6639800.0
2018-01-26 13:19:29.490000,4.95,4.94,4.96,6655500.0
2018-01-26 13:19:32.867000,4.95,4.94,4.96,6655500.0
2018-01-26 13:19:36.015000,4.95,4.94,4.96,6655500.0
2018-01-26 13:19:39.115000,4.95,4.94,4.96,6655500.0
2018-01-26 13:19:42.468000,4.95,4.94,4.96,6655500.0
2018-01-26 13:19:45.677000,4.95,4.94,4.96,6655500.0
2018-01-26 13:19:49.036000,4.95,4.94,4.96,6655500.0
2018-01-26 13:19:52.182000,4.95,4.94,4.96,6655500.0
2018-01-26 13:19:55.587000,4.95,4.94,4.96,6655500.0
2018-01-26 13:19:59.006000,4.95,4.94,4.96,6655500.0
2018-01-26 13:20:02.087000,4.95,4.94,4.96,6655500.0
2018-01-26 13:20:05.146000,4.95,4.94,4.96,6655500.0
2018-01-26 13:20:08.391000,4.95,4.94,4.96,6655500.0
2018-01-26 13:20:11.926000,4.95,4.94,4.96,6655500.0
2018-01-26 13:20:15.076000,4.95,4.94,4.96,6655500.0
2018-01-26 13:20:18.532000,4.95,4.95,4.96,6672600.0
2018-01-26 13:20:21.821000,4.95,4.95,4.96,6672600.0
2018-01-26 13:20:25.333000,4.95,4.95,4.96,6672600.0
2018-01-26 13:20:28.939000,4.95,4.95,4.96,6672600.0
2018-01-26 13:20:32.188000,4.95,4.95,4.96,6672600.0
2018-01-26 13:20:35.257000,4.95,4.95,4.96,6672600.0
2018-01-26 13:20:38.577000,4.95,4.95,4.96,6672600.0
2018-01-26 13:20:41.804000,4.95,4.95,4.96,6672600.0
2018-01-26 13:20:45.084000,4.95,4.95,4.96,6672600.0
2018-01-26 13:20:48.537000,4.95,4.95,4.96,6672600.0
2018-01-26 13:20:51.829000,4.95,4.95,4.96,6672600.0
2018-01-26 13:20:55.013000,4.95,4.95,4.96,6672600.0
2018-01-26 13:20:58.192000,4.95,4.94,4.96,6674600.0
2018-01-26 13:21:01.607000,4.95,4.94,4.96,6674600.0
2018-01-26 13:21:04.787000,4.95,4.94,4.96,6674600.0
2018-01-26 13:21:08.174000,4.95,4.94,4.96,6674600.0
2018-01-26 13:21:11.728000,4.95,4.94,4.96,6674600.0
2018-01-26 13:21:14.814000,4.95,4.94,4.96,6674600.0
2018-01-26 13:21:18.005000,4.95,4.94,4.96,6674600.0
2018-01-26 13:21:22.023000,4.95,4.94,4.96,6674600.0
2018-01-26 13:21:25.194000,4.95,4.94,4.96,6674600.0
2018-01-26 13:21:28.812000,4.95,4.94,4.96,6674600.0
2018-01-26 13:21:32.017000,4.95,4.94,4.96,6674600.0
2018-01-26 13:21:35.565000,4.95,4.94,4.96,6674600.0
2018-01-26 13:21:38.713000,4.95,4.94,4.96,6674600.0
2018-01-26 13:21:42.001000,4.95,4.95,4.96,6694600.0
2018-01-26 13:21:45.771000,4.95,4.95,4.96,6694600.0
2018-01-26 13:21:48.819000,4.95,4.95,4.96,6694600.0
2018-01-26 13:21:52.471000,4.95,4.95,4.96,6694600.0
2018-01-26 13:21:55.744000,4.95,4.95,4.96,6694600.0
2018-01-26 13:21:59.312000,4.95,4.95,4.96,6694600.0
2018-01-26 13:22:02.823000,4.95,4.95,4.96,6694600.0
2018-01-26 13:22:05.922000,4.95,4.95,4.96,6694600.0
2018-01-26 13:22:09.069000,4.95,4.95,4.96,6694600.0
2018-01-26 13:22:12.275000,4.95,4.95,4.96,6694600.0
2018-01-26 13:22:15.402000,4.95,4.95,4.96,6694600.0
2018-01-26 13:22:19.089000,4.95,4.95,4.96,6694600.0
2018-01-26 13:22:22.270000,4.95,4.94,4.95,6694600.0
2018-01-26 13:22:25.497000,4.95,4.94,4.95,6694600.0
2018-01-26 13:22:28.885000,4.95,4.94,4.95,6694600.0
2018-01-26 13:22:32.144000,4.95,4.94,4.95,6694600.0
2018-01-26 13:22:35.246000,4.95,4.94,4.95,6694600.0
2018-01-26 13:22:38.176000,4.95,4.94,4.95,6694600.0
2018-01-26 13:22:41.349000,4.95,4.94,4.95,6694600.0
2018-01-26 13:22:44.638000,4.95,4.94,4.95,6694600.0
2018-01-26 13:22:47.828000,4.95,4.94,4.95,6694600.0
2018-01-26 13:22:51.148000,4.95,4.94,4.95,6694600.0
2018-01-26 13:22:54.359000,4.95,4.94,4.95,6694600.0
2018-01-26 13:22:57.906000,4.95,4.94,4.95,6694600.0
2018-01-26 13:23:01.139000,4.95,4.94,4.95,6694600.0
2018-01-26 13:23:04.307000,4.95,4.94,4.95,6694600.0
2018-01-26 13:23:07.641000,4.95,4.94,4.95,6694600.0
2018-01-26 13:23:11.058000,4.95,4.94,4.95,6694600.0
2018-01-26 13:23:14.440000,4.95,4.94,4.95,6694600.0
2018-01-26 13:23:17.771000,4.95,4.94,4.95,6694600.0
2018-01-26 13:23:21.080000,4.95,4.94,4.95,6695400.0
2018-01-26 13:23:24.040000,4.95,4.94,4.95,6695400.0
2018-01-26 13:23:27.138000,4.95,4.94,4.95,6695400.0
2018-01-26 13:23:30.263000,4.95,4.94,4.95,6695400.0
2018-01-26 13:23:33.476000,4.95,4.94,4.95,6695400.0
2018-01-26 13:23:36.971000,4.95,4.94,4.95,6695400.0
2018-01-26 13:23:40.120000,4.95,4.94,4.95,6695400.0
2018-01-26 13:23:43.281000,4.95,4.94,4.95,6695400.0
2018-01-26 13:23:46.454000,4.95,4.94,4.95,6695400.0
2018-01-26 13:23:49.591000,4.95,4.94,4.95,6695400.0
2018-01-26 13:23:53.088000,4.95,4.94,4.95,6695400.0
2018-01-26 13:23:56.172000,4.95,4.94,4.95,6695400.0
2018-01-26 13:23:59.321000,4.95,4.94,4.95,6695400.0
2018-01-26 13:24:02.598000,4.95,4.94,4.95,6695400.0
2018-01-26 13:24:05.868000,4.95,4.94,4.95,6695400.0
2018-01-26 13:24:09.186000,4.95,4.94,4.95,6695400.0
2018-01-26 13:24:12.958000,4.95,4.94,4.95,6695400.0
2018-01-26 13:24:16.091000,4.95,4.94,4.95,6695400.0
2018-01-26 13:24:19.669000,4.95,4.94,4.95,6695400.0
2018-01-26 13:24:22.907000,4.95,4.94,4.95,6695400.0
2018-01-26 13:24:26.232000,4.95,4.94,4.95,6695400.0
2018-01-26 13:24:29.275000,4.95,4.94,4.95,6695400.0
2018-01-26 13:24:32.473000,4.95,4.95,4.96,6715400.0
2018-01-26 13:24:35.448000,4.95,4.95,4.96,6715400.0
2018-01-26 13:24:38.711000,4.95,4.95,4.96,6715400.0
2018-01-26 13:24:41.711000,4.95,4.95,4.96,6715400.0
2018-01-26 13:24:45.044000,4.95,4.95,4.96,6715400.0
2018-01-26 13:24:48.216000,4.95,4.95,4.96,6715400.0
2018-01-26 13:24:51.328000,4.95,4.95,4.96,6715400.0
2018-01-26 13:24:54.559000,4.95,4.95,4.96,6715400.0
2018-01-26 13:24:58.144000,4.95,4.95,4.96,6715400.0
2018-01-26 13:25:01.670000,4.95,4.95,4.96,6715400.0
2018-01-26 13:25:05.013000,4.95,4.95,4.96,6715400.0
2018-01-26 13:25:08.078000,4.95,4.95,4.96,6715400.0
2018-01-26 13:25:11.138000,4.95,4.95,4.96,6715400.0
2018-01-26 13:25:14.438000,4.95,4.95,4.96,6715400.0
2018-01-26 13:25:17.479000,4.95,4.95,4.96,6715400.0
2018-01-26 13:25:20.566000,4.95,4.95,4.96,6715400.0
2018-01-26 13:25:23.594000,4.95,4.95,4.96,6715400.0
2018-01-26 13:25:26.742000,4.95,4.95,4.96,6715400.0
2018-01-26 13:25:29.827000,4.95,4.95,4.96,6715400.0
2018-01-26 13:25:33.040000,4.95,4.95,4.96,6715400.0
2018-01-26 13:25:36.170000,4.95,4.95,4.96,6715400.0
2018-01-26 13:25:39.505000,4.95,4.95,4.96,6715400.0
2018-01-26 13:25:42.545000,4.95,4.95,4.96,6715400.0
2018-01-26 13:25:45.705000,4.95,4.95,4.96,6715400.0
2018-01-26 13:25:49.061000,4.95,4.95,4.96,6715400.0
2018-01-26 13:25:52.227000,4.95,4.95,4.96,6715400.0
2018-01-26 13:25:55.421000,4.95,4.95,4.96,6715400.0
2018-01-26 13:25:58.669000,4.95,4.95,4.96,6715400.0
2018-01-26 13:26:01.711000,4.95,4.95,4.96,6715400.0
2018-01-26 13:26:04.955000,4.95,4.95,4.96,6715400.0
2018-01-26 13:26:08.615000,4.95,4.95,4.96,6715400.0
2018-01-26 13:26:11.824000,4.95,4.95,4.96,6715400.0
2018-01-26 13:26:14.766000,4.95,4.95,4.96,6715400.0
2018-01-26 13:26:17.570000,4.95,4.95,4.96,6715400.0
2018-01-26 13:26:20.479000,4.95,4.95,4.96,6715400.0
2018-01-26 13:26:23.605000,4.95,4.95,4.96,6715400.0
2018-01-26 13:26:26.584000,4.95,4.95,4.96,6715400.0
2018-01-26 13:26:29.673000,4.95,4.95,4.96,6715400.0
2018-01-26 13:26:32.674000,4.95,4.95,4.96,6715400.0
2018-01-26 13:26:35.737000,4.95,4.95,4.96,6715400.0
2018-01-26 13:26:38.909000,4.95,4.95,4.96,6715400.0
2018-01-26 13:26:42.128000,4.95,4.95,4.96,6715400.0
2018-01-26 13:26:45.111000,4.95,4.95,4.96,6715400.0
2018-01-26 13:26:48.164000,4.95,4.95,4.96,6715400.0
2018-01-26 13:26:51.601000,4.95,4.95,4.96,6715400.0
2018-01-26 13:26:54.389000,4.95,4.95,4.96,6715400.0
2018-01-26 13:26:57.536000,4.95,4.95,4.96,6715400.0
2018-01-26 13:27:00.574000,4.95,4.95,4.96,6715400.0
2018-01-26 13:27:03.704000,4.95,4.95,4.96,6771100.0
2018-01-26 13:27:07.087000,4.95,4.95,4.96,6771100.0
2018-01-26 13:27:10.219000,4.95,4.95,4.96,6771100.0
2018-01-26 13:27:13.504000,4.95,4.95,4.96,6771100.0
2018-01-26 13:27:16.754000,4.95,4.95,4.96,6771100.0
2018-01-26 13:27:19.925000,4.95,4.95,4.96,6771100.0
2018-01-26 13:27:23.191000,4.95,4.95,4.96,6771100.0
2018-01-26 13:27:26.306000,4.95,4.95,4.96,6771100.0
2018-01-26 13:27:29.408000,4.95,4.95,4.96,6771100.0
2018-01-26 13:27:32.885000,4.95,4.95,4.96,6771100.0
2018-01-26 13:27:36.059000,4.95,4.95,4.96,6771100.0
2018-01-26 13:27:39.176000,4.95,4.95,4.96,6771100.0
2018-01-26 13:27:42.245000,4.95,4.95,4.96,6771100.0
2018-01-26 13:27:45.126000,4.95,4.95,4.96,6771100.0
2018-01-26 13:27:48.301000,4.95,4.95,4.96,6771100.0
2018-01-26 13:27:51.446000,4.95,4.95,4.96,6771100.0
2018-01-26 13:27:54.462000,4.95,4.95,4.96,6771100.0
2018-01-26 13:27:57.619000,4.95,4.95,4.96,6771100.0
2018-01-26 13:28:00.988000,4.95,4.95,4.96,6771100.0
2018-01-26 13:28:03.870000,4.95,4.95,4.96,6771100.0
2018-01-26 13:28:06.973000,4.95,4.95,4.96,6771100.0
2018-01-26 13:28:10.080000,4.95,4.95,4.96,6771100.0
2018-01-26 13:28:13.131000,4.95,4.95,4.96,6771100.0
2018-01-26 13:28:16.222000,4.95,4.95,4.96,6771100.0
2018-01-26 13:28:19.558000,4.95,4.95,4.96,6771100.0
2018-01-26 13:28:22.612000,4.95,4.95,4.96,6771100.0
2018-01-26 13:28:26.309000,4.95,4.95,4.96,6771100.0
2018-01-26 13:28:29.416000,4.95,4.95,4.96,6771100.0
2018-01-26 13:28:32.468000,4.95,4.95,4.96,6771100.0
2018-01-26 13:28:35.683000,4.95,4.95,4.96,6771100.0
2018-01-26 13:28:38.802000,4.95,4.95,4.96,6771100.0
2018-01-26 13:28:42.276000,4.95,4.95,4.96,6771100.0
2018-01-26 13:28:45.613000,4.95,4.95,4.96,6771100.0
2018-01-26 13:28:48.685000,4.95,4.95,4.96,6771100.0
2018-01-26 13:28:53.142000,4.95,4.95,4.96,6771100.0
2018-01-26 13:28:56.422000,4.95,4.95,4.96,6771100.0
2018-01-26 13:28:59.607000,4.95,4.95,4.96,6771100.0
2018-01-26 13:29:02.713000,4.95,4.95,4.96,6771100.0
2018-01-26 13:29:05.976000,4.95,4.95,4.96,6771100.0
2018-01-26 13:29:09.152000,4.95,4.95,4.96,6771100.0
2018-01-26 13:29:12.164000,4.95,4.95,4.96,6771100.0
2018-01-26 13:29:15.162000,4.95,4.95,4.96,6771100.0
2018-01-26 13:29:18.257000,4.95,4.95,4.96,6771100.0
2018-01-26 13:29:21.382000,4.95,4.95,4.96,6771100.0
2018-01-26 13:29:24.475000,4.95,4.95,4.96,6771100.0
2018-01-26 13:29:27.554000,4.95,4.95,4.96,6771100.0
2018-01-26 13:29:30.677000,4.95,4.95,4.96,6771100.0
2018-01-26 13:29:34.414000,4.95,4.95,4.96,6771100.0
2018-01-26 13:29:37.776000,4.95,4.95,4.96,6771100.0
2018-01-26 13:29:40.900000,4.95,4.95,4.96,6771100.0
2018-01-26 13:29:44.663000,4.95,4.95,4.96,6771100.0
2018-01-26 13:29:47.810000,4.95,4.95,4.96,6771100.0
2018-01-26 13:29:50.984000,4.95,4.95,4.96,6771100.0
2018-01-26 13:29:54.428000,4.95,4.95,4.96,6771100.0
2018-01-26 13:29:57.570000,4.95,4.95,4.96,6771100.0
2018-01-26 13:30:00.661000,4.95,4.95,4.96,6771100.0
2018-01-26 13:30:03.748000,4.95,4.95,4.96,6771100.0
2018-01-26 13:30:07.088000,4.95,4.95,4.96,6771100.0
2018-01-26 13:30:10.445000,4.95,4.95,4.96,6847600.0
2018-01-26 13:30:13.625000,4.95,4.95,4.96,6847600.0
2018-01-26 13:30:16.840000,4.95,4.95,4.96,6847600.0
2018-01-26 13:30:19.989000,4.95,4.95,4.96,6847600.0
2018-01-26 13:30:23.101000,4.95,4.95,4.96,6847600.0
2018-01-26 13:30:26.494000,4.95,4.95,4.96,6847600.0
2018-01-26 13:30:29.885000,4.95,4.95,4.96,6847600.0
2018-01-26 13:30:33.118000,4.95,4.95,4.96,6847600.0
2018-01-26 13:30:36.224000,4.95,4.95,4.96,6847600.0
2018-01-26 13:30:39.439000,4.95,4.95,4.96,6847600.0
2018-01-26 13:30:42.590000,4.95,4.95,4.96,6847600.0
2018-01-26 13:30:45.882000,4.95,4.95,4.96,6847600.0
2018-01-26 13:30:48.963000,4.95,4.95,4.96,6847600.0
2018-01-26 13:30:52.148000,4.95,4.95,4.96,6847600.0
2018-01-26 13:30:55.368000,4.95,4.95,4.96,6847600.0
2018-01-26 13:30:58.258000,4.95,4.95,4.96,6847600.0
2018-01-26 13:31:01.367000,4.95,4.95,4.96,6847600.0
2018-01-26 13:31:04.485000,4.95,4.95,4.96,6847600.0
2018-01-26 13:31:07.901000,4.95,4.95,4.96,6847600.0
2018-01-26 13:31:11.039000,4.95,4.95,4.96,6847600.0
2018-01-26 13:31:14.223000,4.95,4.95,4.96,6847600.0
2018-01-26 13:31:17.383000,4.95,4.95,4.96,6847600.0
2018-01-26 13:31:20.557000,4.95,4.95,4.96,6847600.0
2018-01-26 13:31:23.806000,4.95,4.95,4.96,6847600.0
2018-01-26 13:31:26.904000,4.95,4.95,4.96,6847600.0
2018-01-26 13:31:30.047000,4.95,4.95,4.96,6847600.0
2018-01-26 13:31:33.237000,4.95,4.95,4.96,6847600.0
2018-01-26 13:31:36.478000,4.95,4.95,4.96,6847600.0
2018-01-26 13:31:39.725000,4.95,4.95,4.96,6847600.0
2018-01-26 13:31:43.174000,4.95,4.95,4.96,6847600.0
2018-01-26 13:31:46.163000,4.95,4.95,4.96,6847600.0
2018-01-26 13:31:49.276000,4.95,4.95,4.96,6847600.0
2018-01-26 13:31:52.629000,4.95,4.95,4.96,6847600.0
2018-01-26 13:31:55.917000,4.95,4.95,4.96,6847600.0
2018-01-26 13:31:59.046000,4.95,4.95,4.96,6847600.0
2018-01-26 13:32:02.260000,4.95,4.95,4.96,6847600.0
2018-01-26 13:32:05.613000,4.95,4.95,4.96,6847600.0
2018-01-26 13:32:08.591000,4.95,4.95,4.96,6847600.0
2018-01-26 13:32:11.854000,4.95,4.95,4.96,6847600.0
2018-01-26 13:32:15.008000,4.95,4.95,4.96,6847600.0
2018-01-26 13:32:18.196000,4.95,4.95,4.96,6847600.0
2018-01-26 13:32:21.484000,4.95,4.95,4.96,6847600.0
2018-01-26 13:32:24.734000,4.95,4.95,4.96,6847600.0
2018-01-26 13:32:27.819000,4.95,4.95,4.96,6847600.0
2018-01-26 13:32:30.851000,4.95,4.95,4.96,6847600.0
2018-01-26 13:32:34.166000,4.95,4.95,4.96,6847600.0
2018-01-26 13:32:37.511000,4.95,4.95,4.96,6847600.0
2018-01-26 13:32:40.815000,4.95,4.95,4.96,6847600.0
2018-01-26 13:32:44.314000,4.95,4.95,4.96,6847600.0
2018-01-26 13:32:47.360000,4.95,4.95,4.96,6847600.0
2018-01-26 13:32:50.588000,4.95,4.95,4.96,6847600.0
2018-01-26 13:32:53.714000,4.95,4.95,4.96,6847600.0
2018-01-26 13:32:56.948000,4.95,4.95,4.96,6847600.0
2018-01-26 13:33:00.336000,4.96,4.95,4.96,6910800.0
2018-01-26 13:33:03.575000,4.96,4.95,4.96,6910800.0
2018-01-26 13:33:06.787000,4.96,4.95,4.96,6910800.0
2018-01-26 13:33:09.908000,4.96,4.95,4.96,6910800.0
2018-01-26 13:33:13.373000,4.96,4.95,4.96,6910800.0
2018-01-26 13:33:16.685000,4.96,4.95,4.96,7050800.0
2018-01-26 13:33:19.759000,4.96,4.95,4.96,7050800.0
2018-01-26 13:33:22.955000,4.96,4.95,4.96,7050800.0
2018-01-26 13:33:26.041000,4.96,4.95,4.96,7050800.0
2018-01-26 13:33:29.545000,4.96,4.95,4.96,7050800.0
2018-01-26 13:33:32.749000,4.96,4.95,4.96,7050800.0
2018-01-26 13:33:35.957000,4.96,4.95,4.96,7050800.0
2018-01-26 13:33:39.118000,4.96,4.95,4.96,7050800.0
2018-01-26 13:33:42.628000,4.96,4.95,4.96,7050800.0
2018-01-26 13:33:45.854000,4.96,4.95,4.96,7050800.0
2018-01-26 13:33:48.951000,4.96,4.95,4.96,7050800.0
2018-01-26 13:33:52.233000,4.96,4.95,4.96,7050800.0
2018-01-26 13:33:55.667000,4.96,4.95,4.96,7050800.0
2018-01-26 13:33:59.013000,4.96,4.95,4.96,7050800.0
2018-01-26 13:34:02.360000,4.96,4.95,4.96,7050800.0
2018-01-26 13:34:05.728000,4.96,4.95,4.96,7052100.0
2018-01-26 13:34:08.885000,4.96,4.95,4.96,7052100.0
2018-01-26 13:34:12.157000,4.96,4.95,4.96,7052100.0
2018-01-26 13:34:15.466000,4.96,4.95,4.96,7052100.0
2018-01-26 13:34:18.576000,4.96,4.95,4.96,7052100.0
2018-01-26 13:34:21.899000,4.96,4.95,4.96,7052100.0
2018-01-26 13:34:24.862000,4.96,4.95,4.96,7052100.0
2018-01-26 13:34:27.929000,4.96,4.95,4.96,7052100.0
2018-01-26 13:34:31.185000,4.96,4.95,4.96,7052100.0
2018-01-26 13:34:34.348000,4.96,4.95,4.96,7052100.0
2018-01-26 13:34:37.903000,4.96,4.95,4.96,7052100.0
2018-01-26 13:34:41.392000,4.96,4.95,4.96,7052100.0
2018-01-26 13:34:44.513000,4.96,4.95,4.96,7052100.0
2018-01-26 13:34:48.187000,4.96,4.95,4.96,7052100.0
2018-01-26 13:34:51.482000,4.96,4.95,4.96,7052100.0
2018-01-26 13:34:54.842000,4.96,4.95,4.96,7052100.0
2018-01-26 13:34:58.202000,4.96,4.95,4.96,7052100.0
2018-01-26 13:35:01.448000,4.96,4.95,4.96,7052100.0
2018-01-26 13:35:04.598000,4.96,4.95,4.97,7052100.0
2018-01-26 13:35:08.301000,4.96,4.95,4.97,7052100.0
2018-01-26 13:35:11.486000,4.96,4.95,4.97,7052100.0
2018-01-26 13:35:14.751000,4.96,4.95,4.97,7052100.0
2018-01-26 13:35:17.877000,4.96,4.96,4.97,7052100.0
2018-01-26 13:35:21.260000,4.96,4.96,4.97,7052100.0
2018-01-26 13:35:24.563000,4.96,4.96,4.97,7052100.0
2018-01-26 13:35:28.062000,4.96,4.96,4.97,7052100.0
2018-01-26 13:35:31.214000,4.96,4.96,4.97,7052100.0
2018-01-26 13:35:34.758000,4.96,4.96,4.97,7052100.0
2018-01-26 13:35:38.029000,4.96,4.96,4.97,7052100.0
2018-01-26 13:35:41.316000,4.96,4.96,4.97,7052100.0
2018-01-26 13:35:44.659000,4.96,4.96,4.97,7052100.0
2018-01-26 13:35:48.022000,4.96,4.96,4.97,7052100.0
2018-01-26 13:35:51.672000,4.96,4.96,4.97,7052100.0
2018-01-26 13:35:54.862000,4.96,4.96,4.97,7052100.0
2018-01-26 13:35:58.165000,4.96,4.96,4.97,7052100.0
2018-01-26 13:36:01.309000,4.96,4.96,4.97,7052100.0
2018-01-26 13:36:04.551000,4.96,4.96,4.97,7052100.0
2018-01-26 13:36:07.664000,4.96,4.96,4.97,7052100.0
2018-01-26 13:36:10.996000,4.96,4.96,4.97,7052100.0
2018-01-26 13:36:14.317000,4.96,4.96,4.97,7052100.0
2018-01-26 13:36:17.485000,4.96,4.96,4.97,7052100.0
2018-01-26 13:36:20.809000,4.96,4.96,4.97,7052100.0
2018-01-26 13:36:24.140000,4.96,4.96,4.97,7052100.0
2018-01-26 13:36:27.625000,4.96,4.96,4.97,7052100.0
2018-01-26 13:36:30.888000,4.96,4.96,4.97,7052100.0
2018-01-26 13:36:34.218000,4.96,4.96,4.97,7052100.0
2018-01-26 13:36:37.375000,4.96,4.96,4.97,7052100.0
2018-01-26 13:36:40.670000,4.96,4.96,4.97,7052100.0
2018-01-26 13:36:43.876000,4.96,4.96,4.97,7052100.0
2018-01-26 13:36:47.122000,4.96,4.96,4.97,7052100.0
2018-01-26 13:36:50.504000,4.96,4.96,4.97,7052100.0
2018-01-26 13:36:53.797000,4.96,4.96,4.97,7052100.0
2018-01-26 13:36:56.802000,4.96,4.96,4.97,7052100.0
2018-01-26 13:37:00.020000,4.96,4.96,4.97,7052100.0
2018-01-26 13:37:03.250000,4.96,4.96,4.97,7052100.0
2018-01-26 13:37:06.526000,4.96,4.96,4.97,7052100.0
2018-01-26 13:37:09.986000,4.96,4.96,4.97,7052100.0
2018-01-26 13:37:13.057000,4.96,4.96,4.97,7052100.0
2018-01-26 13:37:16.266000,4.96,4.96,4.97,7052100.0
2018-01-26 13:37:19.650000,4.96,4.96,4.97,7052100.0
2018-01-26 13:37:22.660000,4.96,4.96,4.97,7052100.0
2018-01-26 13:37:25.922000,4.96,4.96,4.97,7052100.0
2018-01-26 13:37:29.080000,4.96,4.96,4.97,7052100.0
2018-01-26 13:37:32.314000,4.96,4.96,4.97,7052100.0
2018-01-26 13:37:35.413000,4.96,4.96,4.97,7052100.0
2018-01-26 13:37:38.510000,4.96,4.96,4.97,7052100.0
2018-01-26 13:37:41.573000,4.96,4.96,4.97,7052100.0
2018-01-26 13:37:44.721000,4.96,4.95,4.96,7102800.0
2018-01-26 13:37:47.792000,4.96,4.95,4.96,7102800.0
2018-01-26 13:37:50.906000,4.96,4.95,4.96,7102800.0
2018-01-26 13:37:54.241000,4.96,4.95,4.96,7102800.0
2018-01-26 13:37:57.441000,4.96,4.95,4.96,7102800.0
2018-01-26 13:38:00.599000,4.96,4.95,4.96,7102800.0
2018-01-26 13:38:03.776000,4.96,4.95,4.97,7102800.0
2018-01-26 13:38:07.037000,4.96,4.95,4.97,7102800.0
2018-01-26 13:38:10.092000,4.96,4.95,4.97,7102800.0
2018-01-26 13:38:13.527000,4.96,4.95,4.97,7102800.0
2018-01-26 13:38:16.641000,4.96,4.95,4.97,7102800.0
2018-01-26 13:38:19.566000,4.96,4.95,4.97,7102800.0
2018-01-26 13:38:22.799000,4.96,4.95,4.97,7102800.0
2018-01-26 13:38:25.875000,4.96,4.95,4.97,7102800.0
2018-01-26 13:38:29.097000,4.96,4.95,4.97,7102800.0
2018-01-26 13:38:32.160000,4.96,4.95,4.97,7102800.0
2018-01-26 13:38:35.312000,4.96,4.95,4.97,7102800.0
2018-01-26 13:38:38.493000,4.96,4.95,4.97,7102800.0
2018-01-26 13:38:41.717000,4.96,4.95,4.97,7102800.0
2018-01-26 13:38:45.087000,4.96,4.95,4.97,7102800.0
2018-01-26 13:38:48.367000,4.96,4.95,4.97,7102800.0
2018-01-26 13:38:51.860000,4.96,4.95,4.97,7102800.0
2018-01-26 13:38:54.980000,4.96,4.95,4.97,7103800.0
2018-01-26 13:38:58.068000,4.96,4.95,4.97,7103800.0
2018-01-26 13:39:01.269000,4.96,4.95,4.97,7103800.0
2018-01-26 13:39:04.417000,4.96,4.95,4.97,7103800.0
2018-01-26 13:39:07.881000,4.96,4.95,4.97,7103800.0
2018-01-26 13:39:11.033000,4.96,4.95,4.97,7103800.0
2018-01-26 13:39:14.167000,4.96,4.95,4.97,7103800.0
2018-01-26 13:39:17.362000,4.96,4.95,4.97,7103800.0
2018-01-26 13:39:20.567000,4.96,4.95,4.97,7103800.0
2018-01-26 13:39:23.700000,4.96,4.95,4.97,7103800.0
2018-01-26 13:39:27.161000,4.96,4.95,4.97,7103800.0
2018-01-26 13:39:30.321000,4.96,4.95,4.97,7103800.0
2018-01-26 13:39:33.449000,4.96,4.95,4.97,7103800.0
2018-01-26 13:39:36.877000,4.96,4.95,4.97,7103800.0
2018-01-26 13:39:40.123000,4.96,4.95,4.97,7103800.0
2018-01-26 13:39:43.496000,4.96,4.95,4.97,7103800.0
2018-01-26 13:39:46.644000,4.96,4.95,4.97,7103800.0
2018-01-26 13:39:49.721000,4.96,4.95,4.97,7103800.0
2018-01-26 13:39:52.810000,4.96,4.95,4.97,7103800.0
2018-01-26 13:39:56.160000,4.96,4.95,4.97,7103800.0
2018-01-26 13:39:59.323000,4.96,4.95,4.97,7103800.0
2018-01-26 13:40:02.637000,4.96,4.95,4.97,7103800.0
2018-01-26 13:40:05.815000,4.96,4.95,4.97,7103800.0
2018-01-26 13:40:08.819000,4.96,4.95,4.97,7103800.0
2018-01-26 13:40:11.912000,4.96,4.95,4.97,7103800.0
2018-01-26 13:40:14.992000,4.96,4.95,4.97,7103800.0
2018-01-26 13:40:18.131000,4.96,4.95,4.97,7103800.0
2018-01-26 13:40:21.816000,4.96,4.95,4.97,7103800.0
2018-01-26 13:40:25.114000,4.96,4.95,4.97,7103800.0
2018-01-26 13:40:28.518000,4.96,4.95,4.97,7103800.0
2018-01-26 13:40:31.615000,4.96,4.95,4.97,7103800.0
2018-01-26 13:40:34.702000,4.96,4.95,4.97,7103800.0
2018-01-26 13:40:37.967000,4.96,4.95,4.97,7103800.0
2018-01-26 13:40:41.083000,4.96,4.95,4.97,7103800.0
2018-01-26 13:40:44.199000,4.96,4.95,4.97,7103800.0
2018-01-26 13:40:47.379000,4.96,4.95,4.97,7103800.0
2018-01-26 13:40:49.976000,4.96,4.95,4.97,7103800.0
2018-01-26 13:40:53.087000,4.96,4.95,4.97,7103800.0
2018-01-26 13:40:56.286000,4.96,4.95,4.97,7103800.0
2018-01-26 13:40:59.480000,4.96,4.95,4.97,7103800.0
2018-01-26 13:41:02.708000,4.96,4.95,4.97,7103800.0
2018-01-26 13:41:05.828000,4.96,4.95,4.97,7103800.0
2018-01-26 13:41:08.986000,4.96,4.95,4.97,7103800.0
2018-01-26 13:41:11.949000,4.96,4.95,4.97,7103800.0
2018-01-26 13:41:14.958000,4.96,4.95,4.97,7103800.0
2018-01-26 13:41:18.095000,4.96,4.95,4.97,7103800.0
2018-01-26 13:41:21.131000,4.96,4.95,4.97,7103800.0
2018-01-26 13:41:24.399000,4.96,4.95,4.97,7103800.0
2018-01-26 13:41:27.611000,4.96,4.95,4.97,7103800.0
2018-01-26 13:41:30.640000,4.96,4.95,4.97,7103800.0
2018-01-26 13:41:33.766000,4.96,4.95,4.97,7103800.0
2018-01-26 13:41:36.774000,4.96,4.95,4.97,7103800.0
2018-01-26 13:41:39.748000,4.96,4.95,4.97,7103800.0
2018-01-26 13:41:42.903000,4.96,4.95,4.97,7103800.0
2018-01-26 13:41:46.084000,4.96,4.95,4.97,7103800.0
2018-01-26 13:41:49.527000,4.95,4.95,4.96,7127100.0
2018-01-26 13:41:52.679000,4.95,4.95,4.96,7127100.0
2018-01-26 13:41:55.825000,4.95,4.95,4.96,7127100.0
2018-01-26 13:41:59.042000,4.95,4.95,4.96,7127100.0
2018-01-26 13:42:02.146000,4.95,4.95,4.96,7127100.0
2018-01-26 13:42:05.326000,4.95,4.95,4.96,7127100.0
2018-01-26 13:42:08.532000,4.95,4.95,4.96,7127100.0
2018-01-26 13:42:11.835000,4.95,4.95,4.96,7127100.0
2018-01-26 13:42:15.077000,4.95,4.95,4.96,7127100.0
2018-01-26 13:42:18.158000,4.95,4.95,4.96,7127100.0
2018-01-26 13:42:21.383000,4.95,4.95,4.96,7127100.0
2018-01-26 13:42:24.495000,4.95,4.95,4.96,7127100.0
2018-01-26 13:42:27.635000,4.95,4.95,4.96,7127100.0
2018-01-26 13:42:30.982000,4.95,4.95,4.96,7127100.0
2018-01-26 13:42:34.273000,4.95,4.95,4.96,7127100.0
2018-01-26 13:42:37.189000,4.95,4.95,4.96,7127100.0
2018-01-26 13:42:40.282000,4.95,4.95,4.96,7127100.0
2018-01-26 13:42:43.352000,4.95,4.95,4.96,7127100.0
2018-01-26 13:42:46.464000,4.95,4.95,4.96,7127100.0
2018-01-26 13:42:49.433000,4.95,4.95,4.96,7127100.0
2018-01-26 13:42:52.618000,4.95,4.95,4.96,7127100.0
2018-01-26 13:42:55.559000,4.95,4.95,4.96,7127100.0
2018-01-26 13:42:58.722000,4.95,4.95,4.96,7127100.0
2018-01-26 13:43:01.720000,4.95,4.95,4.96,7127100.0
2018-01-26 13:43:04.811000,4.95,4.95,4.96,7127100.0
2018-01-26 13:43:08.060000,4.95,4.95,4.96,7127100.0
2018-01-26 13:43:11.195000,4.95,4.95,4.96,7127100.0
2018-01-26 13:43:14.374000,4.95,4.95,4.96,7127100.0
2018-01-26 13:43:17.423000,4.95,4.95,4.96,7127100.0
2018-01-26 13:43:20.320000,4.95,4.95,4.96,7127100.0
2018-01-26 13:43:23.613000,4.95,4.95,4.96,7127100.0
2018-01-26 13:43:26.644000,4.95,4.95,4.96,7127100.0
2018-01-26 13:43:29.588000,4.95,4.95,4.96,7127100.0
2018-01-26 13:43:32.799000,4.95,4.95,4.96,7127100.0
2018-01-26 13:43:35.970000,4.95,4.95,4.96,7127100.0
2018-01-26 13:43:39.099000,4.95,4.95,4.96,7127100.0
2018-01-26 13:43:42.214000,4.95,4.95,4.96,7138700.0
2018-01-26 13:43:45.551000,4.95,4.95,4.96,7138700.0
2018-01-26 13:43:48.480000,4.95,4.95,4.96,7138700.0
2018-01-26 13:43:51.509000,4.95,4.95,4.96,7138700.0
2018-01-26 13:43:54.843000,4.95,4.95,4.96,7138700.0
2018-01-26 13:43:58.059000,4.95,4.95,4.96,7138700.0
2018-01-26 13:44:01.164000,4.95,4.95,4.96,7138700.0
2018-01-26 13:44:04.288000,4.95,4.95,4.96,7138700.0
2018-01-26 13:44:07.397000,4.95,4.95,4.96,7138700.0
2018-01-26 13:44:10.699000,4.95,4.95,4.96,7138700.0
2018-01-26 13:44:13.832000,4.95,4.95,4.96,7138700.0
2018-01-26 13:44:17.076000,4.95,4.95,4.96,7138700.0
2018-01-26 13:44:20.293000,4.95,4.95,4.96,7138700.0
2018-01-26 13:44:23.452000,4.95,4.95,4.96,7138700.0
2018-01-26 13:44:26.606000,4.95,4.95,4.96,7138700.0
2018-01-26 13:44:29.688000,4.95,4.95,4.96,7138700.0
2018-01-26 13:44:32.769000,4.95,4.95,4.96,7138700.0
2018-01-26 13:44:36.121000,4.95,4.95,4.96,7138700.0
2018-01-26 13:44:39.235000,4.95,4.95,4.96,7138700.0
2018-01-26 13:44:42.341000,4.95,4.95,4.96,7138700.0
2018-01-26 13:44:45.486000,4.95,4.95,4.96,7138700.0
2018-01-26 13:44:48.630000,4.95,4.95,4.96,7138700.0
2018-01-26 13:44:51.750000,4.95,4.95,4.96,7138700.0
2018-01-26 13:44:55.309000,4.95,4.95,4.96,7138700.0
2018-01-26 13:44:58.352000,4.95,4.95,4.96,7138700.0
2018-01-26 13:45:01.668000,4.95,4.95,4.96,7138700.0
2018-01-26 13:45:04.881000,4.95,4.95,4.96,7138700.0
2018-01-26 13:45:07.997000,4.95,4.95,4.96,7138700.0
2018-01-26 13:45:11.150000,4.95,4.95,4.96,7138700.0
2018-01-26 13:45:14.329000,4.95,4.95,4.96,7138700.0
2018-01-26 13:45:17.538000,4.95,4.95,4.96,7138700.0
2018-01-26 13:45:20.410000,4.95,4.95,4.96,7138700.0
2018-01-26 13:45:23.477000,4.95,4.95,4.96,7138700.0
2018-01-26 13:45:26.371000,4.95,4.95,4.96,7138700.0
2018-01-26 13:45:29.378000,4.95,4.95,4.96,7138700.0
2018-01-26 13:45:32.542000,4.95,4.95,4.96,7138700.0
2018-01-26 13:45:35.789000,4.95,4.95,4.96,7138700.0
2018-01-26 13:45:39.081000,4.95,4.95,4.96,7138700.0
2018-01-26 13:45:43.060000,4.95,4.95,4.96,7138700.0
2018-01-26 13:45:46.316000,4.95,4.95,4.96,7138700.0
2018-01-26 13:45:49.550000,4.95,4.95,4.96,7138700.0
2018-01-26 13:45:52.702000,4.95,4.95,4.96,7138700.0
2018-01-26 13:45:56.080000,4.95,4.95,4.96,7138700.0
2018-01-26 13:45:59.250000,4.95,4.95,4.96,7138700.0
2018-01-26 13:46:02.220000,4.95,4.95,4.96,7138700.0
2018-01-26 13:46:05.473000,4.95,4.95,4.96,7138700.0
2018-01-26 13:46:08.664000,4.95,4.95,4.96,7138700.0
2018-01-26 13:46:11.887000,4.95,4.95,4.96,7138700.0
2018-01-26 13:46:15.372000,4.95,4.95,4.96,7138700.0
2018-01-26 13:46:18.401000,4.95,4.95,4.96,7138700.0
2018-01-26 13:46:21.891000,4.95,4.95,4.96,7138700.0
2018-01-26 13:46:25.010000,4.95,4.95,4.96,7138700.0
2018-01-26 13:46:28.078000,4.95,4.95,4.96,7138700.0
2018-01-26 13:46:31.187000,4.95,4.95,4.96,7138700.0
2018-01-26 13:46:34.422000,4.95,4.95,4.96,7138700.0
2018-01-26 13:46:38.028000,4.95,4.95,4.96,7138700.0
2018-01-26 13:46:41.024000,4.95,4.95,4.96,7138700.0
2018-01-26 13:46:44.188000,4.95,4.95,4.96,7138700.0
2018-01-26 13:46:47.604000,4.95,4.95,4.96,7138700.0
2018-01-26 13:46:50.868000,4.95,4.95,4.96,7138700.0
2018-01-26 13:46:54.030000,4.95,4.95,4.96,7138700.0
2018-01-26 13:46:57.393000,4.95,4.95,4.96,7138700.0
2018-01-26 13:47:00.629000,4.95,4.95,4.96,7138700.0
2018-01-26 13:47:03.645000,4.95,4.95,4.96,7138700.0
2018-01-26 13:47:06.797000,4.95,4.95,4.96,7138700.0
2018-01-26 13:47:09.832000,4.95,4.95,4.96,7138700.0
2018-01-26 13:47:13.737000,4.95,4.95,4.96,7138700.0
2018-01-26 13:47:16.935000,4.95,4.95,4.96,7138700.0
2018-01-26 13:47:20.171000,4.95,4.95,4.96,7138700.0
2018-01-26 13:47:23.374000,4.95,4.95,4.96,7138700.0
2018-01-26 13:47:26.516000,4.95,4.95,4.96,7138700.0
2018-01-26 13:47:29.568000,4.95,4.95,4.96,7138700.0
2018-01-26 13:47:32.604000,4.95,4.95,4.96,7138700.0
2018-01-26 13:47:35.650000,4.95,4.95,4.96,7140800.0
2018-01-26 13:47:38.856000,4.95,4.95,4.96,7140800.0
2018-01-26 13:47:41.906000,4.95,4.95,4.96,7140800.0
2018-01-26 13:47:45.252000,4.95,4.95,4.96,7140800.0
2018-01-26 13:47:48.516000,4.95,4.95,4.96,7140800.0
2018-01-26 13:47:51.595000,4.95,4.95,4.96,7140800.0
2018-01-26 13:47:54.769000,4.95,4.95,4.96,7140800.0
2018-01-26 13:47:57.906000,4.95,4.95,4.96,7140800.0
2018-01-26 13:48:01.037000,4.95,4.95,4.96,7140800.0
2018-01-26 13:48:04.031000,4.95,4.95,4.96,7140800.0
2018-01-26 13:48:07.096000,4.95,4.95,4.96,7140800.0
2018-01-26 13:48:10.396000,4.95,4.95,4.96,7140800.0
2018-01-26 13:48:13.581000,4.95,4.95,4.96,7140800.0
2018-01-26 13:48:16.546000,4.95,4.95,4.96,7140800.0
2018-01-26 13:48:19.929000,4.95,4.95,4.96,7140800.0
2018-01-26 13:48:23.046000,4.95,4.95,4.96,7140800.0
2018-01-26 13:48:26.296000,4.95,4.95,4.96,7140800.0
2018-01-26 13:48:29.409000,4.95,4.95,4.96,7140800.0
2018-01-26 13:48:32.706000,4.95,4.95,4.96,7140800.0
2018-01-26 13:48:35.773000,4.95,4.95,4.96,7140800.0
2018-01-26 13:48:38.889000,4.95,4.95,4.96,7140800.0
2018-01-26 13:48:42.218000,4.95,4.95,4.96,7140800.0
2018-01-26 13:48:45.379000,4.95,4.95,4.96,7140800.0
2018-01-26 13:48:48.568000,4.95,4.95,4.96,7140800.0
2018-01-26 13:48:51.672000,4.95,4.95,4.96,7140800.0
2018-01-26 13:48:55.035000,4.95,4.95,4.96,7140800.0
2018-01-26 13:48:58.344000,4.95,4.95,4.96,7140800.0
2018-01-26 13:49:01.465000,4.95,4.95,4.96,7140800.0
2018-01-26 13:49:04.488000,4.95,4.95,4.96,7140800.0
2018-01-26 13:49:07.909000,4.95,4.95,4.96,7140800.0
2018-01-26 13:49:11.083000,4.95,4.95,4.96,7140800.0
2018-01-26 13:49:14.223000,4.95,4.95,4.96,7140800.0
2018-01-26 13:49:17.238000,4.95,4.95,4.96,7140800.0
2018-01-26 13:49:20.696000,4.95,4.95,4.96,7140800.0
2018-01-26 13:49:23.928000,4.95,4.95,4.96,7140800.0
2018-01-26 13:49:27.096000,4.95,4.95,4.96,7140800.0
2018-01-26 13:49:30.164000,4.95,4.95,4.96,7140800.0
2018-01-26 13:49:33.349000,4.95,4.95,4.96,7140800.0
2018-01-26 13:49:36.149000,4.95,4.95,4.96,7140800.0
2018-01-26 13:49:39.293000,4.95,4.95,4.96,7140800.0
2018-01-26 13:49:42.362000,4.95,4.95,4.96,7140800.0
2018-01-26 13:49:45.882000,4.95,4.95,4.96,7140800.0
2018-01-26 13:49:48.819000,4.95,4.95,4.96,7140800.0
2018-01-26 13:49:51.943000,4.95,4.95,4.96,7140800.0
2018-01-26 13:49:55.069000,4.95,4.95,4.96,7140800.0
2018-01-26 13:49:58.521000,4.95,4.95,4.96,7140800.0
2018-01-26 13:50:01.848000,4.95,4.95,4.96,7140800.0
2018-01-26 13:50:05.018000,4.95,4.95,4.96,7140800.0
2018-01-26 13:50:08.211000,4.95,4.95,4.96,7140800.0
2018-01-26 13:50:11.531000,4.95,4.95,4.96,7140800.0
2018-01-26 13:50:14.599000,4.95,4.95,4.96,7140800.0
2018-01-26 13:50:17.614000,4.95,4.95,4.96,7140800.0
2018-01-26 13:50:20.928000,4.95,4.95,4.96,7140800.0
2018-01-26 13:50:24.005000,4.95,4.95,4.96,7140800.0
2018-01-26 13:50:27.301000,4.95,4.95,4.96,7140800.0
2018-01-26 13:50:30.636000,4.95,4.95,4.96,7140800.0
2018-01-26 13:50:33.766000,4.95,4.95,4.96,7140800.0
2018-01-26 13:50:36.880000,4.95,4.95,4.96,7140800.0
2018-01-26 13:50:40.039000,4.95,4.95,4.96,7140800.0
2018-01-26 13:50:43.381000,4.95,4.95,4.96,7140800.0
2018-01-26 13:50:46.603000,4.95,4.95,4.96,7140800.0
2018-01-26 13:50:49.782000,4.95,4.95,4.96,7140800.0
2018-01-26 13:50:52.900000,4.95,4.95,4.96,7140800.0
2018-01-26 13:50:56.039000,4.95,4.95,4.96,7140800.0
2018-01-26 13:50:59.051000,4.95,4.95,4.96,7140800.0
2018-01-26 13:51:02.352000,4.95,4.95,4.96,7140800.0
2018-01-26 13:51:05.411000,4.95,4.95,4.96,7140800.0
2018-01-26 13:51:08.761000,4.95,4.95,4.96,7140800.0
2018-01-26 13:51:11.848000,4.95,4.95,4.96,7140800.0
2018-01-26 13:51:14.951000,4.95,4.95,4.96,7140800.0
2018-01-26 13:51:18.087000,4.95,4.95,4.96,7140800.0
2018-01-26 13:51:21.230000,4.95,4.95,4.96,7140800.0
2018-01-26 13:51:24.391000,4.95,4.95,4.96,7140800.0
2018-01-26 13:51:27.520000,4.95,4.95,4.96,7140800.0
2018-01-26 13:51:30.789000,4.95,4.95,4.96,7140800.0
2018-01-26 13:51:34.060000,4.95,4.95,4.96,7140800.0
2018-01-26 13:51:37.116000,4.95,4.95,4.96,7140800.0
2018-01-26 13:51:40.451000,4.95,4.95,4.96,7140800.0
2018-01-26 13:51:43.556000,4.95,4.95,4.96,7140800.0
2018-01-26 13:51:46.681000,4.95,4.95,4.96,7140800.0
2018-01-26 13:51:50.214000,4.95,4.95,4.96,7140800.0
2018-01-26 13:51:53.273000,4.95,4.95,4.96,7140800.0
2018-01-26 13:51:57.521000,4.95,4.95,4.96,7140800.0
2018-01-26 13:52:00.729000,4.95,4.95,4.96,7140800.0
2018-01-26 13:52:05.940000,4.95,4.95,4.96,7140800.0
2018-01-26 13:52:09.185000,4.95,4.95,4.96,7140800.0
2018-01-26 13:52:12.499000,4.95,4.95,4.96,7140800.0
2018-01-26 13:52:15.473000,4.95,4.95,4.96,7140800.0
2018-01-26 13:52:18.683000,4.95,4.95,4.96,7140800.0
2018-01-26 13:52:22.478000,4.95,4.95,4.96,7140800.0
2018-01-26 13:52:25.590000,4.95,4.95,4.96,7140800.0
2018-01-26 13:52:28.792000,4.95,4.95,4.96,7140800.0
2018-01-26 13:52:31.961000,4.95,4.95,4.96,7140800.0
2018-01-26 13:52:35.192000,4.95,4.95,4.96,7140800.0
2018-01-26 13:52:38.194000,4.95,4.95,4.96,7140800.0
2018-01-26 13:52:41.490000,4.95,4.95,4.96,7140800.0
2018-01-26 13:52:44.545000,4.95,4.95,4.96,7140800.0
2018-01-26 13:52:48.163000,4.95,4.95,4.96,7140800.0
2018-01-26 13:52:51.364000,4.95,4.95,4.96,7140800.0
2018-01-26 13:52:54.896000,4.95,4.95,4.96,7140800.0
2018-01-26 13:52:58.214000,4.95,4.95,4.96,7140800.0
2018-01-26 13:53:01.323000,4.95,4.95,4.96,7140800.0
2018-01-26 13:53:04.654000,4.95,4.95,4.96,7140800.0
2018-01-26 13:53:07.789000,4.95,4.95,4.96,7140800.0
2018-01-26 13:53:11.144000,4.95,4.95,4.96,7140800.0
2018-01-26 13:53:14.190000,4.95,4.95,4.96,7140800.0
2018-01-26 13:53:17.721000,4.95,4.95,4.96,7140800.0
2018-01-26 13:53:20.972000,4.95,4.95,4.96,7140800.0
2018-01-26 13:53:24.151000,4.95,4.95,4.96,7140800.0
2018-01-26 13:53:27.404000,4.95,4.95,4.96,7140800.0
2018-01-26 13:53:30.698000,4.95,4.95,4.96,7140800.0
2018-01-26 13:53:33.850000,4.95,4.95,4.96,7140800.0
2018-01-26 13:53:37.012000,4.95,4.95,4.96,7140800.0
2018-01-26 13:53:40.058000,4.95,4.95,4.96,7140800.0
2018-01-26 13:53:43.260000,4.95,4.95,4.96,7140800.0
2018-01-26 13:53:46.465000,4.95,4.95,4.96,7140800.0
2018-01-26 13:53:49.563000,4.95,4.95,4.96,7140800.0
2018-01-26 13:53:52.651000,4.95,4.95,4.96,7140800.0
2018-01-26 13:53:55.832000,4.95,4.95,4.96,7140800.0
2018-01-26 13:53:58.995000,4.95,4.95,4.96,7140800.0
2018-01-26 13:54:02.211000,4.95,4.95,4.96,7140800.0
2018-01-26 13:54:05.171000,4.95,4.95,4.96,7140800.0
2018-01-26 13:54:08.395000,4.95,4.95,4.96,7140800.0
2018-01-26 13:54:11.388000,4.95,4.95,4.96,7140800.0
2018-01-26 13:54:14.485000,4.95,4.95,4.96,7140800.0
2018-01-26 13:54:17.427000,4.95,4.95,4.96,7140800.0
2018-01-26 13:54:20.614000,4.95,4.95,4.96,7140800.0
2018-01-26 13:54:23.899000,4.95,4.95,4.96,7140800.0
2018-01-26 13:54:27.353000,4.95,4.95,4.96,7140800.0
2018-01-26 13:54:30.567000,4.95,4.95,4.96,7140800.0
2018-01-26 13:54:33.747000,4.95,4.95,4.96,7140800.0
2018-01-26 13:54:36.897000,4.95,4.95,4.96,7140800.0
2018-01-26 13:54:40.044000,4.95,4.95,4.96,7140800.0
2018-01-26 13:54:43.248000,4.95,4.95,4.96,7140800.0
2018-01-26 13:54:46.399000,4.95,4.95,4.96,7140800.0
2018-01-26 13:54:49.393000,4.95,4.95,4.96,7140800.0
2018-01-26 13:54:52.608000,4.95,4.95,4.96,7140800.0
2018-01-26 13:54:55.687000,4.95,4.95,4.96,7140800.0
2018-01-26 13:54:58.755000,4.95,4.95,4.96,7140800.0
2018-01-26 13:55:01.951000,4.95,4.95,4.96,7140800.0
2018-01-26 13:55:04.824000,4.95,4.95,4.96,7140800.0
2018-01-26 13:55:08.401000,4.95,4.95,4.96,7140800.0
2018-01-26 13:55:11.601000,4.95,4.95,4.96,7140800.0
2018-01-26 13:55:15.221000,4.95,4.95,4.96,7140800.0
2018-01-26 13:55:18.388000,4.95,4.95,4.96,7140800.0
2018-01-26 13:55:21.299000,4.95,4.95,4.96,7140800.0
2018-01-26 13:55:24.242000,4.95,4.95,4.96,7140800.0
2018-01-26 13:55:27.005000,4.95,4.95,4.96,7140800.0
2018-01-26 13:55:29.890000,4.95,4.95,4.96,7140800.0
2018-01-26 13:55:32.733000,4.95,4.95,4.96,7140800.0
2018-01-26 13:55:35.653000,4.95,4.95,4.96,7140800.0
2018-01-26 13:55:38.563000,4.95,4.95,4.96,7140800.0
2018-01-26 13:55:41.826000,4.95,4.95,4.96,7140800.0
2018-01-26 13:55:44.701000,4.95,4.95,4.96,7140800.0
2018-01-26 13:55:47.920000,4.95,4.95,4.96,7140800.0
2018-01-26 13:55:50.653000,4.95,4.95,4.96,7140800.0
2018-01-26 13:55:53.565000,4.95,4.95,4.96,7140800.0
2018-01-26 13:55:56.476000,4.95,4.95,4.96,7140800.0
2018-01-26 13:55:59.568000,4.95,4.95,4.96,7140800.0
2018-01-26 13:56:02.491000,4.95,4.95,4.96,7140800.0
2018-01-26 13:56:05.388000,4.95,4.95,4.96,7140800.0
2018-01-26 13:56:08.264000,4.95,4.95,4.96,7140800.0
2018-01-26 13:56:11.081000,4.95,4.95,4.96,7140800.0
2018-01-26 13:56:13.996000,4.95,4.95,4.96,7140800.0
2018-01-26 13:56:16.828000,4.95,4.95,4.96,7140800.0
2018-01-26 13:56:19.843000,4.95,4.95,4.96,7140800.0
2018-01-26 13:56:23.264000,4.95,4.95,4.96,7140800.0
2018-01-26 13:56:26.531000,4.95,4.95,4.96,7140800.0
2018-01-26 13:56:29.470000,4.95,4.95,4.96,7140800.0
2018-01-26 13:56:32.968000,4.95,4.95,4.96,7140800.0
2018-01-26 13:56:35.766000,4.95,4.95,4.96,7140800.0
2018-01-26 13:56:38.656000,4.95,4.95,4.96,7140800.0
2018-01-26 13:56:41.516000,4.95,4.95,4.96,7140800.0
2018-01-26 13:56:44.295000,4.95,4.95,4.96,7140800.0
2018-01-26 13:56:47.122000,4.95,4.95,4.96,7140800.0
2018-01-26 13:56:50.081000,4.95,4.95,4.96,7140800.0
2018-01-26 13:56:52.932000,4.95,4.95,4.96,7140800.0
2018-01-26 13:56:56.059000,4.95,4.95,4.96,7140800.0
2018-01-26 13:56:59.016000,4.95,4.95,4.96,7140800.0
2018-01-26 13:57:01.821000,4.96,4.95,4.96,7141800.0
2018-01-26 13:57:04.953000,4.96,4.95,4.96,7141800.0
2018-01-26 13:57:07.530000,4.96,4.95,4.96,7141800.0
2018-01-26 13:57:10.394000,4.96,4.95,4.96,7141800.0
2018-01-26 13:57:13.236000,4.96,4.95,4.96,7141800.0
2018-01-26 13:57:16.053000,4.96,4.95,4.96,7141800.0
2018-01-26 13:57:18.907000,4.96,4.95,4.96,7141800.0
2018-01-26 13:57:21.864000,4.96,4.95,4.96,7141800.0
2018-01-26 13:57:24.714000,4.96,4.95,4.96,7141800.0
2018-01-26 13:57:27.641000,4.96,4.95,4.96,7141800.0
2018-01-26 13:57:30.537000,4.96,4.95,4.96,7141800.0
2018-01-26 13:57:33.577000,4.96,4.95,4.96,7141800.0
2018-01-26 13:57:36.552000,4.96,4.95,4.96,7141800.0
2018-01-26 13:57:39.373000,4.96,4.95,4.96,7141800.0
2018-01-26 13:57:42.266000,4.96,4.95,4.96,7141800.0
2018-01-26 13:57:45.687000,4.96,4.95,4.96,7141800.0
2018-01-26 13:57:48.800000,4.96,4.95,4.96,7141800.0
2018-01-26 13:57:54.009000,4.96,4.95,4.96,7141800.0
2018-01-26 13:57:57.326000,4.96,4.95,4.96,7141800.0
2018-01-26 13:58:00.408000,4.96,4.95,4.96,7141800.0
2018-01-26 13:58:03.843000,4.96,4.95,4.96,7141800.0
2018-01-26 13:58:06.909000,4.96,4.95,4.96,7141800.0
2018-01-26 13:58:10.006000,4.96,4.95,4.96,7141800.0
2018-01-26 13:58:12.984000,4.96,4.95,4.96,7141800.0
2018-01-26 13:58:21.582000,4.96,4.95,4.96,7141800.0
2018-01-26 13:58:26.321000,4.96,4.95,4.96,7141800.0
2018-01-26 13:58:29.674000,4.96,4.95,4.96,7141800.0
2018-01-26 13:58:33.299000,4.96,4.95,4.96,7141800.0
2018-01-26 13:58:36.457000,4.96,4.95,4.96,7141800.0
2018-01-26 13:58:40.081000,4.96,4.95,4.96,7141800.0
2018-01-26 13:58:43.798000,4.96,4.95,4.96,7141800.0
2018-01-26 13:58:47.082000,4.96,4.95,4.96,7141800.0
2018-01-26 13:58:50.344000,4.96,4.95,4.96,7141800.0
2018-01-26 13:58:53.312000,4.96,4.95,4.96,7141800.0
2018-01-26 13:58:56.351000,4.96,4.95,4.96,7141800.0
2018-01-26 13:58:59.313000,4.96,4.95,4.96,7141800.0
2018-01-26 13:59:02.229000,4.96,4.95,4.96,7141800.0
2018-01-26 13:59:05.545000,4.96,4.95,4.96,7141800.0
2018-01-26 13:59:09.130000,4.96,4.95,4.96,7141800.0
2018-01-26 13:59:13.438000,4.96,4.95,4.96,7141800.0
2018-01-26 13:59:16.713000,4.96,4.95,4.96,7141800.0
2018-01-26 13:59:20.021000,4.96,4.95,4.96,7141800.0
2018-01-26 13:59:23.204000,4.96,4.95,4.96,7141800.0
2018-01-26 13:59:26.508000,4.96,4.95,4.96,7141800.0
2018-01-26 13:59:29.765000,4.96,4.95,4.96,7141800.0
2018-01-26 13:59:32.925000,4.96,4.95,4.96,7141800.0
2018-01-26 13:59:36.117000,4.96,4.95,4.96,7141800.0
2018-01-26 13:59:39.431000,4.96,4.95,4.96,7141800.0
2018-01-26 13:59:42.660000,4.96,4.95,4.96,7141800.0
2018-01-26 13:59:45.996000,4.96,4.95,4.96,7141800.0
2018-01-26 13:59:49.162000,4.96,4.95,4.96,7141800.0
2018-01-26 13:59:52.612000,4.96,4.95,4.96,7141800.0
2018-01-26 13:59:55.842000,4.96,4.95,4.96,7141800.0
2018-01-26 13:59:59.162000,4.96,4.95,4.96,7141800.0
2018-01-26 14:00:02.438000,4.96,4.95,4.96,7141800.0
2018-01-26 14:00:06.124000,4.96,4.95,4.96,7141800.0
2018-01-26 14:00:09.331000,4.96,4.95,4.96,7141800.0
2018-01-26 14:00:12.452000,4.96,4.95,4.96,7141800.0
2018-01-26 14:00:16.052000,4.96,4.95,4.96,7141800.0
2018-01-26 14:00:19.570000,4.96,4.95,4.96,7141800.0
2018-01-26 14:00:22.831000,4.96,4.95,4.96,7141800.0
2018-01-26 14:00:25.932000,4.96,4.95,4.96,7141800.0
2018-01-26 14:00:29.070000,4.96,4.95,4.96,7141800.0
2018-01-26 14:00:32.107000,4.96,4.95,4.96,7141800.0
2018-01-26 14:00:35.906000,4.96,4.95,4.96,7141800.0
2018-01-26 14:00:39.387000,4.96,4.95,4.96,7141800.0
2018-01-26 14:00:42.479000,4.96,4.95,4.96,7141800.0
2018-01-26 14:00:45.631000,4.96,4.95,4.96,7141800.0
2018-01-26 14:00:48.614000,4.96,4.95,4.96,7141800.0
2018-01-26 14:00:51.743000,4.96,4.95,4.96,7141800.0
2018-01-26 14:00:55.011000,4.96,4.95,4.96,7141800.0
2018-01-26 14:00:58.191000,4.96,4.95,4.96,7141800.0
2018-01-26 14:01:00.957000,4.96,4.95,4.96,7141800.0
2018-01-26 14:01:03.984000,4.96,4.95,4.96,7141800.0
2018-01-26 14:01:06.924000,4.96,4.95,4.96,7141800.0
2018-01-26 14:01:09.847000,4.96,4.95,4.96,7141800.0
2018-01-26 14:01:12.602000,4.96,4.95,4.96,7141800.0
2018-01-26 14:01:15.345000,4.96,4.95,4.96,7141800.0
2018-01-26 14:01:18.176000,4.96,4.95,4.96,7141800.0
2018-01-26 14:01:20.917000,4.96,4.95,4.96,7141800.0
2018-01-26 14:01:23.730000,4.96,4.95,4.96,7141800.0
2018-01-26 14:01:26.884000,4.96,4.95,4.96,7141800.0
2018-01-26 14:01:30.103000,4.96,4.95,4.96,7141800.0
2018-01-26 14:01:33.037000,4.96,4.95,4.96,7141800.0
2018-01-26 14:01:36.215000,4.96,4.95,4.96,7141800.0
2018-01-26 14:01:39.343000,4.96,4.95,4.96,7141800.0
2018-01-26 14:01:42.435000,4.96,4.95,4.96,7141800.0
2018-01-26 14:01:45.663000,4.96,4.95,4.96,7141800.0
2018-01-26 14:01:48.912000,4.96,4.95,4.96,7141800.0
2018-01-26 14:01:52.121000,4.96,4.95,4.96,7141800.0
2018-01-26 14:01:55.478000,4.96,4.95,4.96,7141800.0
2018-01-26 14:01:58.396000,4.96,4.95,4.96,7141800.0
2018-01-26 14:02:01.446000,4.96,4.95,4.96,7141800.0
2018-01-26 14:02:04.595000,4.96,4.95,4.96,7141800.0
2018-01-26 14:02:07.478000,4.96,4.95,4.96,7141800.0
2018-01-26 14:02:10.711000,4.96,4.95,4.96,7141800.0
2018-01-26 14:02:13.601000,4.96,4.95,4.96,7141800.0
2018-01-26 14:02:16.668000,4.96,4.95,4.96,7141800.0
2018-01-26 14:02:19.557000,4.96,4.95,4.96,7141800.0
2018-01-26 14:02:22.741000,4.96,4.95,4.96,7141800.0
2018-01-26 14:02:26.101000,4.96,4.95,4.96,7141800.0
2018-01-26 14:02:29.702000,4.96,4.95,4.96,7141800.0
2018-01-26 14:02:33.193000,4.96,4.95,4.96,7141800.0
2018-01-26 14:02:36.670000,4.96,4.95,4.96,7141800.0
2018-01-26 14:02:39.976000,4.96,4.95,4.96,7141800.0
2018-01-26 14:02:44.389000,4.96,4.95,4.96,7141800.0
2018-01-26 14:02:48.445000,4.96,4.95,4.96,7141800.0
2018-01-26 14:02:52.057000,4.96,4.95,4.96,7141800.0
2018-01-26 14:02:55.370000,4.96,4.95,4.96,7141800.0
2018-01-26 14:02:58.695000,4.96,4.95,4.96,7141800.0
2018-01-26 14:03:02.055000,4.96,4.95,4.96,7141800.0
2018-01-26 14:03:05.729000,4.96,4.95,4.96,7141800.0
2018-01-26 14:03:08.902000,4.96,4.95,4.96,7141800.0
2018-01-26 14:03:12.171000,4.96,4.95,4.96,7141800.0
2018-01-26 14:03:15.428000,4.96,4.95,4.96,7141800.0
2018-01-26 14:03:18.542000,4.96,4.95,4.96,7141800.0
2018-01-26 14:03:21.965000,4.96,4.95,4.96,7141800.0
2018-01-26 14:03:25.385000,4.96,4.95,4.96,7141800.0
2018-01-26 14:03:28.776000,4.96,4.95,4.96,7141800.0
2018-01-26 14:03:32.259000,4.96,4.95,4.96,7141800.0
2018-01-26 14:03:35.400000,4.96,4.95,4.96,7141800.0
2018-01-26 14:03:38.721000,4.96,4.95,4.96,7141800.0
2018-01-26 14:03:42.214000,4.95,4.95,4.96,7142800.0
2018-01-26 14:03:45.381000,4.95,4.95,4.96,7142800.0
2018-01-26 14:03:48.497000,4.95,4.95,4.96,7142800.0
2018-01-26 14:03:51.824000,4.95,4.95,4.96,7142800.0
2018-01-26 14:03:54.981000,4.95,4.95,4.96,7142800.0
2018-01-26 14:03:58.197000,4.95,4.95,4.96,7142800.0
2018-01-26 14:04:01.691000,4.95,4.95,4.96,7142800.0
2018-01-26 14:04:05.130000,4.95,4.95,4.96,7142800.0
2018-01-26 14:04:09.019000,4.95,4.95,4.96,7142800.0
2018-01-26 14:04:14.106000,4.95,4.95,4.96,7142800.0
2018-01-26 14:04:17.319000,4.95,4.95,4.96,7142800.0
2018-01-26 14:04:21.036000,4.95,4.95,4.96,7142800.0
2018-01-26 14:04:24.179000,4.95,4.95,4.96,7142800.0
2018-01-26 14:04:27.711000,4.95,4.95,4.96,7142800.0
2018-01-26 14:04:30.888000,4.95,4.95,4.96,7142800.0
2018-01-26 14:04:34.527000,4.95,4.95,4.96,7142800.0
2018-01-26 14:04:38.291000,4.95,4.95,4.96,7142800.0
2018-01-26 14:04:41.496000,4.95,4.95,4.96,7142800.0
2018-01-26 14:04:44.784000,4.95,4.95,4.96,7142800.0
2018-01-26 14:04:47.978000,4.95,4.95,4.96,7142800.0
2018-01-26 14:04:51.576000,4.95,4.95,4.96,7142800.0
2018-01-26 14:04:54.908000,4.95,4.95,4.96,7142800.0
2018-01-26 14:04:58.543000,4.95,4.95,4.96,7142800.0
2018-01-26 14:05:02.089000,4.95,4.95,4.96,7142800.0
2018-01-26 14:05:05.498000,4.95,4.95,4.96,7142800.0
2018-01-26 14:05:09.107000,4.95,4.95,4.96,7142800.0
2018-01-26 14:05:12.847000,4.95,4.95,4.96,7142800.0
2018-01-26 14:05:16.220000,4.95,4.95,4.96,7142800.0
2018-01-26 14:05:19.576000,4.95,4.95,4.96,7142800.0
2018-01-26 14:05:22.915000,4.95,4.95,4.96,7150800.0
2018-01-26 14:05:26.055000,4.95,4.95,4.96,7150800.0
2018-01-26 14:05:29.380000,4.95,4.95,4.96,7150800.0
2018-01-26 14:05:32.636000,4.95,4.95,4.96,7150800.0
2018-01-26 14:05:36.061000,4.95,4.95,4.96,7150800.0
2018-01-26 14:05:39.425000,4.95,4.95,4.96,7150800.0
2018-01-26 14:05:42.695000,4.95,4.95,4.96,7150800.0
2018-01-26 14:05:46.112000,4.95,4.95,4.96,7150800.0
2018-01-26 14:05:49.294000,4.95,4.95,4.96,7150800.0
2018-01-26 14:05:52.426000,4.95,4.95,4.96,7150800.0
2018-01-26 14:05:55.425000,4.95,4.95,4.96,7150800.0
2018-01-26 14:05:58.500000,4.95,4.95,4.96,7150800.0
2018-01-26 14:06:01.529000,4.95,4.95,4.96,7150800.0
2018-01-26 14:06:04.781000,4.95,4.95,4.96,7150800.0
2018-01-26 14:06:08.002000,4.95,4.95,4.96,7150800.0
2018-01-26 14:06:11.347000,4.95,4.95,4.96,7150800.0
2018-01-26 14:06:14.879000,4.95,4.95,4.96,7150800.0
2018-01-26 14:06:18.278000,4.95,4.95,4.96,7150800.0
2018-01-26 14:06:21.457000,4.95,4.95,4.96,7150800.0
2018-01-26 14:06:24.909000,4.95,4.95,4.96,7150800.0
2018-01-26 14:06:28.109000,4.95,4.95,4.96,7150800.0
2018-01-26 14:06:31.319000,4.95,4.95,4.96,7150800.0
2018-01-26 14:06:34.747000,4.95,4.95,4.96,7150800.0
2018-01-26 14:06:38.090000,4.95,4.95,4.96,7150800.0
2018-01-26 14:06:41.363000,4.95,4.95,4.96,7150800.0
2018-01-26 14:06:44.350000,4.95,4.95,4.96,7150800.0
2018-01-26 14:06:47.435000,4.95,4.95,4.96,7150800.0
2018-01-26 14:06:50.838000,4.95,4.95,4.96,7150800.0
2018-01-26 14:06:54.015000,4.95,4.95,4.96,7150800.0
2018-01-26 14:06:57.041000,4.95,4.95,4.96,7150800.0
2018-01-26 14:07:00.145000,4.95,4.95,4.96,7150800.0
2018-01-26 14:07:03.325000,4.95,4.95,4.96,7150800.0
2018-01-26 14:07:06.381000,4.95,4.95,4.96,7150800.0
2018-01-26 14:07:09.848000,4.95,4.95,4.96,7150800.0
2018-01-26 14:07:12.994000,4.95,4.95,4.96,7150800.0
2018-01-26 14:07:16.579000,4.95,4.95,4.96,7150800.0
2018-01-26 14:07:20.346000,4.95,4.95,4.96,7150800.0
2018-01-26 14:07:23.459000,4.95,4.95,4.96,7150800.0
2018-01-26 14:07:26.667000,4.95,4.95,4.96,7150800.0
2018-01-26 14:07:29.778000,4.95,4.95,4.96,7150800.0
2018-01-26 14:07:33.119000,4.95,4.95,4.96,7150800.0
2018-01-26 14:07:36.446000,4.95,4.95,4.96,7150800.0
2018-01-26 14:07:39.549000,4.95,4.95,4.96,7150800.0
2018-01-26 14:07:42.992000,4.95,4.95,4.96,7150800.0
2018-01-26 14:07:46.112000,4.95,4.95,4.96,7150800.0
2018-01-26 14:07:49.238000,4.95,4.95,4.96,7150800.0
2018-01-26 14:07:52.404000,4.95,4.95,4.96,7150800.0
2018-01-26 14:07:56.010000,4.95,4.95,4.96,7150800.0
2018-01-26 14:07:59.435000,4.95,4.95,4.96,7150800.0
2018-01-26 14:08:02.677000,4.95,4.95,4.96,7150800.0
2018-01-26 14:08:05.922000,4.95,4.95,4.96,7150800.0
2018-01-26 14:08:09.100000,4.95,4.95,4.96,7150800.0
2018-01-26 14:08:12.304000,4.95,4.95,4.96,7150800.0
2018-01-26 14:08:15.370000,4.95,4.95,4.96,7150800.0
2018-01-26 14:08:18.374000,4.95,4.95,4.96,7150800.0
2018-01-26 14:08:21.651000,4.95,4.95,4.96,7150800.0
2018-01-26 14:08:25.050000,4.95,4.95,4.96,7150800.0
2018-01-26 14:08:28.202000,4.95,4.95,4.96,7150800.0
2018-01-26 14:08:31.433000,4.95,4.95,4.96,7150800.0
2018-01-26 14:08:35.047000,4.95,4.95,4.96,7150800.0
2018-01-26 14:08:38.281000,4.95,4.94,4.96,7277800.0
2018-01-26 14:08:41.527000,4.95,4.94,4.96,7277800.0
2018-01-26 14:08:44.879000,4.95,4.95,4.96,7343900.0
2018-01-26 14:08:48.147000,4.95,4.95,4.96,7343900.0
2018-01-26 14:08:51.432000,4.95,4.95,4.96,7343900.0
2018-01-26 14:08:54.457000,4.95,4.95,4.96,7343900.0
2018-01-26 14:08:57.692000,4.95,4.95,4.96,7343900.0
2018-01-26 14:09:01.007000,4.95,4.95,4.96,7343900.0
2018-01-26 14:09:04.209000,4.95,4.95,4.96,7343900.0
2018-01-26 14:09:07.464000,4.95,4.95,4.96,7343900.0
2018-01-26 14:09:10.802000,4.95,4.95,4.96,7343900.0
2018-01-26 14:09:13.878000,4.95,4.95,4.96,7343900.0
2018-01-26 14:09:17.213000,4.95,4.95,4.96,7343900.0
2018-01-26 14:09:20.458000,4.95,4.95,4.96,7343900.0
2018-01-26 14:09:23.949000,4.95,4.95,4.96,7343900.0
2018-01-26 14:09:27.207000,4.95,4.95,4.96,7343900.0
2018-01-26 14:09:30.254000,4.95,4.95,4.96,7343900.0
2018-01-26 14:09:33.407000,4.95,4.95,4.96,7343900.0
2018-01-26 14:09:36.711000,4.95,4.95,4.96,7343900.0
2018-01-26 14:09:40.017000,4.95,4.95,4.96,7343900.0
2018-01-26 14:09:43.437000,4.95,4.95,4.96,7343900.0
2018-01-26 14:09:46.730000,4.95,4.95,4.96,7343900.0
2018-01-26 14:09:49.833000,4.95,4.95,4.96,7343900.0
2018-01-26 14:09:53.472000,4.95,4.95,4.96,7343900.0
2018-01-26 14:09:57.078000,4.95,4.95,4.96,7343900.0
2018-01-26 14:10:00.196000,4.95,4.95,4.96,7343900.0
2018-01-26 14:10:03.158000,4.95,4.95,4.96,7343900.0
2018-01-26 14:10:06.423000,4.95,4.95,4.96,7343900.0
2018-01-26 14:10:09.929000,4.95,4.95,4.96,7343900.0
2018-01-26 14:10:13.033000,4.95,4.95,4.96,7343900.0
2018-01-26 14:10:16.063000,4.95,4.95,4.96,7343900.0
2018-01-26 14:10:19.174000,4.95,4.95,4.96,7343900.0
2018-01-26 14:10:22.118000,4.95,4.95,4.96,7343900.0
2018-01-26 14:10:25.026000,4.95,4.95,4.96,7343900.0
2018-01-26 14:10:28.157000,4.95,4.94,4.96,7422100.0
2018-01-26 14:10:31.143000,4.95,4.94,4.96,7422100.0
2018-01-26 14:10:34.300000,4.95,4.94,4.96,7422100.0
2018-01-26 14:10:37.449000,4.95,4.94,4.96,7422100.0
2018-01-26 14:10:40.364000,4.95,4.94,4.96,7422100.0
2018-01-26 14:10:43.432000,4.95,4.94,4.96,7422100.0
2018-01-26 14:10:46.519000,4.95,4.94,4.96,7422100.0
2018-01-26 14:10:49.429000,4.95,4.94,4.96,7422100.0
2018-01-26 14:10:52.323000,4.95,4.94,4.96,7422100.0
2018-01-26 14:10:55.444000,4.95,4.94,4.96,7422100.0
2018-01-26 14:10:58.596000,4.95,4.94,4.96,7422100.0
2018-01-26 14:11:01.654000,4.95,4.94,4.96,7422100.0
2018-01-26 14:11:04.643000,4.95,4.94,4.96,7422100.0
2018-01-26 14:11:07.532000,4.95,4.94,4.96,7422100.0
2018-01-26 14:11:10.944000,4.95,4.94,4.96,7422100.0
2018-01-26 14:11:13.972000,4.95,4.94,4.96,7422100.0
2018-01-26 14:11:17.069000,4.95,4.94,4.96,7422100.0
2018-01-26 14:11:20.066000,4.95,4.94,4.96,7422100.0
2018-01-26 14:11:23.194000,4.95,4.94,4.96,7422100.0
2018-01-26 14:11:26.072000,4.95,4.94,4.96,7422100.0
2018-01-26 14:11:29.302000,4.95,4.94,4.96,7422100.0
2018-01-26 14:11:32.332000,4.95,4.94,4.96,7422100.0
2018-01-26 14:11:35.389000,4.95,4.94,4.96,7422100.0
2018-01-26 14:11:38.497000,4.95,4.94,4.96,7422100.0
2018-01-26 14:11:41.589000,4.95,4.94,4.96,7422100.0
2018-01-26 14:11:44.550000,4.95,4.94,4.96,7422100.0
2018-01-26 14:11:48.043000,4.95,4.94,4.95,7444900.0
2018-01-26 14:11:51.236000,4.95,4.94,4.95,7444900.0
2018-01-26 14:11:54.411000,4.95,4.94,4.95,7444900.0
2018-01-26 14:11:57.683000,4.95,4.94,4.95,7444900.0
2018-01-26 14:12:00.717000,4.95,4.94,4.95,7444900.0
2018-01-26 14:12:03.894000,4.95,4.94,4.95,7444900.0
2018-01-26 14:12:06.939000,4.95,4.94,4.95,7444900.0
2018-01-26 14:12:09.836000,4.95,4.94,4.95,7444900.0
2018-01-26 14:12:12.859000,4.95,4.94,4.95,7444900.0
2018-01-26 14:12:15.696000,4.95,4.94,4.95,7444900.0
2018-01-26 14:12:18.772000,4.95,4.94,4.95,7444900.0
2018-01-26 14:12:22.068000,4.95,4.94,4.95,7444900.0
2018-01-26 14:12:25.194000,4.95,4.94,4.95,7444900.0
2018-01-26 14:12:28.105000,4.95,4.94,4.95,7444900.0
2018-01-26 14:12:31.285000,4.95,4.94,4.95,7444900.0
2018-01-26 14:12:34.459000,4.95,4.94,4.95,7444900.0
2018-01-26 14:12:37.414000,4.95,4.94,4.95,7444900.0
2018-01-26 14:12:40.382000,4.95,4.94,4.95,7444900.0
2018-01-26 14:12:43.389000,4.95,4.94,4.95,7444900.0
2018-01-26 14:12:46.397000,4.95,4.94,4.95,7444900.0
2018-01-26 14:12:49.411000,4.95,4.94,4.95,7444900.0
2018-01-26 14:12:52.406000,4.95,4.94,4.95,7444900.0
2018-01-26 14:12:55.599000,4.95,4.94,4.95,7444900.0
2018-01-26 14:12:58.610000,4.95,4.94,4.95,7444900.0
2018-01-26 14:13:01.672000,4.95,4.94,4.95,7444900.0
2018-01-26 14:13:04.586000,4.95,4.94,4.95,7444900.0
2018-01-26 14:13:07.602000,4.95,4.94,4.95,7444900.0
2018-01-26 14:13:10.525000,4.95,4.94,4.95,7444900.0
2018-01-26 14:13:13.748000,4.95,4.94,4.95,7444900.0
2018-01-26 14:13:17.133000,4.95,4.94,4.95,7444900.0
2018-01-26 14:13:20.040000,4.95,4.94,4.95,7444900.0
2018-01-26 14:13:23.082000,4.95,4.94,4.95,7444900.0
2018-01-26 14:13:26.308000,4.95,4.94,4.95,7444900.0
2018-01-26 14:13:29.161000,4.95,4.94,4.95,7444900.0
2018-01-26 14:13:32.288000,4.95,4.94,4.95,7444900.0
2018-01-26 14:13:35.471000,4.95,4.94,4.95,7444900.0
2018-01-26 14:13:38.325000,4.95,4.94,4.95,7444900.0
2018-01-26 14:13:41.260000,4.95,4.94,4.95,7444900.0
2018-01-26 14:13:44.304000,4.95,4.94,4.95,7444900.0
2018-01-26 14:13:47.228000,4.95,4.94,4.95,7444900.0
2018-01-26 14:13:50.086000,4.95,4.94,4.95,7444900.0
2018-01-26 14:13:53.170000,4.95,4.94,4.95,7444900.0
2018-01-26 14:13:56.197000,4.95,4.94,4.95,7444900.0
2018-01-26 14:13:59.211000,4.95,4.94,4.95,7444900.0
2018-01-26 14:14:02.167000,4.95,4.94,4.95,7444900.0
2018-01-26 14:14:05.178000,4.95,4.94,4.95,7444900.0
2018-01-26 14:14:08.091000,4.95,4.94,4.95,7444900.0
2018-01-26 14:14:11.041000,4.95,4.94,4.95,7444900.0
2018-01-26 14:14:13.945000,4.95,4.94,4.95,7444900.0
2018-01-26 14:14:17.043000,4.95,4.94,4.95,7444900.0
2018-01-26 14:14:20.071000,4.95,4.94,4.95,7444900.0
2018-01-26 14:14:23.283000,4.95,4.94,4.95,7444900.0
2018-01-26 14:14:26.247000,4.95,4.94,4.95,7444900.0
2018-01-26 14:14:29.421000,4.95,4.94,4.95,7444900.0
2018-01-26 14:14:32.425000,4.95,4.94,4.96,7447600.0
2018-01-26 14:14:35.513000,4.95,4.94,4.96,7447600.0
2018-01-26 14:14:38.728000,4.95,4.94,4.96,7447600.0
2018-01-26 14:14:41.778000,4.95,4.94,4.96,7447600.0
2018-01-26 14:14:44.865000,4.95,4.94,4.96,7447600.0
2018-01-26 14:14:48.417000,4.95,4.94,4.96,7447600.0
2018-01-26 14:14:51.626000,4.95,4.94,4.96,7447600.0
2018-01-26 14:14:54.762000,4.95,4.94,4.96,7447600.0
2018-01-26 14:14:57.876000,4.95,4.94,4.96,7447600.0
2018-01-26 14:15:01.089000,4.95,4.94,4.96,7447600.0
2018-01-26 14:15:04.058000,4.95,4.94,4.96,7447600.0
2018-01-26 14:15:07.125000,4.95,4.94,4.96,7447600.0
2018-01-26 14:15:10.352000,4.95,4.94,4.96,7447600.0
2018-01-26 14:15:13.499000,4.95,4.94,4.96,7447600.0
2018-01-26 14:15:16.535000,4.95,4.94,4.96,7447600.0
2018-01-26 14:15:19.565000,4.95,4.94,4.96,7447600.0
2018-01-26 14:15:22.502000,4.95,4.94,4.96,7447600.0
2018-01-26 14:15:25.550000,4.95,4.94,4.96,7447600.0
2018-01-26 14:15:28.590000,4.95,4.94,4.96,7447600.0
2018-01-26 14:15:31.802000,4.95,4.94,4.96,7447600.0
2018-01-26 14:15:35.087000,4.95,4.94,4.96,7447600.0
2018-01-26 14:15:37.926000,4.95,4.94,4.96,7447600.0
2018-01-26 14:15:41.076000,4.95,4.94,4.96,7447600.0
2018-01-26 14:15:44.149000,4.95,4.94,4.96,7447600.0
2018-01-26 14:15:47.101000,4.95,4.94,4.96,7447600.0
2018-01-26 14:15:50.169000,4.95,4.94,4.96,7447600.0
2018-01-26 14:15:53.198000,4.95,4.94,4.96,7447600.0
2018-01-26 14:15:56.105000,4.95,4.94,4.96,7447600.0
2018-01-26 14:15:58.980000,4.95,4.94,4.96,7447600.0
2018-01-26 14:16:02.012000,4.95,4.94,4.96,7447600.0
2018-01-26 14:16:04.979000,4.95,4.94,4.96,7447600.0
2018-01-26 14:16:08.107000,4.95,4.94,4.96,7447600.0
2018-01-26 14:16:11.010000,4.95,4.94,4.96,7447600.0
2018-01-26 14:16:14.071000,4.95,4.94,4.96,7447600.0
2018-01-26 14:16:16.963000,4.95,4.94,4.96,7447600.0
2018-01-26 14:16:19.822000,4.95,4.94,4.96,7447600.0
2018-01-26 14:16:23.223000,4.95,4.94,4.96,7447600.0
2018-01-26 14:16:26.136000,4.95,4.94,4.96,7447600.0
2018-01-26 14:16:29.308000,4.95,4.94,4.96,7447600.0
2018-01-26 14:16:32.408000,4.95,4.94,4.96,7447600.0
2018-01-26 14:16:35.445000,4.95,4.94,4.96,7447600.0
2018-01-26 14:16:38.545000,4.95,4.94,4.96,7447600.0
2018-01-26 14:16:41.470000,4.95,4.94,4.96,7447600.0
2018-01-26 14:16:44.471000,4.95,4.94,4.96,7447600.0
2018-01-26 14:16:47.406000,4.95,4.94,4.96,7447600.0
2018-01-26 14:16:50.418000,4.95,4.94,4.96,7447600.0
2018-01-26 14:16:53.550000,4.95,4.94,4.96,7447600.0
2018-01-26 14:16:56.250000,4.95,4.94,4.96,7447600.0
2018-01-26 14:16:59.198000,4.95,4.94,4.96,7447600.0
2018-01-26 14:17:02.170000,4.95,4.94,4.96,7447600.0
2018-01-26 14:17:05.285000,4.95,4.94,4.96,7447600.0
2018-01-26 14:17:08.139000,4.95,4.94,4.96,7447600.0
2018-01-26 14:17:11.007000,4.95,4.94,4.96,7447600.0
2018-01-26 14:17:14.101000,4.95,4.94,4.96,7447600.0
2018-01-26 14:17:17.342000,4.95,4.94,4.96,7447600.0
2018-01-26 14:17:20.491000,4.95,4.94,4.96,7447600.0
2018-01-26 14:17:23.614000,4.95,4.94,4.96,7447600.0
2018-01-26 14:17:26.702000,4.95,4.94,4.96,7447600.0
2018-01-26 14:17:29.471000,4.96,4.95,4.96,7458600.0
2018-01-26 14:17:32.142000,4.96,4.95,4.96,7458600.0
2018-01-26 14:17:34.754000,4.96,4.95,4.96,7458600.0
2018-01-26 14:17:37.535000,4.96,4.95,4.96,7458600.0
2018-01-26 14:17:40.453000,4.96,4.95,4.96,7458600.0
2018-01-26 14:17:43.566000,4.96,4.95,4.96,7458600.0
2018-01-26 14:17:46.593000,4.96,4.95,4.96,7458600.0
2018-01-26 14:17:50.015000,4.96,4.95,4.96,7458600.0
2018-01-26 14:17:53.131000,4.96,4.95,4.96,7458600.0
2018-01-26 14:17:56.220000,4.96,4.95,4.96,7458600.0
2018-01-26 14:17:59.293000,4.96,4.95,4.96,7458600.0
2018-01-26 14:18:02.343000,4.96,4.95,4.96,7458600.0
2018-01-26 14:18:05.399000,4.96,4.95,4.96,7458600.0
2018-01-26 14:18:08.556000,4.96,4.95,4.96,7458600.0
2018-01-26 14:18:11.536000,4.96,4.95,4.96,7458600.0
2018-01-26 14:18:14.400000,4.96,4.95,4.96,7458600.0
2018-01-26 14:18:17.575000,4.96,4.95,4.96,7458600.0
2018-01-26 14:18:20.427000,4.96,4.94,4.96,7458600.0
2018-01-26 14:18:23.451000,4.96,4.94,4.96,7458600.0
2018-01-26 14:18:26.417000,4.96,4.94,4.96,7458600.0
2018-01-26 14:18:29.580000,4.96,4.94,4.96,7458600.0
2018-01-26 14:18:32.946000,4.96,4.94,4.96,7458600.0
2018-01-26 14:18:36.072000,4.96,4.94,4.96,7458600.0
2018-01-26 14:18:39.185000,4.96,4.94,4.96,7458600.0
2018-01-26 14:18:42.125000,4.96,4.94,4.96,7458600.0
2018-01-26 14:18:45.002000,4.96,4.94,4.96,7458600.0
2018-01-26 14:18:47.953000,4.96,4.94,4.96,7458600.0
2018-01-26 14:18:51.135000,4.96,4.94,4.96,7458600.0
2018-01-26 14:18:54.342000,4.96,4.94,4.96,7458600.0
2018-01-26 14:18:57.314000,4.96,4.94,4.96,7458600.0
2018-01-26 14:19:00.013000,4.96,4.94,4.96,7458600.0
2018-01-26 14:19:03.103000,4.96,4.94,4.96,7458600.0
2018-01-26 14:19:06.037000,4.96,4.94,4.96,7458600.0
2018-01-26 14:19:09.281000,4.96,4.94,4.96,7458600.0
2018-01-26 14:19:12.063000,4.96,4.94,4.96,7458600.0
2018-01-26 14:19:15.163000,4.96,4.94,4.96,7458600.0
2018-01-26 14:19:18.245000,4.96,4.94,4.96,7458600.0
2018-01-26 14:19:21.188000,4.95,4.94,4.96,7463600.0
2018-01-26 14:19:24.189000,4.95,4.94,4.96,7463600.0
2018-01-26 14:19:27.064000,4.95,4.94,4.96,7463600.0
2018-01-26 14:19:30.132000,4.95,4.94,4.96,7463600.0
2018-01-26 14:19:33.184000,4.95,4.94,4.96,7463600.0
2018-01-26 14:19:36.212000,4.95,4.94,4.96,7463600.0
2018-01-26 14:19:39.221000,4.95,4.94,4.96,7463600.0
2018-01-26 14:19:42.264000,4.95,4.94,4.96,7463600.0
2018-01-26 14:19:45.303000,4.95,4.94,4.96,7463600.0
2018-01-26 14:19:48.719000,4.95,4.94,4.96,7463600.0
2018-01-26 14:19:51.882000,4.95,4.94,4.96,7463600.0
2018-01-26 14:19:54.879000,4.95,4.94,4.96,7463600.0
2018-01-26 14:19:57.890000,4.95,4.94,4.96,7463600.0
2018-01-26 14:20:00.963000,4.95,4.94,4.96,7463600.0
2018-01-26 14:20:03.963000,4.95,4.94,4.96,7463600.0
2018-01-26 14:20:07.536000,4.95,4.94,4.96,7463600.0
2018-01-26 14:20:10.607000,4.95,4.94,4.96,7463600.0
2018-01-26 14:20:13.739000,4.95,4.94,4.96,7463600.0
2018-01-26 14:20:17.071000,4.95,4.94,4.96,7463600.0
2018-01-26 14:20:20.031000,4.95,4.94,4.96,7463600.0
2018-01-26 14:20:22.984000,4.95,4.94,4.96,7463600.0
2018-01-26 14:20:26.095000,4.95,4.94,4.96,7463600.0
2018-01-26 14:20:29.442000,4.95,4.94,4.96,7463600.0
2018-01-26 14:20:32.505000,4.95,4.94,4.96,7463600.0
2018-01-26 14:20:35.567000,4.95,4.94,4.96,7463600.0
2018-01-26 14:20:38.626000,4.95,4.94,4.96,7463600.0
2018-01-26 14:20:41.683000,4.95,4.94,4.96,7463600.0
2018-01-26 14:20:44.830000,4.95,4.94,4.96,7463600.0
2018-01-26 14:20:48.095000,4.95,4.94,4.96,7463600.0
2018-01-26 14:20:51.089000,4.95,4.94,4.96,7463600.0
2018-01-26 14:20:54.408000,4.95,4.94,4.96,7463600.0
2018-01-26 14:20:57.434000,4.95,4.94,4.96,7463600.0
2018-01-26 14:21:00.426000,4.95,4.94,4.96,7463600.0
2018-01-26 14:21:03.317000,4.95,4.94,4.96,7463600.0
2018-01-26 14:21:06.008000,4.95,4.94,4.96,7463600.0
2018-01-26 14:21:08.838000,4.95,4.94,4.96,7463600.0
2018-01-26 14:21:11.478000,4.95,4.94,4.96,7463600.0
2018-01-26 14:21:14.072000,4.95,4.94,4.96,7463600.0
2018-01-26 14:21:16.822000,4.95,4.94,4.96,7463600.0
2018-01-26 14:21:19.728000,4.95,4.94,4.96,7463600.0
2018-01-26 14:21:22.296000,4.95,4.94,4.96,7463600.0
2018-01-26 14:21:25.071000,4.95,4.94,4.96,7463600.0
2018-01-26 14:21:27.816000,4.95,4.94,4.96,7463600.0
2018-01-26 14:21:30.831000,4.95,4.94,4.96,7463600.0
2018-01-26 14:21:33.895000,4.95,4.94,4.96,7463600.0
2018-01-26 14:21:36.914000,4.95,4.94,4.96,7463600.0
2018-01-26 14:21:40.035000,4.95,4.94,4.96,7463600.0
2018-01-26 14:21:43.273000,4.95,4.94,4.96,7463600.0
2018-01-26 14:21:46.285000,4.95,4.94,4.96,7463600.0
2018-01-26 14:21:49.302000,4.95,4.94,4.96,7463600.0
2018-01-26 14:21:52.382000,4.95,4.94,4.96,7463600.0
2018-01-26 14:21:55.301000,4.95,4.94,4.96,7463600.0
2018-01-26 14:21:58.429000,4.95,4.94,4.96,7463600.0
2018-01-26 14:22:01.574000,4.95,4.94,4.96,7463600.0
2018-01-26 14:22:04.690000,4.95,4.94,4.96,7463600.0
2018-01-26 14:22:07.783000,4.95,4.94,4.96,7463600.0
2018-01-26 14:22:10.819000,4.95,4.94,4.96,7463600.0
2018-01-26 14:22:13.760000,4.95,4.94,4.96,7463600.0
2018-01-26 14:22:16.726000,4.95,4.94,4.96,7463600.0
2018-01-26 14:22:19.927000,4.95,4.94,4.96,7463600.0
2018-01-26 14:22:22.909000,4.95,4.94,4.96,7463600.0
2018-01-26 14:22:25.878000,4.95,4.94,4.96,7463600.0
2018-01-26 14:22:28.935000,4.95,4.94,4.96,7463600.0
2018-01-26 14:22:31.883000,4.95,4.94,4.96,7463600.0
2018-01-26 14:22:34.935000,4.95,4.94,4.96,7463600.0
2018-01-26 14:22:37.873000,4.95,4.94,4.96,7463600.0
2018-01-26 14:22:40.990000,4.95,4.94,4.96,7463600.0
2018-01-26 14:22:44.081000,4.95,4.94,4.96,7463600.0
2018-01-26 14:22:47.631000,4.95,4.94,4.96,7463600.0
2018-01-26 14:22:51.550000,4.95,4.94,4.96,7463600.0
2018-01-26 14:22:55.616000,4.95,4.94,4.96,7463600.0
2018-01-26 14:22:58.811000,4.95,4.94,4.96,7463600.0
2018-01-26 14:23:01.787000,4.95,4.94,4.96,7463600.0
2018-01-26 14:23:04.958000,4.95,4.94,4.96,7463600.0
2018-01-26 14:23:07.948000,4.95,4.94,4.96,7463600.0
2018-01-26 14:23:10.913000,4.95,4.94,4.96,7463600.0
2018-01-26 14:23:13.958000,4.95,4.94,4.96,7463600.0
2018-01-26 14:23:16.986000,4.95,4.94,4.96,7463600.0
2018-01-26 14:23:20.038000,4.95,4.94,4.96,7463600.0
2018-01-26 14:23:23.157000,4.95,4.94,4.96,7463600.0
2018-01-26 14:23:26.370000,4.95,4.94,4.96,7483600.0
2018-01-26 14:23:29.548000,4.95,4.94,4.96,7483600.0
2018-01-26 14:23:32.647000,4.95,4.94,4.96,7483600.0
2018-01-26 14:23:35.790000,4.95,4.94,4.96,7483600.0
2018-01-26 14:23:38.725000,4.95,4.94,4.96,7483600.0
2018-01-26 14:23:41.731000,4.95,4.94,4.96,7483600.0
2018-01-26 14:23:44.880000,4.95,4.94,4.96,7483600.0
2018-01-26 14:23:48.421000,4.95,4.94,4.96,7483600.0
2018-01-26 14:23:51.602000,4.95,4.94,4.96,7483600.0
2018-01-26 14:23:54.540000,4.95,4.94,4.96,7483600.0
2018-01-26 14:23:57.572000,4.95,4.94,4.96,7483600.0
2018-01-26 14:24:00.602000,4.95,4.94,4.96,7483600.0
2018-01-26 14:24:03.619000,4.95,4.94,4.96,7483600.0
2018-01-26 14:24:06.744000,4.95,4.94,4.96,7483600.0
2018-01-26 14:24:09.711000,4.95,4.94,4.96,7483600.0
2018-01-26 14:24:12.857000,4.95,4.94,4.96,7483600.0
2018-01-26 14:24:16.132000,4.95,4.94,4.96,7483600.0
2018-01-26 14:24:19.407000,4.95,4.94,4.96,7483600.0
2018-01-26 14:24:22.939000,4.95,4.94,4.96,7483600.0
2018-01-26 14:24:26.228000,4.95,4.94,4.96,7483600.0
2018-01-26 14:24:29.407000,4.95,4.94,4.96,7483600.0
2018-01-26 14:24:32.557000,4.95,4.94,4.96,7483600.0
2018-01-26 14:24:35.352000,4.95,4.94,4.96,7483600.0
2018-01-26 14:24:38.541000,4.95,4.94,4.96,7483600.0
2018-01-26 14:24:41.598000,4.95,4.94,4.96,7483600.0
2018-01-26 14:24:44.530000,4.95,4.94,4.96,7483600.0
2018-01-26 14:24:47.456000,4.95,4.94,4.96,7483600.0
2018-01-26 14:24:50.560000,4.95,4.94,4.96,7483600.0
2018-01-26 14:24:53.796000,4.95,4.94,4.96,7483600.0
2018-01-26 14:24:56.763000,4.95,4.94,4.96,7483600.0
2018-01-26 14:25:00.595000,4.95,4.94,4.96,7483600.0
2018-01-26 14:25:03.700000,4.95,4.94,4.96,7483600.0
2018-01-26 14:25:06.595000,4.95,4.94,4.96,7483600.0
2018-01-26 14:25:09.805000,4.95,4.94,4.96,7483600.0
2018-01-26 14:25:12.927000,4.95,4.94,4.96,7483600.0
2018-01-26 14:25:16.184000,4.95,4.94,4.96,7483600.0
2018-01-26 14:25:19.043000,4.95,4.94,4.96,7483600.0
2018-01-26 14:25:22.321000,4.95,4.94,4.96,7483600.0
2018-01-26 14:25:25.514000,4.95,4.94,4.96,7483600.0
2018-01-26 14:25:28.497000,4.95,4.94,4.96,7483600.0
2018-01-26 14:25:31.430000,4.95,4.94,4.96,7483600.0
2018-01-26 14:25:34.420000,4.95,4.94,4.96,7483600.0
2018-01-26 14:25:37.685000,4.95,4.95,4.96,7493600.0
2018-01-26 14:25:40.885000,4.95,4.95,4.96,7493600.0
2018-01-26 14:25:44.194000,4.95,4.95,4.96,7493600.0
2018-01-26 14:25:47.108000,4.95,4.95,4.96,7493600.0
2018-01-26 14:25:49.917000,4.95,4.95,4.96,7493600.0
2018-01-26 14:25:53.127000,4.95,4.95,4.96,7493600.0
2018-01-26 14:25:55.998000,4.95,4.95,4.96,7493600.0
2018-01-26 14:25:59.012000,4.95,4.95,4.96,7493600.0
2018-01-26 14:26:02.014000,4.95,4.95,4.96,7493600.0
2018-01-26 14:26:05.135000,4.95,4.95,4.96,7493600.0
2018-01-26 14:26:08.315000,4.95,4.95,4.96,7493600.0
2018-01-26 14:26:11.259000,4.95,4.95,4.96,7493600.0
2018-01-26 14:26:14.469000,4.95,4.95,4.96,7493600.0
2018-01-26 14:26:17.591000,4.95,4.95,4.96,7493600.0
2018-01-26 14:26:20.589000,4.95,4.95,4.96,7493600.0
2018-01-26 14:26:23.543000,4.95,4.95,4.96,7493600.0
2018-01-26 14:26:26.445000,4.95,4.95,4.96,7493600.0
2018-01-26 14:26:29.186000,4.95,4.95,4.96,7493600.0
2018-01-26 14:26:32.498000,4.95,4.95,4.96,7493600.0
2018-01-26 14:26:35.561000,4.95,4.95,4.96,7493600.0
2018-01-26 14:26:38.765000,4.95,4.95,4.96,7493600.0
2018-01-26 14:26:41.825000,4.95,4.95,4.96,7493600.0
2018-01-26 14:26:45.012000,4.95,4.95,4.96,7493600.0
2018-01-26 14:26:47.983000,4.95,4.95,4.96,7493600.0
2018-01-26 14:26:50.983000,4.95,4.95,4.96,7493600.0
2018-01-26 14:26:53.890000,4.95,4.95,4.96,7493600.0
2018-01-26 14:26:56.726000,4.95,4.95,4.96,7493600.0
2018-01-26 14:26:59.618000,4.95,4.95,4.96,7493600.0
2018-01-26 14:27:02.500000,4.95,4.95,4.96,7493600.0
2018-01-26 14:27:05.495000,4.95,4.95,4.96,7493600.0
2018-01-26 14:27:08.418000,4.95,4.95,4.96,7493600.0
2018-01-26 14:27:11.519000,4.95,4.95,4.96,7493600.0
2018-01-26 14:27:14.442000,4.95,4.95,4.96,7493600.0
2018-01-26 14:27:17.344000,4.95,4.95,4.96,7493600.0
2018-01-26 14:27:20.411000,4.95,4.95,4.96,7493600.0
2018-01-26 14:27:23.468000,4.95,4.95,4.96,7493600.0
2018-01-26 14:27:26.597000,4.95,4.95,4.96,7493600.0
2018-01-26 14:27:29.463000,4.95,4.95,4.96,7493600.0
2018-01-26 14:27:32.603000,4.95,4.95,4.96,7493600.0
2018-01-26 14:27:35.915000,4.95,4.95,4.96,7493600.0
2018-01-26 14:27:38.717000,4.95,4.95,4.96,7493600.0
2018-01-26 14:27:41.554000,4.95,4.95,4.96,7493600.0
2018-01-26 14:27:44.576000,4.95,4.95,4.96,7493600.0
2018-01-26 14:27:47.396000,4.95,4.95,4.96,7493600.0
2018-01-26 14:27:50.447000,4.95,4.95,4.96,7493600.0
2018-01-26 14:27:53.441000,4.95,4.95,4.96,7493600.0
2018-01-26 14:27:56.342000,4.95,4.95,4.96,7493600.0
2018-01-26 14:27:59.433000,4.95,4.95,4.96,7493600.0
2018-01-26 14:28:02.728000,4.95,4.95,4.96,7493600.0
2018-01-26 14:28:05.829000,4.95,4.95,4.96,7493600.0
2018-01-26 14:28:08.740000,4.95,4.95,4.96,7493600.0
2018-01-26 14:28:11.582000,4.95,4.95,4.96,7493600.0
2018-01-26 14:28:14.507000,4.95,4.95,4.96,7493600.0
2018-01-26 14:28:17.494000,4.95,4.95,4.96,7493600.0
2018-01-26 14:28:20.515000,4.95,4.95,4.96,7493600.0
2018-01-26 14:28:23.817000,4.95,4.95,4.96,7493600.0
2018-01-26 14:28:26.978000,4.95,4.95,4.96,7493600.0
2018-01-26 14:28:29.985000,4.95,4.95,4.96,7493600.0
2018-01-26 14:28:33.071000,4.95,4.95,4.96,7493600.0
2018-01-26 14:28:35.925000,4.95,4.95,4.96,7493600.0
2018-01-26 14:28:38.853000,4.95,4.95,4.96,7493600.0
2018-01-26 14:28:41.857000,4.95,4.95,4.96,7493600.0
2018-01-26 14:28:44.563000,4.95,4.95,4.96,7493600.0
2018-01-26 14:28:47.532000,4.95,4.95,4.96,7493600.0
2018-01-26 14:28:50.443000,4.95,4.95,4.96,7493600.0
2018-01-26 14:28:53.394000,4.95,4.95,4.96,7493600.0
2018-01-26 14:28:56.344000,4.95,4.95,4.96,7493600.0
2018-01-26 14:28:59.368000,4.95,4.95,4.96,7493600.0
2018-01-26 14:29:02.370000,4.95,4.95,4.96,7493600.0
2018-01-26 14:29:05.464000,4.95,4.95,4.96,7493600.0
2018-01-26 14:29:08.326000,4.95,4.95,4.96,7493600.0
2018-01-26 14:29:11.107000,4.95,4.95,4.96,7493600.0
2018-01-26 14:29:14.115000,4.95,4.95,4.96,7493600.0
2018-01-26 14:29:16.986000,4.95,4.95,4.96,7493600.0
2018-01-26 14:29:20.266000,4.95,4.95,4.96,7493600.0
2018-01-26 14:29:23.428000,4.95,4.95,4.96,7493600.0
2018-01-26 14:29:26.517000,4.95,4.95,4.96,7493600.0
2018-01-26 14:29:29.523000,4.95,4.95,4.96,7493600.0
2018-01-26 14:29:32.466000,4.95,4.95,4.96,7493600.0
2018-01-26 14:29:35.475000,4.95,4.95,4.96,7493600.0
2018-01-26 14:29:38.541000,4.95,4.95,4.96,7493600.0
2018-01-26 14:29:41.390000,4.95,4.95,4.96,7493600.0
2018-01-26 14:29:44.380000,4.95,4.95,4.96,7493600.0
2018-01-26 14:29:47.437000,4.95,4.95,4.96,7493600.0
2018-01-26 14:29:50.343000,4.95,4.95,4.96,7493600.0
2018-01-26 14:29:53.467000,4.95,4.95,4.96,7493600.0
2018-01-26 14:29:56.333000,4.95,4.95,4.96,7493600.0
2018-01-26 14:29:59.056000,4.95,4.95,4.96,7493600.0
2018-01-26 14:30:02.035000,4.95,4.95,4.96,7493600.0
2018-01-26 14:30:04.851000,4.95,4.95,4.96,7493600.0
2018-01-26 14:30:07.998000,4.95,4.95,4.96,7493600.0
2018-01-26 14:30:11.161000,4.95,4.95,4.96,7493600.0
2018-01-26 14:30:14.108000,4.95,4.95,4.96,7493600.0
2018-01-26 14:30:17.113000,4.95,4.95,4.96,7493600.0
2018-01-26 14:30:19.962000,4.95,4.95,4.96,7493600.0
2018-01-26 14:30:22.706000,4.95,4.95,4.96,7493600.0
2018-01-26 14:30:25.707000,4.95,4.95,4.96,7493600.0
2018-01-26 14:30:28.680000,4.95,4.95,4.96,7493600.0
2018-01-26 14:30:31.972000,4.95,4.94,4.95,7493600.0
2018-01-26 14:30:35.068000,4.95,4.94,4.95,7493600.0
2018-01-26 14:30:38.117000,4.95,4.94,4.95,7493600.0
2018-01-26 14:30:41.236000,4.95,4.94,4.95,7493600.0
2018-01-26 14:30:44.157000,4.95,4.94,4.95,7493600.0
2018-01-26 14:30:46.973000,4.95,4.94,4.95,7493600.0
2018-01-26 14:30:49.786000,4.95,4.94,4.95,7493600.0
2018-01-26 14:30:52.845000,4.95,4.94,4.95,7493600.0
2018-01-26 14:30:56.207000,4.95,4.94,4.95,7493600.0
2018-01-26 14:30:59.222000,4.95,4.94,4.95,7493600.0
2018-01-26 14:31:02.240000,4.95,4.94,4.95,7493600.0
2018-01-26 14:31:05.262000,4.95,4.94,4.95,7493600.0
2018-01-26 14:31:08.391000,4.95,4.94,4.95,7493600.0
2018-01-26 14:31:11.318000,4.95,4.94,4.95,7493600.0
2018-01-26 14:31:14.298000,4.95,4.94,4.95,7493600.0
2018-01-26 14:31:17.417000,4.95,4.94,4.95,7493600.0
2018-01-26 14:31:20.676000,4.95,4.94,4.95,7493600.0
2018-01-26 14:31:23.805000,4.95,4.94,4.95,7493600.0
2018-01-26 14:31:26.739000,4.95,4.94,4.95,7493600.0
2018-01-26 14:31:29.691000,4.95,4.94,4.95,7493600.0
2018-01-26 14:31:32.403000,4.95,4.94,4.95,7493600.0
2018-01-26 14:31:35.462000,4.95,4.94,4.95,7493600.0
2018-01-26 14:31:38.739000,4.95,4.94,4.95,7493600.0
2018-01-26 14:31:41.568000,4.95,4.94,4.95,7493600.0
2018-01-26 14:31:44.475000,4.95,4.94,4.95,7493600.0
2018-01-26 14:31:47.267000,4.95,4.94,4.95,7493600.0
2018-01-26 14:31:49.990000,4.95,4.94,4.95,7493600.0
2018-01-26 14:31:52.961000,4.95,4.94,4.95,7493600.0
2018-01-26 14:31:55.958000,4.95,4.94,4.95,7493600.0
2018-01-26 14:31:58.854000,4.95,4.94,4.95,7493600.0
2018-01-26 14:32:01.725000,4.95,4.94,4.95,7493600.0
2018-01-26 14:32:04.820000,4.95,4.94,4.95,7493600.0
2018-01-26 14:32:07.895000,4.95,4.94,4.95,7493600.0
2018-01-26 14:32:10.787000,4.95,4.94,4.95,7493600.0
2018-01-26 14:32:13.638000,4.95,4.94,4.95,7493600.0
2018-01-26 14:32:16.689000,4.95,4.94,4.95,7493600.0
2018-01-26 14:32:19.559000,4.95,4.94,4.95,7493600.0
2018-01-26 14:32:22.127000,4.95,4.94,4.95,7493600.0
2018-01-26 14:32:25.058000,4.95,4.94,4.95,7493600.0
2018-01-26 14:32:28.035000,4.95,4.94,4.95,7493600.0
2018-01-26 14:32:30.879000,4.95,4.94,4.95,7493600.0
2018-01-26 14:32:33.871000,4.95,4.94,4.95,7493600.0
2018-01-26 14:32:36.802000,4.95,4.94,4.95,7493600.0
2018-01-26 14:32:39.683000,4.95,4.94,4.95,7493600.0
2018-01-26 14:32:42.709000,4.95,4.94,4.95,7493600.0
2018-01-26 14:32:45.896000,4.95,4.94,4.95,7493600.0
2018-01-26 14:32:48.898000,4.95,4.94,4.95,7493600.0
2018-01-26 14:32:51.958000,4.95,4.94,4.95,7493600.0
2018-01-26 14:32:54.851000,4.95,4.94,4.95,7493600.0
2018-01-26 14:32:57.914000,4.95,4.94,4.95,7493600.0
2018-01-26 14:33:01.115000,4.95,4.94,4.95,7493600.0
2018-01-26 14:33:04.148000,4.95,4.94,4.95,7493600.0
2018-01-26 14:33:07.241000,4.95,4.94,4.95,7493600.0
2018-01-26 14:33:10.266000,4.95,4.94,4.95,7493600.0
2018-01-26 14:33:13.153000,4.95,4.94,4.95,7493600.0
2018-01-26 14:33:16.035000,4.95,4.94,4.95,7495400.0
2018-01-26 14:33:19.052000,4.95,4.94,4.95,7495400.0
2018-01-26 14:33:22.225000,4.95,4.94,4.95,7495400.0
2018-01-26 14:33:25.549000,4.95,4.94,4.95,7495400.0
2018-01-26 14:33:28.466000,4.95,4.94,4.95,7495400.0
2018-01-26 14:33:31.271000,4.95,4.94,4.95,7495400.0
2018-01-26 14:33:34.326000,4.95,4.94,4.95,7495400.0
2018-01-26 14:33:37.604000,4.95,4.94,4.95,7495400.0
2018-01-26 14:33:40.929000,4.95,4.94,4.95,7495400.0
2018-01-26 14:33:43.993000,4.95,4.94,4.95,7495400.0
2018-01-26 14:33:47.243000,4.95,4.94,4.95,7495400.0
2018-01-26 14:33:50.100000,4.95,4.94,4.95,7495400.0
2018-01-26 14:33:53.196000,4.95,4.94,4.95,7495400.0
2018-01-26 14:33:56.334000,4.95,4.94,4.95,7495400.0
2018-01-26 14:33:59.317000,4.95,4.94,4.95,7495400.0
2018-01-26 14:34:02.570000,4.95,4.94,4.95,7495400.0
2018-01-26 14:34:05.580000,4.95,4.94,4.95,7495400.0
2018-01-26 14:34:08.821000,4.95,4.94,4.95,7495400.0
2018-01-26 14:34:11.868000,4.95,4.94,4.95,7495400.0
2018-01-26 14:34:15.010000,4.95,4.94,4.95,7495400.0
2018-01-26 14:34:17.931000,4.95,4.94,4.95,7495400.0
2018-01-26 14:34:20.884000,4.95,4.94,4.95,7495400.0
2018-01-26 14:34:23.841000,4.95,4.94,4.95,7495400.0
2018-01-26 14:34:26.773000,4.95,4.94,4.95,7495400.0
2018-01-26 14:34:29.830000,4.95,4.94,4.95,7495400.0
2018-01-26 14:34:33.012000,4.95,4.94,4.95,7495400.0
2018-01-26 14:34:36.038000,4.95,4.94,4.95,7495400.0
2018-01-26 14:34:39.176000,4.95,4.94,4.95,7495400.0
2018-01-26 14:34:42.263000,4.95,4.94,4.95,7495400.0
2018-01-26 14:34:45.518000,4.95,4.94,4.95,7495400.0
2018-01-26 14:34:48.584000,4.95,4.94,4.95,7495400.0
2018-01-26 14:34:51.554000,4.95,4.94,4.95,7495400.0
2018-01-26 14:34:54.588000,4.95,4.94,4.95,7495400.0
2018-01-26 14:34:57.545000,4.95,4.94,4.95,7495400.0
2018-01-26 14:35:00.667000,4.95,4.94,4.95,7495400.0
2018-01-26 14:35:03.639000,4.95,4.94,4.95,7495400.0
2018-01-26 14:35:06.861000,4.95,4.94,4.95,7495400.0
2018-01-26 14:35:09.715000,4.95,4.94,4.95,7495400.0
2018-01-26 14:35:12.684000,4.95,4.94,4.95,7495400.0
2018-01-26 14:35:15.503000,4.95,4.94,4.95,7495400.0
2018-01-26 14:35:18.860000,4.95,4.94,4.95,7495400.0
2018-01-26 14:35:21.929000,4.95,4.94,4.95,7495400.0
2018-01-26 14:35:25.216000,4.95,4.94,4.95,7495400.0
2018-01-26 14:35:28.237000,4.95,4.94,4.95,7495400.0
2018-01-26 14:35:30.980000,4.95,4.94,4.95,7495400.0
2018-01-26 14:35:33.932000,4.95,4.94,4.95,7495400.0
2018-01-26 14:35:37.073000,4.95,4.94,4.95,7495400.0
2018-01-26 14:35:40.164000,4.95,4.94,4.95,7495400.0
2018-01-26 14:35:43.226000,4.95,4.94,4.95,7495400.0
2018-01-26 14:35:46.195000,4.95,4.94,4.95,7495400.0
2018-01-26 14:35:49.135000,4.95,4.94,4.95,7495400.0
2018-01-26 14:35:52.260000,4.95,4.94,4.95,7495400.0
2018-01-26 14:35:55.337000,4.95,4.94,4.95,7495400.0
2018-01-26 14:35:58.426000,4.95,4.94,4.95,7495400.0
2018-01-26 14:36:01.214000,4.95,4.94,4.95,7495400.0
2018-01-26 14:36:04.215000,4.95,4.94,4.95,7495400.0
2018-01-26 14:36:07.212000,4.95,4.94,4.95,7495400.0
2018-01-26 14:36:10.654000,4.95,4.94,4.95,7495400.0
2018-01-26 14:36:13.950000,4.95,4.94,4.95,7495400.0
2018-01-26 14:36:16.979000,4.95,4.94,4.95,7495400.0
2018-01-26 14:36:20.153000,4.95,4.94,4.95,7495400.0
2018-01-26 14:36:23.340000,4.95,4.94,4.95,7495400.0
2018-01-26 14:36:26.306000,4.95,4.94,4.95,7495400.0
2018-01-26 14:36:29.485000,4.95,4.94,4.95,7495400.0
2018-01-26 14:36:32.460000,4.95,4.94,4.95,7495400.0
2018-01-26 14:36:35.444000,4.95,4.94,4.95,7495400.0
2018-01-26 14:36:38.423000,4.95,4.94,4.95,7495400.0
2018-01-26 14:36:41.639000,4.95,4.94,4.95,7495400.0
2018-01-26 14:36:45.030000,4.95,4.94,4.95,7495400.0
2018-01-26 14:36:48.061000,4.95,4.94,4.95,7495400.0
2018-01-26 14:36:51.651000,4.95,4.94,4.95,7495400.0
2018-01-26 14:36:54.713000,4.95,4.94,4.95,7495400.0
2018-01-26 14:36:58.072000,4.95,4.94,4.95,7495400.0
2018-01-26 14:37:00.997000,4.95,4.94,4.95,7495400.0
2018-01-26 14:37:06.666000,4.95,4.94,4.95,7495400.0
2018-01-26 14:37:09.592000,4.95,4.94,4.95,7495400.0
2018-01-26 14:37:12.562000,4.95,4.94,4.95,7495400.0
2018-01-26 14:37:15.574000,4.95,4.94,4.95,7495400.0
2018-01-26 14:37:19.896000,4.95,4.94,4.95,7495400.0
2018-01-26 14:37:22.927000,4.95,4.94,4.95,7495400.0
2018-01-26 14:37:25.925000,4.95,4.94,4.95,7495400.0
2018-01-26 14:37:28.749000,4.95,4.94,4.95,7495400.0
2018-01-26 14:37:31.893000,4.95,4.94,4.95,7495400.0
2018-01-26 14:37:35.069000,4.95,4.94,4.95,7495400.0
2018-01-26 14:37:38.342000,4.95,4.94,4.95,7495400.0
2018-01-26 14:37:41.294000,4.95,4.94,4.95,7495400.0
2018-01-26 14:37:44.675000,4.95,4.94,4.95,7495400.0
2018-01-26 14:37:47.794000,4.95,4.94,4.95,7495400.0
2018-01-26 14:37:51.075000,4.95,4.94,4.95,7495400.0
2018-01-26 14:37:53.955000,4.95,4.94,4.95,7495400.0
2018-01-26 14:37:56.957000,4.94,4.94,4.95,7575900.0
2018-01-26 14:38:00.054000,4.94,4.94,4.95,7575900.0
2018-01-26 14:38:04.983000,4.94,4.94,4.95,7631900.0
2018-01-26 14:38:07.880000,4.94,4.94,4.95,7631900.0
2018-01-26 14:38:11.596000,4.94,4.94,4.95,7631900.0
2018-01-26 14:38:14.765000,4.94,4.94,4.95,7631900.0
2018-01-26 14:38:17.985000,4.94,4.94,4.95,7631900.0
2018-01-26 14:38:20.836000,4.94,4.94,4.95,7631900.0
2018-01-26 14:38:24.261000,4.94,4.94,4.95,7631900.0
2018-01-26 14:38:27.414000,4.94,4.94,4.95,7631900.0
2018-01-26 14:38:30.563000,4.94,4.94,4.95,7631900.0
2018-01-26 14:38:33.481000,4.94,4.94,4.95,7631900.0
2018-01-26 14:38:36.576000,4.94,4.94,4.95,7631900.0
2018-01-26 14:38:39.800000,4.94,4.94,4.95,7631900.0
2018-01-26 14:38:42.820000,4.94,4.94,4.95,7631900.0
2018-01-26 14:38:45.973000,4.94,4.94,4.95,7631900.0
2018-01-26 14:38:49.058000,4.94,4.94,4.95,7631900.0
2018-01-26 14:38:52.176000,4.94,4.94,4.95,7631900.0
2018-01-26 14:38:55.318000,4.94,4.94,4.95,7631900.0
2018-01-26 14:38:58.408000,4.94,4.94,4.95,7631900.0
2018-01-26 14:39:01.577000,4.94,4.94,4.95,7631900.0
2018-01-26 14:39:04.606000,4.94,4.94,4.95,7631900.0
2018-01-26 14:39:07.780000,4.94,4.94,4.95,7631900.0
2018-01-26 14:39:10.846000,4.94,4.94,4.95,7631900.0
2018-01-26 14:39:13.863000,4.94,4.94,4.95,7631900.0
2018-01-26 14:39:16.858000,4.94,4.94,4.95,7631900.0
2018-01-26 14:39:19.764000,4.94,4.94,4.95,7631900.0
2018-01-26 14:39:22.936000,4.94,4.94,4.95,7631900.0
2018-01-26 14:39:25.862000,4.94,4.94,4.95,7631900.0
2018-01-26 14:39:28.713000,4.94,4.94,4.95,7631900.0
2018-01-26 14:39:31.769000,4.94,4.94,4.95,7631900.0
2018-01-26 14:39:34.991000,4.94,4.94,4.95,7631900.0
2018-01-26 14:39:38.082000,4.94,4.94,4.95,7631900.0
2018-01-26 14:39:41.220000,4.94,4.94,4.95,7631900.0
2018-01-26 14:39:44.288000,4.94,4.94,4.95,7631900.0
2018-01-26 14:39:47.079000,4.94,4.94,4.95,7631900.0
2018-01-26 14:39:50.249000,4.94,4.94,4.95,7631900.0
2018-01-26 14:39:53.332000,4.94,4.94,4.95,7631900.0
2018-01-26 14:39:56.266000,4.94,4.94,4.95,7631900.0
2018-01-26 14:39:59.359000,4.94,4.94,4.95,7631900.0
2018-01-26 14:40:02.374000,4.94,4.94,4.95,7631900.0
2018-01-26 14:40:05.343000,4.94,4.94,4.95,7631900.0
2018-01-26 14:40:08.445000,4.94,4.94,4.95,7631900.0
2018-01-26 14:40:11.726000,4.94,4.94,4.95,7631900.0
2018-01-26 14:40:14.816000,4.94,4.94,4.95,7641900.0
2018-01-26 14:40:17.757000,4.94,4.94,4.95,7641900.0
