time,price,bid,ask,volume
2018-01-29 09:41:33.968000,4.91,4.91,4.92,3366300.0
2018-01-29 09:41:36.571000,4.91,4.91,4.92,3366300.0
2018-01-29 09:41:39.446000,4.91,4.91,4.92,3366300.0
2018-01-29 09:41:42.170000,4.91,4.91,4.92,3366300.0
2018-01-29 09:41:44.923000,4.91,4.91,4.92,3366300.0
2018-01-29 09:41:47.508000,4.91,4.91,4.92,3366300.0
2018-01-29 09:41:50.012000,4.91,4.91,4.92,3366300.0
2018-01-29 09:41:52.704000,4.91,4.91,4.92,3366300.0
2018-01-29 09:41:55.318000,4.91,4.91,4.92,3366300.0
2018-01-29 09:41:58.007000,4.91,4.91,4.92,3366300.0
2018-01-29 09:42:00.708000,4.91,4.91,4.92,3366300.0
2018-01-29 09:42:03.341000,4.91,4.91,4.92,3366300.0
2018-01-29 09:42:05.898000,4.91,4.91,4.92,3786300.0
2018-01-29 09:42:08.598000,4.91,4.91,4.92,3786300.0
2018-01-29 09:42:11.549000,4.91,4.91,4.92,3786300.0
2018-01-29 09:42:13.955000,4.91,4.91,4.92,3786300.0
2018-01-29 09:42:16.491000,4.91,4.91,4.92,3786300.0
2018-01-29 09:42:18.753000,4.91,4.91,4.92,3786300.0
2018-01-29 09:42:21.179000,4.91,4.91,4.92,3786300.0
2018-01-29 09:42:23.925000,4.91,4.91,4.92,3786300.0
2018-01-29 09:42:26.618000,4.91,4.91,4.92,3786300.0
2018-01-29 09:42:29.133000,4.91,4.91,4.92,3786300.0
2018-01-29 09:42:32.056000,4.91,4.91,4.92,3786300.0
2018-01-29 09:42:34.645000,4.91,4.91,4.92,3786300.0
2018-01-29 09:42:37.544000,4.91,4.91,4.92,3786300.0
2018-01-29 09:42:40.047000,4.91,4.91,4.92,3786300.0
2018-01-29 09:42:42.704000,4.91,4.91,4.92,3786300.0
2018-01-29 09:42:45.691000,4.91,4.91,4.92,3786300.0
2018-01-29 09:42:48.190000,4.91,4.91,4.92,3786300.0
2018-01-29 09:42:50.850000,4.91,4.91,4.92,3786300.0
2018-01-29 09:42:53.391000,4.91,4.91,4.92,3786300.0
2018-01-29 09:42:55.971000,4.91,4.91,4.92,3786300.0
2018-01-29 09:42:58.696000,4.91,4.91,4.92,3786300.0
2018-01-29 09:43:01.325000,4.91,4.91,4.92,3786300.0
2018-01-29 09:43:03.721000,4.91,4.91,4.92,3786300.0
2018-01-29 09:43:06.293000,4.91,4.91,4.92,3786300.0
2018-01-29 09:43:08.942000,4.91,4.91,4.92,3786300.0
2018-01-29 09:43:11.480000,4.91,4.91,4.92,3786300.0
2018-01-29 09:43:14.001000,4.91,4.91,4.92,3786300.0
2018-01-29 09:43:16.614000,4.91,4.91,4.92,3786300.0
2018-01-29 09:43:19.597000,4.91,4.91,4.92,3786300.0
2018-01-29 09:43:22.003000,4.91,4.91,4.92,3786300.0
2018-01-29 09:43:24.555000,4.91,4.91,4.92,4126300.0
2018-01-29 09:43:27.045000,4.91,4.91,4.92,4126300.0
2018-01-29 09:43:29.629000,4.91,4.91,4.92,4126300.0
2018-01-29 09:43:32.362000,4.91,4.91,4.92,4126300.0
2018-01-29 09:43:34.988000,4.91,4.91,4.92,4126300.0
2018-01-29 09:43:37.613000,4.91,4.91,4.92,4126300.0
2018-01-29 09:43:43.125000,4.92,4.92,4.93,5316300.0
2018-01-29 09:43:45.710000,4.92,4.92,4.93,5316300.0
2018-01-29 09:43:48.176000,4.92,4.92,4.93,5316300.0
2018-01-29 09:43:50.711000,4.92,4.92,4.93,5316300.0
2018-01-29 09:43:53.093000,4.92,4.92,4.93,5316300.0
2018-01-29 09:43:55.456000,4.92,4.92,4.93,5316300.0
2018-01-29 09:43:57.924000,4.92,4.92,4.93,5316300.0
2018-01-29 09:44:00.270000,4.92,4.92,4.93,5316300.0
2018-01-29 09:44:02.894000,4.92,4.92,4.93,5316300.0
2018-01-29 09:44:05.461000,4.92,4.92,4.93,5316300.0
2018-01-29 09:44:07.812000,4.92,4.92,4.93,5316300.0
2018-01-29 09:44:10.634000,4.92,4.92,4.93,5316300.0
2018-01-29 09:44:12.968000,4.92,4.92,4.93,5316300.0
2018-01-29 09:44:15.503000,4.92,4.92,4.93,5316300.0
2018-01-29 09:44:17.847000,4.92,4.92,4.93,5316300.0
2018-01-29 09:44:20.585000,4.92,4.92,4.93,5316300.0
2018-01-29 09:44:22.939000,4.92,4.92,4.93,5316300.0
2018-01-29 09:44:25.527000,4.92,4.92,4.93,5316300.0
2018-01-29 09:44:28.205000,4.92,4.92,4.93,5316300.0
2018-01-29 09:44:30.587000,4.92,4.92,4.93,5316300.0
2018-01-29 09:44:47.907000,4.92,4.91,4.92,5336300.0
2018-01-29 09:44:50.446000,4.92,4.91,4.92,5336300.0
2018-01-29 09:44:53.032000,4.92,4.91,4.92,5336300.0
2018-01-29 09:44:55.739000,4.92,4.91,4.92,5336300.0
2018-01-29 09:44:58.407000,4.92,4.91,4.92,5336300.0
2018-01-29 09:45:00.869000,4.92,4.91,4.92,5336300.0
2018-01-29 09:45:03.406000,4.92,4.91,4.92,5336300.0
2018-01-29 09:45:05.756000,4.92,4.91,4.92,5336300.0
2018-01-29 09:45:08.237000,4.92,4.91,4.92,5336300.0
2018-01-29 09:45:10.852000,4.92,4.91,4.92,5336300.0
2018-01-29 09:45:13.724000,4.92,4.91,4.92,5336300.0
2018-01-29 09:45:16.305000,4.92,4.91,4.92,5336300.0
2018-01-29 09:45:19.036000,4.92,4.91,4.92,5336300.0
2018-01-29 09:45:21.633000,4.92,4.91,4.92,5336300.0
2018-01-29 09:45:24.146000,4.92,4.91,4.92,5336300.0
2018-01-29 09:45:26.728000,4.92,4.91,4.92,5336300.0
2018-01-29 09:45:33.175000,,,,
2018-01-29 09:45:35.617000,4.92,4.91,4.92,5336300.0
2018-01-29 09:45:38.145000,4.92,4.91,4.92,5336300.0
2018-01-29 09:45:40.589000,4.92,4.91,4.92,5336300.0
2018-01-29 09:45:43.128000,4.92,4.91,4.92,5336300.0
2018-01-29 09:45:45.302000,4.92,4.91,4.92,5336300.0
2018-01-29 09:45:47.893000,4.92,4.91,4.92,5336300.0
2018-01-29 09:45:50.175000,4.92,4.91,4.92,5336300.0
2018-01-29 09:45:56.553000,4.92,4.91,4.92,5338300.0
2018-01-29 09:45:58.972000,4.92,4.91,4.92,5338300.0
2018-01-29 09:46:01.689000,4.92,4.91,4.92,5338300.0
2018-01-29 09:46:04.187000,4.92,4.91,4.92,5338300.0
2018-01-29 09:46:06.658000,4.92,4.91,4.92,5338300.0
2018-01-29 09:46:09.435000,4.92,4.91,4.92,5338300.0
2018-01-29 09:46:14.351000,4.92,4.91,4.92,5338300.0
2018-01-29 09:46:16.849000,4.92,4.91,4.92,5338300.0
2018-01-29 09:46:19.775000,4.92,4.91,4.92,5338300.0
2018-01-29 09:46:22.220000,4.92,4.91,4.92,5338300.0
2018-01-29 09:46:25.184000,4.92,4.91,4.92,5338300.0
2018-01-29 09:46:27.597000,4.92,4.91,4.92,5338300.0
2018-01-29 09:46:30.310000,4.92,4.91,4.92,5338300.0
2018-01-29 09:46:32.911000,4.92,4.91,4.92,5338300.0
2018-01-29 09:46:35.430000,4.92,4.91,4.92,5338300.0
2018-01-29 09:46:37.927000,4.92,4.91,4.92,5338300.0
2018-01-29 09:46:40.447000,4.92,4.91,4.92,5338300.0
2018-01-29 09:46:43.066000,4.92,4.91,4.92,5338300.0
2018-01-29 09:46:45.633000,4.92,4.91,4.92,5338300.0
2018-01-29 09:46:49.100000,4.92,4.91,4.92,5338300.0
2018-01-29 09:46:51.495000,4.92,4.91,4.92,5338300.0
2018-01-29 09:46:54.258000,4.92,4.91,4.92,5338300.0
2018-01-29 09:46:56.803000,4.92,4.91,4.92,5338300.0
2018-01-29 09:46:59.159000,4.92,4.91,4.92,5338300.0
2018-01-29 09:47:01.550000,4.92,4.91,4.92,5343300.0
2018-01-29 09:47:04.291000,4.92,4.91,4.92,5343300.0
2018-01-29 09:47:06.629000,4.92,4.91,4.92,5343300.0
2018-01-29 09:47:09.153000,4.92,4.91,4.92,5343300.0
2018-01-29 09:47:11.521000,4.92,4.91,4.92,5343300.0
2018-01-29 09:47:14.133000,4.92,4.91,4.92,5343300.0
2018-01-29 09:47:16.718000,4.92,4.91,4.92,5343300.0
2018-01-29 09:47:19.210000,4.92,4.91,4.92,5343300.0
2018-01-29 09:47:21.414000,4.92,4.91,4.92,5343300.0
2018-01-29 09:47:23.821000,4.92,4.91,4.92,5343300.0
2018-01-29 09:47:26.231000,4.92,4.91,4.92,5343300.0
2018-01-29 09:47:28.696000,4.92,4.91,4.92,5343300.0
2018-01-29 09:47:31.212000,4.92,4.91,4.92,5343300.0
2018-01-29 09:47:33.707000,4.92,4.91,4.92,5343300.0
2018-01-29 09:47:36.157000,4.92,4.91,4.92,5343300.0
2018-01-29 09:47:38.555000,4.92,4.91,4.92,5343300.0
2018-01-29 09:47:40.980000,4.92,4.91,4.92,5343300.0
2018-01-29 09:47:43.506000,4.92,4.91,4.92,5468300.0
2018-01-29 09:47:46.005000,4.92,4.91,4.92,5468300.0
2018-01-29 09:47:48.380000,4.92,4.91,4.92,5468300.0
2018-01-29 09:47:50.806000,4.92,4.91,4.92,5468300.0
2018-01-29 09:47:53.334000,4.92,4.91,4.93,5468300.0
2018-01-29 09:47:55.780000,4.92,4.91,4.93,5468300.0
2018-01-29 09:47:58.194000,4.92,4.91,4.93,5468300.0
2018-01-29 09:48:00.541000,4.92,4.91,4.93,5468300.0
2018-01-29 09:48:02.973000,4.92,4.91,4.93,5468300.0
2018-01-29 09:48:05.367000,4.92,4.91,4.93,5468300.0
2018-01-29 09:48:07.786000,4.92,4.91,4.93,5468300.0
2018-01-29 09:48:10.403000,4.92,4.91,4.93,5468300.0
2018-01-29 09:48:12.866000,4.92,4.91,4.93,5468300.0
2018-01-29 09:48:15.125000,4.92,4.91,4.93,5468300.0
2018-01-29 09:48:17.898000,4.92,4.91,4.93,5468300.0
2018-01-29 09:48:20.432000,4.92,4.91,4.93,5468300.0
2018-01-29 09:48:22.990000,4.92,4.91,4.93,5468300.0
2018-01-29 09:48:25.449000,4.92,4.91,4.93,5468300.0
2018-01-29 09:48:27.944000,4.92,4.91,4.93,5468300.0
2018-01-29 09:48:30.370000,4.92,4.91,4.93,5468300.0
2018-01-29 09:48:32.882000,4.92,4.91,4.93,5468300.0
2018-01-29 09:48:35.369000,4.92,4.91,4.93,5468300.0
2018-01-29 09:48:37.943000,4.92,4.91,4.93,5468300.0
2018-01-29 09:48:40.294000,4.92,4.91,4.93,5468300.0
2018-01-29 09:48:42.789000,4.92,4.91,4.93,5468300.0
2018-01-29 09:48:45.528000,4.92,4.91,4.93,5468300.0
2018-01-29 09:48:48.132000,4.92,4.91,4.93,5468300.0
2018-01-29 09:48:50.912000,4.92,4.91,4.93,5468300.0
2018-01-29 09:48:53.304000,4.92,4.91,4.93,5468300.0
2018-01-29 09:48:55.629000,4.92,4.91,4.93,5468300.0
2018-01-29 09:48:58.038000,4.92,4.91,4.92,5471300.0
2018-01-29 09:49:00.482000,4.92,4.91,4.92,5471300.0
2018-01-29 09:49:03.084000,4.92,4.91,4.92,5471300.0
2018-01-29 09:49:05.582000,4.92,4.91,4.92,5471300.0
2018-01-29 09:49:08.146000,4.92,4.91,4.92,5471300.0
2018-01-29 09:49:10.509000,4.92,4.91,4.92,5471300.0
2018-01-29 09:49:13.039000,4.92,4.91,4.92,5471300.0
2018-01-29 09:49:15.496000,4.92,4.91,4.92,5471300.0
2018-01-29 09:49:18.071000,4.92,4.91,4.92,5471300.0
2018-01-29 09:49:20.777000,4.92,4.91,4.92,5471300.0
2018-01-29 09:49:23.448000,4.92,4.91,4.92,5471300.0
2018-01-29 09:49:26.076000,4.92,4.91,4.92,5471300.0
2018-01-29 09:49:28.399000,4.92,4.91,4.92,5471300.0
2018-01-29 09:49:35.024000,4.92,4.91,4.92,5471300.0
2018-01-29 09:49:38.350000,4.92,4.91,4.92,5471300.0
2018-01-29 09:49:41.526000,4.92,4.91,4.92,5471300.0
2018-01-29 09:49:44.620000,4.92,4.91,4.92,5471300.0
2018-01-29 09:49:47.882000,4.92,4.91,4.92,5471300.0
2018-01-29 09:49:50.808000,4.92,4.91,4.92,5471300.0
2018-01-29 09:49:53.621000,4.92,4.91,4.92,5471300.0
2018-01-29 09:49:56.641000,4.92,4.91,4.92,5471300.0
2018-01-29 09:49:59.713000,4.92,4.91,4.92,5471300.0
2018-01-29 09:50:02.434000,4.92,4.91,4.92,5471300.0
2018-01-29 09:50:05.339000,4.92,4.91,4.92,5471300.0
2018-01-29 09:50:10.092000,4.92,4.91,4.92,5471300.0
2018-01-29 09:50:13.009000,4.92,4.91,4.92,5471300.0
2018-01-29 09:50:15.776000,4.92,4.91,4.92,5471300.0
2018-01-29 09:50:18.730000,4.92,4.91,4.92,5471300.0
2018-01-29 09:50:23.320000,4.92,4.91,4.92,5471300.0
2018-01-29 09:50:26.594000,4.92,4.91,4.92,5471300.0
2018-01-29 09:50:29.497000,4.92,4.91,4.92,5471300.0
2018-01-29 09:50:32.190000,4.92,4.91,4.92,5472300.0
2018-01-29 09:50:35.033000,4.92,4.91,4.92,5472300.0
2018-01-29 09:50:37.853000,4.92,4.91,4.92,5472300.0
2018-01-29 09:50:40.819000,4.92,4.91,4.92,5472300.0
2018-01-29 09:50:43.867000,4.92,4.91,4.92,5472300.0
2018-01-29 09:50:46.995000,4.92,4.91,4.92,5472300.0
2018-01-29 09:50:50.752000,4.92,4.91,4.92,5472300.0
2018-01-29 09:50:53.747000,4.92,4.91,4.92,5472300.0
2018-01-29 09:50:56.810000,4.92,4.91,4.92,5472300.0
2018-01-29 09:50:59.890000,4.92,4.91,4.92,5472300.0
2018-01-29 09:51:02.962000,4.92,4.91,4.92,5472300.0
2018-01-29 09:51:05.888000,4.92,4.91,4.92,5472300.0
2018-01-29 09:51:08.980000,4.92,4.91,4.92,5472300.0
2018-01-29 09:51:11.891000,4.92,4.91,4.92,5472300.0
2018-01-29 09:51:15.325000,4.92,4.91,4.92,5472300.0
2018-01-29 09:51:18.337000,4.92,4.91,4.92,5472300.0
2018-01-29 09:51:21.248000,4.92,4.91,4.92,5472300.0
2018-01-29 09:51:24.028000,4.92,4.91,4.92,5472300.0
2018-01-29 09:51:26.860000,4.92,4.91,4.92,5472300.0
2018-01-29 09:51:29.674000,4.92,4.91,4.92,5472300.0
2018-01-29 09:51:32.755000,4.92,4.91,4.92,5472300.0
2018-01-29 09:51:35.657000,4.92,4.91,4.92,5472300.0
2018-01-29 09:51:38.661000,4.92,4.91,4.92,5472300.0
2018-01-29 09:51:41.468000,4.92,4.91,4.92,5472300.0
2018-01-29 09:51:44.622000,4.92,4.91,4.92,5472300.0
2018-01-29 09:51:47.492000,4.92,4.91,4.92,5472300.0
2018-01-29 09:51:50.245000,4.92,4.91,4.92,5472300.0
2018-01-29 09:51:53.306000,4.92,4.91,4.92,5472300.0
2018-01-29 09:51:56.125000,4.92,4.91,4.92,5472300.0
2018-01-29 09:51:59.041000,4.92,4.91,4.92,5472300.0
2018-01-29 09:52:02.036000,4.92,4.91,4.92,5472300.0
2018-01-29 09:52:05.056000,4.92,4.91,4.92,5472300.0
2018-01-29 09:52:07.981000,4.92,4.91,4.92,5472300.0
2018-01-29 09:52:10.984000,4.92,4.91,4.92,5472300.0
2018-01-29 09:52:13.995000,4.92,4.91,4.92,5472300.0
2018-01-29 09:52:16.753000,4.92,4.91,4.92,5472300.0
2018-01-29 09:52:19.544000,4.92,4.91,4.92,5472300.0
2018-01-29 09:52:22.378000,4.92,4.91,4.92,5472300.0
2018-01-29 09:52:25.214000,4.92,4.91,4.92,5472300.0
2018-01-29 09:52:27.924000,4.92,4.91,4.92,5472300.0
2018-01-29 09:52:30.765000,4.92,4.91,4.92,5472300.0
2018-01-29 09:52:33.436000,4.92,4.91,4.92,5472300.0
2018-01-29 09:52:36.050000,4.92,4.91,4.92,5472300.0
2018-01-29 09:52:38.945000,4.92,4.91,4.92,5472300.0
2018-01-29 09:52:42.171000,4.92,4.91,4.92,5472300.0
2018-01-29 09:52:45.171000,4.92,4.91,4.92,5472300.0
2018-01-29 09:52:48.051000,4.92,4.91,4.92,5472300.0
2018-01-29 09:52:50.876000,4.92,4.91,4.92,5472300.0
2018-01-29 09:52:53.635000,4.92,4.91,4.92,5472300.0
2018-01-29 09:52:56.507000,4.92,4.91,4.92,5472300.0
2018-01-29 09:52:59.405000,4.92,4.91,4.92,5472300.0
2018-01-29 09:53:02.254000,4.92,4.91,4.92,5472300.0
2018-01-29 09:53:05.186000,4.92,4.91,4.92,5472300.0
2018-01-29 09:53:08.182000,4.92,4.91,4.92,5472300.0
2018-01-29 09:53:10.930000,4.92,4.91,4.92,5472300.0
2018-01-29 09:53:13.827000,4.92,4.91,4.92,5472300.0
2018-01-29 09:53:16.591000,4.92,4.91,4.92,5472300.0
2018-01-29 09:53:19.374000,4.92,4.91,4.92,5472300.0
2018-01-29 09:53:22.326000,4.92,4.91,4.92,5472300.0
2018-01-29 09:53:25.467000,4.92,4.91,4.92,5472300.0
2018-01-29 09:53:28.340000,4.92,4.91,4.92,5473500.0
2018-01-29 09:53:31.322000,4.92,4.91,4.92,5473500.0
2018-01-29 09:53:34.451000,4.92,4.91,4.92,5473500.0
2018-01-29 09:53:37.504000,4.92,4.91,4.92,5473500.0
2018-01-29 09:53:40.628000,4.92,4.91,4.92,5473500.0
2018-01-29 09:53:43.573000,4.92,4.91,4.92,5473500.0
2018-01-29 09:53:46.541000,4.92,4.91,4.92,5473500.0
2018-01-29 09:53:49.504000,4.92,4.91,4.92,5473500.0
2018-01-29 09:53:52.473000,4.92,4.91,4.92,5473500.0
2018-01-29 09:53:55.488000,4.92,4.91,4.92,5473500.0
2018-01-29 09:53:59,4.92,4.91,4.92,5473500.0
2018-01-29 09:54:02.161000,4.92,4.91,4.92,5473500.0
2018-01-29 09:54:05.020000,4.92,4.91,4.92,5473500.0
2018-01-29 09:54:07.998000,4.92,4.91,4.92,5473500.0
2018-01-29 09:54:11.225000,4.92,4.91,4.92,5473500.0
2018-01-29 09:54:14.137000,4.92,4.91,4.92,5473500.0
2018-01-29 09:54:17.181000,4.92,4.91,4.92,5473500.0
2018-01-29 09:54:20.204000,4.92,4.91,4.92,5473500.0
2018-01-29 09:54:23.262000,4.92,4.91,4.92,5488800.0
2018-01-29 09:54:26.172000,4.92,4.91,4.92,5488800.0
2018-01-29 09:54:29.295000,4.92,4.91,4.92,5488800.0
2018-01-29 09:54:32.413000,4.92,4.91,4.92,5488800.0
2018-01-29 09:54:35.580000,4.92,4.91,4.92,5488800.0
2018-01-29 09:54:38.683000,4.92,4.91,4.92,5488800.0
2018-01-29 09:54:41.676000,4.92,4.91,4.92,5488800.0
2018-01-29 09:54:44.531000,4.92,4.91,4.92,5488800.0
2018-01-29 09:54:47.534000,4.92,4.91,4.92,5488800.0
2018-01-29 09:54:50.970000,4.92,4.91,4.92,5488800.0
2018-01-29 09:54:54.414000,4.92,4.91,4.92,5488800.0
2018-01-29 09:54:57.579000,4.92,4.91,4.92,5488800.0
2018-01-29 09:55:00.506000,4.92,4.91,4.92,5488800.0
2018-01-29 09:55:03.280000,4.92,4.91,4.92,5488800.0
2018-01-29 09:55:06.558000,4.92,4.91,4.92,5488800.0
2018-01-29 09:55:10.793000,4.92,4.91,4.92,5488800.0
2018-01-29 09:55:13.614000,4.92,4.91,4.92,5488800.0
2018-01-29 09:55:16.336000,4.92,4.91,4.92,5488800.0
2018-01-29 09:55:19.410000,4.92,4.91,4.92,5488800.0
2018-01-29 09:55:22.216000,4.92,4.91,4.92,5488800.0
2018-01-29 09:55:24.931000,4.92,4.91,4.92,5488800.0
2018-01-29 09:55:27.902000,4.92,4.91,4.92,5488800.0
2018-01-29 09:55:30.640000,4.92,4.91,4.92,5488800.0
2018-01-29 09:55:33.444000,4.92,4.91,4.92,5488800.0
2018-01-29 09:55:36.789000,4.91,4.9,4.92,5517100.0
2018-01-29 09:55:39.594000,4.91,4.9,4.92,5517100.0
2018-01-29 09:55:42.579000,4.91,4.9,4.92,5517100.0
2018-01-29 09:55:45.300000,4.91,4.9,4.92,5517100.0
2018-01-29 09:55:48.155000,4.91,4.9,4.92,5517100.0
2018-01-29 09:55:51.018000,4.91,4.9,4.92,5517100.0
2018-01-29 09:55:53.846000,4.91,4.9,4.92,5517100.0
2018-01-29 09:55:56.831000,4.91,4.9,4.92,5517100.0
2018-01-29 09:56:00.083000,4.91,4.9,4.92,5517100.0
2018-01-29 09:56:02.994000,4.91,4.9,4.92,5517100.0
2018-01-29 09:56:05.941000,4.91,4.9,4.92,5517100.0
2018-01-29 09:56:09.080000,4.91,4.9,4.92,5517100.0
2018-01-29 09:56:11.879000,4.91,4.9,4.92,5517100.0
2018-01-29 09:56:14.933000,4.91,4.9,4.92,5517100.0
2018-01-29 09:56:17.894000,4.91,4.9,4.92,5517100.0
2018-01-29 09:56:20.785000,4.91,4.9,4.92,5517100.0
2018-01-29 09:56:23.602000,4.91,4.9,4.92,5517100.0
2018-01-29 09:56:26.802000,4.91,4.9,4.92,5517100.0
2018-01-29 09:56:29.705000,4.91,4.9,4.92,5517100.0
2018-01-29 09:56:32.792000,4.91,4.9,4.92,5517100.0
2018-01-29 09:56:35.862000,4.91,4.9,4.92,5517100.0
2018-01-29 09:56:38.686000,4.91,4.9,4.92,5517100.0
2018-01-29 09:56:41.672000,4.91,4.9,4.92,5517100.0
2018-01-29 09:56:44.540000,4.91,4.9,4.92,5517100.0
2018-01-29 09:56:47.193000,4.91,4.9,4.92,5517100.0
2018-01-29 09:56:49.849000,4.91,4.9,4.92,5517100.0
2018-01-29 09:56:52.787000,4.91,4.91,4.92,5521600.0
2018-01-29 09:56:56.831000,4.91,4.91,4.92,5521600.0
2018-01-29 09:57:00.847000,4.91,4.91,4.92,5521600.0
2018-01-29 09:57:05.204000,4.91,4.91,4.92,5521600.0
2018-01-29 09:57:09.173000,4.91,4.91,4.92,5521600.0
2018-01-29 09:57:13.147000,4.91,4.91,4.92,5521600.0
2018-01-29 09:57:17.825000,4.91,4.91,4.92,5521600.0
2018-01-29 09:57:21.756000,4.91,4.91,4.92,5521600.0
2018-01-29 09:57:26.244000,4.91,4.91,4.92,5521600.0
2018-01-29 09:57:30.337000,4.91,4.91,4.92,5521600.0
2018-01-29 09:57:34.485000,4.91,4.91,4.92,5521600.0
2018-01-29 09:57:39.314000,4.91,4.91,4.92,5521600.0
2018-01-29 09:57:45.106000,4.91,4.91,4.92,5521600.0
2018-01-29 09:57:49.891000,4.91,4.91,4.92,5521600.0
2018-01-29 09:57:55.459000,4.91,4.91,4.92,5521600.0
2018-01-29 09:57:59.834000,4.91,4.91,4.92,5521600.0
2018-01-29 09:58:03.845000,4.91,4.91,4.92,5521600.0
2018-01-29 09:58:08.274000,4.91,4.91,4.92,5521600.0
2018-01-29 09:58:12.388000,4.91,4.91,4.92,5521600.0
2018-01-29 09:58:16.449000,4.91,4.91,4.92,5521600.0
2018-01-29 09:58:20.583000,4.91,4.91,4.92,5521600.0
2018-01-29 09:58:25.272000,4.91,4.91,4.92,5521600.0
2018-01-29 09:58:29.266000,4.91,4.91,4.92,5521600.0
2018-01-29 09:58:33.705000,4.91,4.91,4.92,5521600.0
2018-01-29 09:58:38.180000,4.91,4.91,4.92,5521600.0
2018-01-29 09:58:42.868000,4.91,4.91,4.92,5521600.0
2018-01-29 09:58:47.714000,4.91,4.91,4.92,5521600.0
2018-01-29 09:58:52.494000,4.91,4.91,4.92,5521600.0
2018-01-29 09:58:57.199000,4.91,4.91,4.92,5521600.0
2018-01-29 09:59:02.848000,4.91,4.91,4.92,5521600.0
2018-01-29 09:59:07.264000,4.91,4.91,4.92,5521600.0
2018-01-29 09:59:11.404000,4.91,4.91,4.92,5521600.0
2018-01-29 09:59:14.725000,4.91,4.91,4.92,5521600.0
2018-01-29 09:59:17.741000,4.91,4.91,4.92,5521600.0
2018-01-29 09:59:20.545000,4.91,4.91,4.92,5521600.0
2018-01-29 09:59:23.349000,4.91,4.91,4.92,5521600.0
2018-01-29 09:59:26.144000,4.91,4.91,4.92,5521600.0
2018-01-29 09:59:29.049000,4.91,4.91,4.92,5521600.0
2018-01-29 09:59:31.854000,4.91,4.91,4.92,5521600.0
2018-01-29 09:59:34.815000,4.91,4.91,4.92,5521600.0
2018-01-29 09:59:37.693000,4.91,4.91,4.92,5521600.0
2018-01-29 09:59:40.348000,4.91,4.91,4.92,5521600.0
2018-01-29 09:59:43.200000,4.91,4.91,4.92,5521600.0
2018-01-29 09:59:46.374000,4.91,4.91,4.92,5521600.0
2018-01-29 09:59:49.128000,4.91,4.91,4.92,5521600.0
2018-01-29 09:59:51.881000,4.91,4.91,4.92,5521600.0
2018-01-29 09:59:54.737000,4.91,4.91,4.92,5521600.0
2018-01-29 09:59:57.728000,4.91,4.91,4.92,5521600.0
2018-01-29 10:00:00.508000,4.91,4.91,4.92,5521600.0
2018-01-29 10:00:03.324000,4.91,4.91,4.92,5521600.0
2018-01-29 10:00:06.352000,4.91,4.91,4.92,5521600.0
2018-01-29 10:00:09.300000,4.91,4.91,4.92,5521600.0
2018-01-29 10:00:12.168000,4.91,4.91,4.92,5521600.0
2018-01-29 10:00:14.992000,4.91,4.91,4.92,5521600.0
2018-01-29 10:00:17.777000,4.91,4.91,4.92,5521600.0
2018-01-29 10:00:20.540000,4.91,4.91,4.92,5521600.0
2018-01-29 10:00:23.427000,4.91,4.91,4.92,5521600.0
2018-01-29 10:00:26.512000,4.91,4.91,4.92,5521600.0
2018-01-29 10:00:29.679000,4.91,4.91,4.92,5521600.0
2018-01-29 10:00:32.623000,4.91,4.91,4.92,5521600.0
2018-01-29 10:00:35.508000,4.91,4.91,4.92,5521600.0
2018-01-29 10:00:38.317000,4.92,4.91,4.92,5526600.0
2018-01-29 10:00:41.805000,4.92,4.91,4.92,5526600.0
2018-01-29 10:00:44.699000,4.92,4.91,4.92,5526600.0
2018-01-29 10:00:47.514000,4.92,4.91,4.92,5526600.0
2018-01-29 10:00:50.398000,4.92,4.91,4.92,5526600.0
2018-01-29 10:00:53.370000,4.92,4.91,4.92,5526600.0
2018-01-29 10:00:57.780000,4.92,4.91,4.92,5526600.0
2018-01-29 10:01:00.695000,4.92,4.91,4.92,5526600.0
2018-01-29 10:01:03.671000,4.92,4.91,4.92,5526600.0
2018-01-29 10:01:07.146000,4.92,4.91,4.92,5526600.0
2018-01-29 10:01:09.883000,4.92,4.91,4.92,5526600.0
2018-01-29 10:01:12.583000,4.92,4.91,4.92,5526600.0
2018-01-29 10:01:15.425000,4.92,4.91,4.92,5526600.0
2018-01-29 10:01:18.179000,4.92,4.91,4.92,5526600.0
2018-01-29 10:01:21.056000,4.92,4.91,4.92,5526600.0
2018-01-29 10:01:23.816000,4.92,4.91,4.92,5526600.0
2018-01-29 10:01:26.790000,4.92,4.91,4.92,5526600.0
2018-01-29 10:01:29.728000,4.92,4.91,4.92,5526600.0
2018-01-29 10:01:32.487000,4.92,4.91,4.92,5526600.0
2018-01-29 10:01:35.195000,4.92,4.91,4.92,5526600.0
2018-01-29 10:01:37.942000,4.92,4.91,4.92,5526600.0
2018-01-29 10:01:40.911000,4.92,4.91,4.92,5526600.0
2018-01-29 10:01:43.914000,4.92,4.91,4.92,5526600.0
2018-01-29 10:01:46.910000,4.92,4.91,4.92,5526600.0
2018-01-29 10:01:49.880000,4.92,4.91,4.92,5526600.0
2018-01-29 10:01:52.856000,4.92,4.91,4.92,5526600.0
2018-01-29 10:01:55.664000,4.92,4.91,4.92,5526600.0
2018-01-29 10:01:58.667000,4.92,4.91,4.92,5526600.0
2018-01-29 10:02:01.451000,4.92,4.91,4.92,5526600.0
2018-01-29 10:02:04.288000,4.92,4.91,4.92,5526600.0
2018-01-29 10:02:07.221000,4.92,4.91,4.92,5526600.0
2018-01-29 10:02:10.117000,4.92,4.91,4.92,5526600.0
2018-01-29 10:02:13.071000,4.92,4.91,4.92,5526600.0
2018-01-29 10:02:15.919000,4.92,4.91,4.92,5526600.0
2018-01-29 10:02:18.828000,4.92,4.91,4.92,5526600.0
2018-01-29 10:02:21.701000,4.92,4.91,4.92,5526600.0
2018-01-29 10:02:24.479000,4.92,4.91,4.92,5526600.0
2018-01-29 10:02:27.174000,4.92,4.91,4.92,5526600.0
2018-01-29 10:02:30.582000,4.92,4.91,4.92,5526600.0
2018-01-29 10:02:33.400000,4.92,4.91,4.92,5526600.0
2018-01-29 10:02:36.265000,4.92,4.91,4.92,5526600.0
2018-01-29 10:02:39.166000,4.92,4.91,4.92,5526600.0
2018-01-29 10:02:41.901000,4.92,4.91,4.92,5526600.0
2018-01-29 10:02:44.709000,4.92,4.91,4.92,5526600.0
2018-01-29 10:02:47.792000,4.92,4.91,4.92,5526600.0
2018-01-29 10:02:50.542000,4.91,4.91,4.92,5551100.0
2018-01-29 10:02:53.472000,4.91,4.91,4.92,5551100.0
2018-01-29 10:02:56.416000,4.91,4.91,4.92,5551100.0
2018-01-29 10:02:59.574000,4.91,4.91,4.92,5551100.0
2018-01-29 10:03:02.620000,4.91,4.91,4.92,5551100.0
2018-01-29 10:03:05.417000,4.91,4.91,4.92,5551100.0
2018-01-29 10:03:08.233000,4.91,4.91,4.92,5551100.0
2018-01-29 10:03:11.182000,4.91,4.91,4.92,5551100.0
2018-01-29 10:03:14.227000,4.91,4.91,4.92,5551100.0
2018-01-29 10:03:17.263000,4.91,4.91,4.92,5551100.0
2018-01-29 10:03:20.126000,4.91,4.91,4.92,5551100.0
2018-01-29 10:03:22.999000,4.91,4.91,4.92,5551100.0
2018-01-29 10:03:25.854000,4.91,4.91,4.92,5551100.0
2018-01-29 10:03:28.757000,4.91,4.91,4.92,5551100.0
2018-01-29 10:03:31.594000,4.91,4.91,4.92,5551100.0
2018-01-29 10:03:34.493000,4.91,4.91,4.92,5551100.0
2018-01-29 10:03:37.405000,4.91,4.91,4.92,5551100.0
2018-01-29 10:03:40.256000,4.91,4.91,4.92,5551100.0
2018-01-29 10:03:42.919000,4.91,4.91,4.92,5551100.0
2018-01-29 10:03:45.564000,4.91,4.91,4.92,5551100.0
2018-01-29 10:03:48.258000,4.91,4.91,4.92,5551100.0
2018-01-29 10:03:50.930000,4.91,4.91,4.92,5551100.0
2018-01-29 10:03:53.529000,4.91,4.91,4.92,5551100.0
2018-01-29 10:03:56.168000,4.91,4.91,4.92,5562900.0
2018-01-29 10:03:58.949000,4.91,4.91,4.92,5562900.0
2018-01-29 10:04:01.514000,4.91,4.91,4.92,5562900.0
2018-01-29 10:04:04.211000,4.91,4.91,4.92,5562900.0
2018-01-29 10:04:06.809000,4.91,4.91,4.92,5562900.0
2018-01-29 10:04:09.351000,4.91,4.91,4.92,5562900.0
2018-01-29 10:04:12.125000,4.91,4.91,4.92,5562900.0
2018-01-29 10:04:14.764000,4.91,4.91,4.92,5562900.0
2018-01-29 10:04:18.169000,4.91,4.91,4.92,5562900.0
2018-01-29 10:04:22.163000,4.91,4.91,4.92,5562900.0
2018-01-29 10:04:25.900000,4.91,4.91,4.92,5562900.0
2018-01-29 10:04:30.233000,4.91,4.91,4.92,5562900.0
2018-01-29 10:04:34.547000,4.91,4.91,4.92,5562900.0
2018-01-29 10:04:39.228000,4.91,4.91,4.92,5562900.0
2018-01-29 10:04:43.056000,4.91,4.91,4.92,5562900.0
2018-01-29 10:04:47.497000,4.91,4.91,4.92,5562900.0
2018-01-29 10:04:51.251000,4.91,4.91,4.92,5562900.0
2018-01-29 10:04:55.783000,4.91,4.91,4.92,5562900.0
2018-01-29 10:04:59.820000,4.91,4.91,4.92,5562900.0
2018-01-29 10:05:04.228000,4.91,4.91,4.92,5562900.0
2018-01-29 10:05:08.880000,4.91,4.91,4.92,5562900.0
2018-01-29 10:05:13.015000,4.91,4.91,4.92,5562900.0
2018-01-29 10:05:17.917000,4.91,4.91,4.92,5562900.0
2018-01-29 10:05:21.797000,4.91,4.91,4.92,5562900.0
2018-01-29 10:05:25.889000,4.91,4.91,4.92,5562900.0
2018-01-29 10:05:31.186000,4.91,4.91,4.92,5562900.0
2018-01-29 10:05:35.059000,4.91,4.91,4.92,5562900.0
2018-01-29 10:05:39.022000,4.91,4.91,4.92,5562900.0
2018-01-29 10:05:42.961000,4.91,4.91,4.92,5562900.0
2018-01-29 10:05:47.088000,4.91,4.91,4.92,5562900.0
2018-01-29 10:05:51.229000,4.91,4.91,4.92,5562900.0
2018-01-29 10:05:55.524000,4.92,4.91,4.92,5573900.0
2018-01-29 10:05:59.905000,4.92,4.91,4.92,5573900.0
2018-01-29 10:06:04.263000,4.92,4.91,4.92,5573900.0
2018-01-29 10:06:09.139000,4.92,4.91,4.92,5573900.0
2018-01-29 10:06:13.366000,4.92,4.91,4.92,5573900.0
2018-01-29 10:06:17.647000,4.92,4.91,4.92,5573900.0
2018-01-29 10:06:22.300000,4.92,4.91,4.92,5573900.0
2018-01-29 10:06:26.780000,4.92,4.91,4.92,5573900.0
2018-01-29 10:06:31.170000,4.92,4.91,4.92,5573900.0
2018-01-29 10:06:36.271000,4.92,4.91,4.92,5573900.0
2018-01-29 10:06:40.816000,4.92,4.91,4.92,5573900.0
2018-01-29 10:06:44.999000,4.92,4.91,4.92,5573900.0
2018-01-29 10:06:49.250000,4.92,4.91,4.92,5573900.0
2018-01-29 10:06:53.438000,4.92,4.91,4.92,5573900.0
2018-01-29 10:06:57.968000,4.92,4.91,4.92,5573900.0
2018-01-29 10:07:02.086000,4.92,4.91,4.92,5573900.0
2018-01-29 10:07:06.069000,4.92,4.91,4.92,5573900.0
2018-01-29 10:07:10.537000,4.92,4.91,4.92,5573900.0
2018-01-29 10:07:15.088000,4.92,4.91,4.92,5573900.0
2018-01-29 10:07:19.512000,4.92,4.91,4.92,5573900.0
2018-01-29 10:07:23.712000,4.92,4.91,4.92,5573900.0
2018-01-29 10:07:27.862000,4.92,4.91,4.92,5573900.0
2018-01-29 10:07:31.885000,4.92,4.91,4.92,5573900.0
2018-01-29 10:07:36.279000,4.92,4.91,4.92,5573900.0
2018-01-29 10:07:40.441000,4.92,4.91,4.92,5573900.0
2018-01-29 10:07:43.320000,4.92,4.91,4.92,5573900.0
2018-01-29 10:07:46.646000,4.92,4.91,4.92,5573900.0
2018-01-29 10:07:49.684000,4.92,4.91,4.92,5573900.0
2018-01-29 10:07:52.537000,4.92,4.91,4.92,5573900.0
2018-01-29 10:07:55.331000,4.92,4.91,4.92,5573900.0
2018-01-29 10:07:58.270000,4.92,4.91,4.92,5573900.0
2018-01-29 10:08:01.265000,4.92,4.91,4.92,5573900.0
2018-01-29 10:08:04.191000,4.92,4.91,4.92,5573900.0
2018-01-29 10:08:07.040000,4.92,4.91,4.92,5573900.0
2018-01-29 10:08:09.966000,4.92,4.91,4.92,5573900.0
2018-01-29 10:08:12.817000,4.92,4.91,4.92,5573900.0
2018-01-29 10:08:15.649000,4.92,4.91,4.92,5573900.0
2018-01-29 10:08:18.558000,4.92,4.91,4.92,5573900.0
2018-01-29 10:08:21.569000,4.92,4.91,4.92,5573900.0
2018-01-29 10:08:26.392000,4.92,4.91,4.92,5573900.0
2018-01-29 10:08:30.403000,4.92,4.91,4.92,5573900.0
2018-01-29 10:08:34.764000,4.92,4.91,4.92,5573900.0
2018-01-29 10:08:38.949000,4.92,4.91,4.92,5573900.0
2018-01-29 10:08:43.109000,4.92,4.91,4.92,5573900.0
2018-01-29 10:08:48.206000,4.92,4.91,4.92,5573900.0
2018-01-29 10:08:52.756000,4.92,4.91,4.92,5573900.0
2018-01-29 10:08:57.544000,4.92,4.91,4.92,5573900.0
2018-01-29 10:09:02.125000,4.92,4.91,4.92,5573900.0
2018-01-29 10:09:06.745000,4.92,4.91,4.92,5573900.0
2018-01-29 10:09:11.066000,4.92,4.91,4.92,5573900.0
2018-01-29 10:09:15.597000,4.92,4.91,4.92,5573900.0
2018-01-29 10:09:19.342000,4.92,4.91,4.92,5573900.0
2018-01-29 10:09:22.301000,4.92,4.91,4.92,5573900.0
2018-01-29 10:09:25.422000,4.92,4.91,4.92,5573900.0
2018-01-29 10:09:28.412000,4.92,4.91,4.92,5573900.0
2018-01-29 10:09:31.310000,4.92,4.91,4.92,5577900.0
2018-01-29 10:09:34.146000,4.92,4.91,4.92,5577900.0
2018-01-29 10:09:37.516000,4.92,4.91,4.92,5577900.0
2018-01-29 10:09:40.390000,4.92,4.91,4.92,5577900.0
2018-01-29 10:09:43.392000,4.92,4.91,4.92,5577900.0
2018-01-29 10:09:46.338000,4.92,4.91,4.92,5577900.0
2018-01-29 10:09:49.523000,4.92,4.91,4.92,5577900.0
2018-01-29 10:09:52.451000,4.92,4.91,4.93,5607900.0
2018-01-29 10:09:55.401000,4.92,4.91,4.93,5607900.0
2018-01-29 10:09:58.297000,4.92,4.91,4.93,5607900.0
2018-01-29 10:10:01.248000,4.92,4.91,4.93,5607900.0
2018-01-29 10:10:04.113000,4.92,4.91,4.93,5607900.0
2018-01-29 10:10:07.347000,4.92,4.91,4.93,5607900.0
2018-01-29 10:10:10.390000,4.92,4.91,4.93,5607900.0
2018-01-29 10:10:13.386000,4.92,4.91,4.93,5607900.0
2018-01-29 10:10:16.421000,4.92,4.91,4.93,5607900.0
2018-01-29 10:10:19.301000,4.92,4.91,4.93,5607900.0
2018-01-29 10:10:22.395000,4.92,4.91,4.93,5607900.0
2018-01-29 10:10:25.390000,4.92,4.91,4.93,5607900.0
2018-01-29 10:10:28.518000,4.92,4.91,4.93,5607900.0
2018-01-29 10:10:31.581000,4.92,4.91,4.93,5607900.0
2018-01-29 10:10:34.610000,4.92,4.91,4.93,5607900.0
2018-01-29 10:10:37.617000,4.92,4.91,4.93,5607900.0
2018-01-29 10:10:40.540000,4.92,4.91,4.93,5607900.0
2018-01-29 10:10:43.714000,4.92,4.91,4.93,5607900.0
2018-01-29 10:10:46.754000,4.92,4.91,4.93,5607900.0
2018-01-29 10:10:49.680000,4.92,4.91,4.93,5607900.0
2018-01-29 10:10:52.645000,4.92,4.91,4.93,5607900.0
2018-01-29 10:10:55.621000,4.92,4.91,4.93,5607900.0
2018-01-29 10:10:58.356000,4.92,4.91,4.93,5607900.0
2018-01-29 10:11:01.172000,4.92,4.91,4.93,5607900.0
2018-01-29 10:11:04.117000,4.92,4.91,4.93,5607900.0
2018-01-29 10:11:07.347000,4.93,4.91,4.93,5612900.0
2018-01-29 10:11:10.281000,4.93,4.91,4.93,5612900.0
2018-01-29 10:11:13.325000,4.93,4.91,4.93,5612900.0
2018-01-29 10:11:16.521000,4.92,4.91,4.92,5612900.0
2018-01-29 10:11:19.524000,4.92,4.91,4.92,5612900.0
2018-01-29 10:11:22.555000,4.92,4.91,4.92,5612900.0
2018-01-29 10:11:25.486000,4.92,4.91,4.92,5612900.0
2018-01-29 10:11:28.451000,4.92,4.91,4.92,5612900.0
2018-01-29 10:11:31.157000,4.92,4.91,4.92,5612900.0
2018-01-29 10:11:34.114000,4.92,4.91,4.92,5612900.0
2018-01-29 10:11:36.975000,4.92,4.91,4.92,5612900.0
2018-01-29 10:11:39.985000,4.92,4.91,4.92,5612900.0
2018-01-29 10:11:42.897000,4.92,4.91,4.92,5612900.0
2018-01-29 10:11:46.095000,4.92,4.91,4.92,5612900.0
2018-01-29 10:11:48.975000,4.93,4.91,4.93,5626900.0
2018-01-29 10:11:52.006000,4.93,4.91,4.93,5626900.0
2018-01-29 10:11:54.893000,4.93,4.91,4.93,5626900.0
2018-01-29 10:11:57.767000,4.93,4.91,4.93,5626900.0
2018-01-29 10:12:00.689000,4.93,4.91,4.93,5626900.0
2018-01-29 10:12:03.847000,4.93,4.91,4.93,5626900.0
2018-01-29 10:12:06.819000,4.93,4.91,4.93,5626900.0
2018-01-29 10:12:09.759000,4.93,4.92,4.93,5626900.0
2018-01-29 10:12:12.644000,4.93,4.92,4.93,5626900.0
2018-01-29 10:12:15.519000,4.93,4.92,4.93,5626900.0
2018-01-29 10:12:18.429000,4.93,4.92,4.93,5626900.0
2018-01-29 10:12:21.475000,4.93,4.92,4.93,5626900.0
2018-01-29 10:12:24.583000,4.93,4.92,4.93,5626900.0
2018-01-29 10:12:27.727000,4.93,4.92,4.93,5626900.0
2018-01-29 10:12:30.895000,4.93,4.92,4.93,5626900.0
2018-01-29 10:12:33.745000,4.93,4.92,4.93,5626900.0
2018-01-29 10:12:36.787000,4.93,4.92,4.93,5626900.0
2018-01-29 10:12:39.783000,4.93,4.92,4.93,5626900.0
2018-01-29 10:12:42.798000,4.93,4.92,4.93,5626900.0
2018-01-29 10:12:45.902000,4.93,4.92,4.93,5626900.0
2018-01-29 10:12:48.814000,4.93,4.92,4.93,5626900.0
2018-01-29 10:12:51.835000,4.93,4.92,4.93,5626900.0
2018-01-29 10:12:54.844000,4.93,4.92,4.93,5626900.0
2018-01-29 10:12:57.673000,4.93,4.92,4.93,5626900.0
2018-01-29 10:13:00.864000,4.93,4.92,4.93,5626900.0
2018-01-29 10:13:03.867000,4.93,4.92,4.93,5626900.0
2018-01-29 10:13:06.793000,4.93,4.92,4.93,5626900.0
2018-01-29 10:13:09.629000,4.93,4.92,4.93,5626900.0
2018-01-29 10:13:12.466000,4.93,4.92,4.93,5626900.0
2018-01-29 10:13:15.253000,4.93,4.92,4.93,5626900.0
2018-01-29 10:13:17.911000,4.93,4.92,4.93,5626900.0
2018-01-29 10:13:20.501000,4.93,4.92,4.93,5626900.0
2018-01-29 10:13:23.218000,4.93,4.92,4.93,5626900.0
2018-01-29 10:13:25.807000,4.93,4.92,4.93,5626900.0
2018-01-29 10:13:28.502000,4.93,4.92,4.93,5626900.0
2018-01-29 10:13:31.183000,4.93,4.92,4.93,5626900.0
2018-01-29 10:13:33.719000,4.93,4.92,4.93,5626900.0
2018-01-29 10:13:36.343000,4.93,4.92,4.93,5626900.0
2018-01-29 10:13:39.066000,4.93,4.92,4.93,5626900.0
2018-01-29 10:13:42.599000,4.93,4.92,4.93,5626900.0
2018-01-29 10:13:45.424000,4.93,4.92,4.93,5626900.0
2018-01-29 10:13:48.447000,4.93,4.92,4.93,5626900.0
2018-01-29 10:13:52.402000,4.93,4.92,4.93,5626900.0
2018-01-29 10:13:56.509000,4.91,4.91,4.92,5648100.0
2018-01-29 10:14:00.787000,4.91,4.91,4.92,5648100.0
2018-01-29 10:14:04.989000,4.91,4.91,4.92,5648100.0
2018-01-29 10:14:08.937000,4.91,4.91,4.92,5648100.0
2018-01-29 10:14:13.067000,4.91,4.91,4.92,5648100.0
2018-01-29 10:14:18.039000,4.91,4.91,4.92,5648100.0
2018-01-29 10:14:22.146000,4.91,4.91,4.92,5648100.0
2018-01-29 10:14:26.792000,4.91,4.91,4.92,5648100.0
2018-01-29 10:14:30.910000,4.91,4.91,4.92,5648100.0
2018-01-29 10:14:34.998000,4.91,4.91,4.92,5648100.0
2018-01-29 10:14:39.149000,4.91,4.91,4.92,5648100.0
2018-01-29 10:14:43.141000,4.91,4.91,4.92,5648100.0
2018-01-29 10:14:47.025000,4.91,4.91,4.92,5648100.0
2018-01-29 10:14:51.134000,4.91,4.91,4.92,5648100.0
2018-01-29 10:14:55.066000,4.91,4.91,4.92,5648100.0
2018-01-29 10:14:59.373000,4.91,4.91,4.92,5648100.0
2018-01-29 10:15:03.597000,4.91,4.91,4.92,5648100.0
2018-01-29 10:15:08.246000,4.91,4.91,4.92,5648100.0
2018-01-29 10:15:12.588000,4.91,4.91,4.92,5648100.0
2018-01-29 10:15:16.978000,4.91,4.91,4.92,5648100.0
2018-01-29 10:15:21.163000,4.91,4.91,4.92,5648100.0
2018-01-29 10:15:25.598000,4.91,4.91,4.92,5648100.0
2018-01-29 10:15:29.627000,4.91,4.91,4.92,5648100.0
2018-01-29 10:15:33.862000,4.91,4.91,4.92,5648100.0
2018-01-29 10:15:37.887000,4.91,4.91,4.92,5648100.0
2018-01-29 10:15:42.041000,4.91,4.91,4.92,5648100.0
2018-01-29 10:15:46.740000,4.91,4.91,4.92,5648100.0
2018-01-29 10:15:51.259000,4.91,4.91,4.92,5648100.0
2018-01-29 10:15:55.553000,4.91,4.91,4.92,5648100.0
2018-01-29 10:16:00.179000,4.91,4.91,4.92,5648100.0
2018-01-29 10:16:04.320000,4.91,4.91,4.92,5648100.0
2018-01-29 10:16:09.302000,4.91,4.91,4.92,5648100.0
2018-01-29 10:16:13.528000,4.91,4.91,4.92,5648100.0
2018-01-29 10:16:17.870000,4.91,4.91,4.92,5648100.0
2018-01-29 10:16:22.321000,4.91,4.91,4.92,5648100.0
2018-01-29 10:16:26.400000,4.91,4.91,4.92,5648100.0
2018-01-29 10:16:30.475000,4.91,4.91,4.92,5648100.0
2018-01-29 10:16:34.658000,4.91,4.91,4.92,5648100.0
2018-01-29 10:16:38.877000,4.91,4.91,4.92,5648100.0
2018-01-29 10:16:42.747000,4.91,4.91,4.92,5648100.0
2018-01-29 10:16:46.656000,4.91,4.91,4.92,5648100.0
2018-01-29 10:16:50.667000,4.91,4.91,4.92,5648100.0
2018-01-29 10:16:54.699000,4.91,4.91,4.92,5648100.0
2018-01-29 10:16:58.786000,4.91,4.91,4.92,5648100.0
2018-01-29 10:17:03.121000,4.91,4.91,4.92,5648100.0
2018-01-29 10:17:07.074000,4.91,4.91,4.92,5648100.0
2018-01-29 10:17:11.771000,4.91,4.91,4.92,5648100.0
2018-01-29 10:17:15.392000,4.91,4.91,4.92,5648100.0
2018-01-29 10:17:18.314000,4.91,4.91,4.92,5648100.0
2018-01-29 10:17:21.079000,4.91,4.91,4.92,5648100.0
2018-01-29 10:17:23.927000,4.91,4.91,4.92,5648100.0
2018-01-29 10:17:26.777000,4.91,4.91,4.92,5648100.0
2018-01-29 10:17:29.713000,4.91,4.91,4.92,5648100.0
2018-01-29 10:17:33.750000,4.91,4.91,4.92,5648100.0
2018-01-29 10:17:37.744000,4.91,4.91,4.92,5648100.0
2018-01-29 10:17:42.168000,4.91,4.91,4.92,5648100.0
2018-01-29 10:17:46.039000,4.91,4.91,4.92,5648100.0
2018-01-29 10:17:50.228000,4.91,4.91,4.92,5648100.0
2018-01-29 10:17:54.189000,4.91,4.91,4.92,5648100.0
2018-01-29 10:17:58.922000,4.91,4.91,4.92,5648100.0
2018-01-29 10:18:03.126000,4.91,4.91,4.92,5648100.0
2018-01-29 10:18:07.551000,4.91,4.91,4.92,5648100.0
2018-01-29 10:18:11.527000,4.91,4.91,4.92,5648100.0
2018-01-29 10:18:15.934000,4.91,4.91,4.92,5648100.0
2018-01-29 10:18:20.009000,4.91,4.91,4.92,5648100.0
2018-01-29 10:18:24.112000,4.91,4.91,4.92,5648100.0
2018-01-29 10:18:28.128000,4.91,4.91,4.92,5648100.0
2018-01-29 10:18:32.083000,4.91,4.91,4.92,5648100.0
2018-01-29 10:18:35.934000,4.91,4.91,4.92,5648100.0
2018-01-29 10:18:40.654000,4.91,4.91,4.92,5648100.0
2018-01-29 10:18:44.624000,4.91,4.91,4.92,5648100.0
2018-01-29 10:18:49.188000,4.91,4.91,4.92,5648100.0
2018-01-29 10:18:53.111000,4.91,4.91,4.92,5648100.0
2018-01-29 10:18:57.136000,4.91,4.91,4.92,5648100.0
2018-01-29 10:19:01.228000,4.91,4.91,4.92,5648100.0
2018-01-29 10:19:05.586000,4.91,4.91,4.92,5648100.0
2018-01-29 10:19:09.468000,4.91,4.91,4.92,5648100.0
2018-01-29 10:19:13.477000,4.91,4.91,4.92,5648100.0
2018-01-29 10:19:17.952000,4.91,4.91,4.92,5648100.0
2018-01-29 10:19:22.253000,4.91,4.91,4.92,5648100.0
2018-01-29 10:19:26.374000,4.91,4.91,4.92,5648100.0
2018-01-29 10:19:30.580000,4.91,4.91,4.92,5648100.0
2018-01-29 10:19:34.687000,4.91,4.91,4.92,5648100.0
2018-01-29 10:19:38.645000,4.91,4.91,4.92,5648100.0
2018-01-29 10:19:43.393000,4.91,4.91,4.92,5648100.0
2018-01-29 10:19:47.632000,4.91,4.91,4.92,5648100.0
2018-01-29 10:19:52.272000,4.91,4.91,4.92,5648100.0
2018-01-29 10:19:56.826000,4.91,4.91,4.92,5648100.0
2018-01-29 10:20:00.702000,4.91,4.91,4.92,5648100.0
2018-01-29 10:20:05.714000,4.91,4.91,4.92,5648100.0
2018-01-29 10:20:09.680000,4.91,4.91,4.92,5648100.0
2018-01-29 10:20:14.151000,4.91,4.91,4.92,5648100.0
2018-01-29 10:20:18.444000,4.91,4.91,4.92,5648100.0
2018-01-29 10:20:23.329000,4.91,4.91,4.92,5648100.0
2018-01-29 10:20:27.611000,4.91,4.91,4.92,5648100.0
2018-01-29 10:20:32.736000,4.91,4.91,4.92,5648100.0
2018-01-29 10:20:36.918000,4.91,4.91,4.92,5648100.0
2018-01-29 10:20:41.406000,4.91,4.91,4.92,5648100.0
2018-01-29 10:20:45.288000,4.91,4.91,4.92,5648100.0
2018-01-29 10:20:51.354000,4.91,4.91,4.92,5648100.0
2018-01-29 10:20:55.497000,4.91,4.91,4.92,5648100.0
2018-01-29 10:20:59.782000,4.91,4.91,4.92,5648100.0
2018-01-29 10:21:03.705000,4.91,4.91,4.92,5648100.0
2018-01-29 10:21:07.186000,4.91,4.91,4.92,5648100.0
2018-01-29 10:21:10.237000,4.91,4.91,4.92,5648100.0
2018-01-29 10:21:13.150000,4.91,4.91,4.92,5648100.0
2018-01-29 10:21:16.092000,4.91,4.91,4.92,5648100.0
2018-01-29 10:21:19.893000,4.91,4.91,4.92,5648100.0
2018-01-29 10:21:24.101000,4.91,4.91,4.92,5648100.0
2018-01-29 10:21:28.369000,4.92,4.91,4.92,5658100.0
2018-01-29 10:21:32.916000,4.92,4.91,4.92,5658100.0
2018-01-29 10:21:36.858000,4.92,4.91,4.92,5658100.0
2018-01-29 10:21:40.795000,4.92,4.91,4.92,5658100.0
2018-01-29 10:21:45.332000,4.92,4.91,4.92,5658100.0
2018-01-29 10:21:49.311000,4.92,4.91,4.92,5658100.0
2018-01-29 10:21:54.723000,4.92,4.91,4.93,5669100.0
2018-01-29 10:21:58.639000,4.92,4.91,4.93,5669100.0
2018-01-29 10:22:02.705000,4.92,4.91,4.93,5669100.0
2018-01-29 10:22:06.773000,4.92,4.91,4.93,5669100.0
2018-01-29 10:22:10.966000,4.92,4.91,4.93,5669100.0
2018-01-29 10:22:15.380000,4.92,4.91,4.93,5669100.0
2018-01-29 10:22:19.887000,4.92,4.91,4.93,5669100.0
2018-01-29 10:22:23.925000,4.92,4.91,4.93,5669100.0
2018-01-29 10:22:27.982000,4.92,4.91,4.93,5669100.0
2018-01-29 10:22:31.976000,4.92,4.91,4.93,5669100.0
2018-01-29 10:22:36.107000,4.92,4.91,4.93,5669100.0
2018-01-29 10:22:40.162000,4.92,4.91,4.93,5669100.0
2018-01-29 10:22:44.653000,4.92,4.91,4.93,5669100.0
2018-01-29 10:22:48.421000,4.92,4.91,4.93,5669100.0
2018-01-29 10:22:52.692000,4.92,4.91,4.93,5669100.0
2018-01-29 10:22:58.322000,4.92,4.91,4.93,5669100.0
2018-01-29 10:23:02.281000,4.92,4.91,4.93,5669100.0
2018-01-29 10:23:06.156000,4.92,4.91,4.93,5669100.0
2018-01-29 10:23:10.595000,4.92,4.91,4.93,5669100.0
2018-01-29 10:23:15.083000,4.92,4.91,4.93,5669100.0
2018-01-29 10:23:20.227000,4.92,4.91,4.93,5669100.0
2018-01-29 10:23:23.599000,4.92,4.91,4.93,5669100.0
2018-01-29 10:23:26.472000,4.92,4.91,4.93,5669100.0
2018-01-29 10:23:29.504000,4.92,4.91,4.93,5669100.0
2018-01-29 10:23:33.632000,4.92,4.91,4.93,5669100.0
2018-01-29 10:23:36.673000,4.92,4.91,4.93,5669100.0
2018-01-29 10:23:39.477000,4.92,4.91,4.93,5669100.0
2018-01-29 10:23:42.329000,4.92,4.91,4.93,5769100.0
2018-01-29 10:23:45.311000,4.92,4.91,4.93,5769100.0
2018-01-29 10:23:48.207000,4.92,4.91,4.93,5769100.0
2018-01-29 10:23:51.235000,4.92,4.91,4.93,5769100.0
2018-01-29 10:23:54.254000,4.92,4.91,4.93,5769100.0
2018-01-29 10:23:57.765000,4.92,4.91,4.93,5769100.0
2018-01-29 10:24:00.737000,4.92,4.91,4.93,5769100.0
2018-01-29 10:24:03.795000,4.92,4.91,4.93,5769100.0
2018-01-29 10:24:06.917000,4.92,4.91,4.93,5769100.0
2018-01-29 10:24:09.884000,4.92,4.91,4.93,5769100.0
2018-01-29 10:24:13.023000,4.92,4.91,4.93,5769100.0
2018-01-29 10:24:15.954000,4.92,4.91,4.92,5769100.0
2018-01-29 10:24:19.056000,4.92,4.91,4.92,5769100.0
2018-01-29 10:24:22.026000,4.92,4.91,4.92,5769100.0
2018-01-29 10:24:24.834000,4.92,4.91,4.92,5769100.0
2018-01-29 10:24:27.675000,4.92,4.91,4.92,5769100.0
2018-01-29 10:24:30.784000,4.92,4.91,4.93,5769100.0
2018-01-29 10:24:33.761000,4.92,4.91,4.93,5769100.0
2018-01-29 10:24:36.719000,4.92,4.91,4.93,5769100.0
2018-01-29 10:24:39.526000,4.92,4.91,4.93,5769100.0
2018-01-29 10:24:42.865000,4.92,4.91,4.93,5769100.0
2018-01-29 10:24:46.017000,4.92,4.91,4.93,5769100.0
2018-01-29 10:24:48.943000,4.92,4.91,4.93,5769100.0
2018-01-29 10:24:51.909000,4.92,4.91,4.93,5769100.0
2018-01-29 10:24:54.781000,4.92,4.91,4.93,5769100.0
2018-01-29 10:24:57.868000,4.92,4.91,4.93,5769100.0
2018-01-29 10:25:00.674000,4.92,4.91,4.93,5769100.0
2018-01-29 10:25:03.873000,4.92,4.92,4.93,5769100.0
2018-01-29 10:25:06.788000,4.92,4.92,4.93,5769100.0
2018-01-29 10:25:09.615000,4.92,4.92,4.93,5769100.0
2018-01-29 10:25:12.584000,4.92,4.92,4.93,5769100.0
2018-01-29 10:25:15.618000,4.92,4.92,4.93,5769100.0
2018-01-29 10:25:18.365000,4.92,4.92,4.93,5769100.0
2018-01-29 10:25:21.299000,4.92,4.92,4.93,5769100.0
2018-01-29 10:25:24.155000,4.92,4.92,4.93,5769100.0
2018-01-29 10:25:26.741000,4.92,4.92,4.93,5769100.0
2018-01-29 10:25:31.003000,4.92,4.92,4.93,5769100.0
2018-01-29 10:25:33.576000,4.92,4.92,4.93,5769100.0
2018-01-29 10:25:36.396000,4.92,4.92,4.93,5769100.0
2018-01-29 10:25:39.287000,4.92,4.92,4.93,5769100.0
2018-01-29 10:25:42.147000,4.92,4.92,4.93,5769100.0
2018-01-29 10:25:45.476000,4.92,4.92,4.93,5769100.0
2018-01-29 10:25:48.505000,4.92,4.92,4.93,5769100.0
2018-01-29 10:25:51.425000,4.92,4.92,4.93,5769100.0
2018-01-29 10:25:54.286000,4.92,4.92,4.93,5769100.0
2018-01-29 10:25:57.053000,4.92,4.92,4.93,5769100.0
2018-01-29 10:25:59.756000,4.92,4.92,4.93,5769100.0
2018-01-29 10:26:02.407000,4.92,4.92,4.93,5769100.0
2018-01-29 10:26:05.135000,4.92,4.92,4.93,5769100.0
2018-01-29 10:26:07.839000,4.92,4.92,4.93,5769100.0
2018-01-29 10:26:11.726000,4.92,4.92,4.93,5769100.0
2018-01-29 10:26:14.648000,4.92,4.92,4.93,5769100.0
2018-01-29 10:26:17.538000,4.92,4.92,4.93,5769100.0
2018-01-29 10:26:20.678000,4.92,4.92,4.93,5769100.0
2018-01-29 10:26:23.444000,4.92,4.92,4.93,5769100.0
2018-01-29 10:26:26.317000,4.92,4.92,4.93,5769100.0
2018-01-29 10:26:28.963000,4.92,4.92,4.93,5769100.0
2018-01-29 10:26:31.614000,4.92,4.92,4.93,5769100.0
2018-01-29 10:26:34.445000,4.92,4.92,4.93,5769100.0
2018-01-29 10:26:37.128000,4.92,4.92,4.93,5769100.0
2018-01-29 10:26:39.880000,4.92,4.92,4.93,5769100.0
2018-01-29 10:26:42.666000,4.92,4.92,4.93,5769100.0
2018-01-29 10:26:45.413000,4.92,4.92,4.93,5769100.0
2018-01-29 10:26:48.036000,4.92,4.92,4.93,5769100.0
2018-01-29 10:26:51.099000,4.92,4.92,4.93,5769100.0
2018-01-29 10:26:53.837000,4.92,4.92,4.93,5769100.0
2018-01-29 10:26:56.553000,4.92,4.92,4.93,5769100.0
2018-01-29 10:26:59.679000,4.92,4.92,4.93,5769100.0
2018-01-29 10:27:02.366000,4.92,4.92,4.93,5769100.0
2018-01-29 10:27:05.085000,4.92,4.92,4.93,5769100.0
2018-01-29 10:27:07.632000,4.92,4.92,4.93,5769100.0
2018-01-29 10:27:10.370000,4.92,4.92,4.93,5769100.0
2018-01-29 10:27:13.215000,4.92,4.92,4.93,5769100.0
2018-01-29 10:27:16.093000,4.92,4.92,4.93,5769100.0
2018-01-29 10:27:18.808000,4.92,4.92,4.93,5769100.0
2018-01-29 10:27:21.784000,4.92,4.92,4.93,5769100.0
2018-01-29 10:27:24.611000,4.92,4.92,4.93,5769100.0
2018-01-29 10:27:27.399000,4.92,4.92,4.93,5769100.0
2018-01-29 10:27:30.495000,4.92,4.92,4.93,5769100.0
2018-01-29 10:27:33.146000,4.92,4.92,4.93,5769100.0
2018-01-29 10:27:35.606000,4.92,4.92,4.93,5769100.0
2018-01-29 10:27:38.160000,4.92,4.92,4.93,5769100.0
2018-01-29 10:27:40.640000,4.92,4.92,4.93,5769100.0
2018-01-29 10:27:43.289000,4.92,4.92,4.93,5769100.0
2018-01-29 10:27:45.861000,4.92,4.92,4.93,5769100.0
2018-01-29 10:27:49.652000,4.92,4.92,4.93,5769100.0
2018-01-29 10:27:53.448000,4.92,4.92,4.93,5769100.0
2018-01-29 10:27:57.500000,4.92,4.92,4.93,5769100.0
2018-01-29 10:28:01.523000,4.92,4.92,4.93,5769100.0
2018-01-29 10:28:05.221000,4.92,4.92,4.93,5769100.0
2018-01-29 10:28:09.102000,4.92,4.92,4.93,5769100.0
2018-01-29 10:28:12.822000,4.92,4.92,4.93,5769100.0
2018-01-29 10:28:16.491000,4.92,4.92,4.93,5769100.0
2018-01-29 10:28:20.125000,4.92,4.92,4.93,5769100.0
2018-01-29 10:28:23.869000,4.92,4.92,4.93,5769100.0
2018-01-29 10:28:27.448000,4.92,4.92,4.93,5769100.0
2018-01-29 10:28:31.366000,4.92,4.92,4.93,5769100.0
2018-01-29 10:28:34.949000,4.92,4.92,4.93,5769100.0
2018-01-29 10:28:38.555000,4.92,4.92,4.93,5769100.0
2018-01-29 10:28:42.104000,4.92,4.92,4.93,5769100.0
2018-01-29 10:28:45.686000,4.92,4.92,4.93,5769100.0
2018-01-29 10:28:49.881000,4.92,4.92,4.93,5769100.0
2018-01-29 10:28:53.311000,4.92,4.92,4.93,5769100.0
2018-01-29 10:28:56.989000,4.92,4.92,4.93,5769100.0
2018-01-29 10:29:00.954000,4.92,4.92,4.93,5769100.0
2018-01-29 10:29:04.562000,4.92,4.92,4.93,5769100.0
2018-01-29 10:29:08.198000,4.92,4.92,4.93,5769100.0
2018-01-29 10:29:12.401000,4.92,4.92,4.93,5769100.0
2018-01-29 10:29:17.046000,4.92,4.92,4.93,5769100.0
2018-01-29 10:29:20.772000,4.92,4.91,4.93,5769100.0
2018-01-29 10:29:24.339000,4.92,4.91,4.93,5769100.0
2018-01-29 10:29:28.288000,4.92,4.91,4.93,5769100.0
2018-01-29 10:29:32.495000,4.92,4.91,4.93,5769100.0
2018-01-29 10:29:36.427000,4.92,4.91,4.93,5769100.0
2018-01-29 10:29:40.071000,4.92,4.91,4.93,5769100.0
2018-01-29 10:29:43.935000,4.92,4.91,4.93,5769100.0
2018-01-29 10:29:47.400000,4.92,4.91,4.93,5769100.0
2018-01-29 10:29:52.172000,4.92,4.91,4.93,5769100.0
2018-01-29 10:29:56.237000,4.92,4.91,4.93,5769100.0
2018-01-29 10:30:00.054000,4.92,4.91,4.93,5769100.0
2018-01-29 10:30:04.835000,4.92,4.91,4.93,5769100.0
2018-01-29 10:30:08.605000,4.92,4.91,4.93,5769100.0
2018-01-29 10:30:12.581000,4.92,4.91,4.93,5769100.0
2018-01-29 10:30:18.115000,4.92,4.92,4.93,5808300.0
2018-01-29 10:30:21.556000,4.92,4.92,4.93,5808300.0
2018-01-29 10:30:25.320000,4.92,4.92,4.93,5808300.0
2018-01-29 10:30:29.417000,4.92,4.92,4.93,5808300.0
2018-01-29 10:30:33.181000,4.92,4.92,4.93,5808300.0
2018-01-29 10:30:36.936000,4.92,4.92,4.93,5808300.0
2018-01-29 10:30:40.577000,4.92,4.92,4.93,5808300.0
2018-01-29 10:30:43.995000,4.92,4.92,4.93,5808300.0
2018-01-29 10:30:47.543000,4.92,4.92,4.93,5808300.0
2018-01-29 10:30:52.137000,4.92,4.92,4.93,5808300.0
2018-01-29 10:30:55.819000,4.92,4.92,4.93,5808300.0
2018-01-29 10:30:59.595000,4.92,4.92,4.93,5808300.0
2018-01-29 10:31:03.040000,4.92,4.92,4.93,5808300.0
2018-01-29 10:31:06.745000,4.92,4.92,4.93,5808300.0
2018-01-29 10:31:09.484000,4.92,4.92,4.93,5808300.0
2018-01-29 10:31:11.961000,4.92,4.92,4.93,5808300.0
2018-01-29 10:31:14.795000,4.92,4.92,4.93,5808300.0
2018-01-29 10:31:17.228000,4.92,4.92,4.93,5808300.0
2018-01-29 10:31:19.894000,4.92,4.92,4.93,5808300.0
2018-01-29 10:31:22.462000,4.92,4.92,4.93,5808300.0
2018-01-29 10:31:24.920000,4.92,4.92,4.93,5808300.0
2018-01-29 10:31:27.477000,4.92,4.92,4.93,5808300.0
2018-01-29 10:31:29.951000,4.92,4.92,4.93,5808300.0
2018-01-29 10:31:32.467000,4.92,4.92,4.93,5808300.0
2018-01-29 10:31:34.868000,4.92,4.92,4.93,5808300.0
2018-01-29 10:31:37.247000,4.92,4.92,4.93,5808300.0
2018-01-29 10:31:39.672000,4.92,4.92,4.93,5808300.0
2018-01-29 10:31:42.275000,4.92,4.92,4.93,5808300.0
2018-01-29 10:31:44.728000,4.92,4.92,4.93,5808300.0
2018-01-29 10:31:48.933000,4.92,4.92,4.93,5808300.0
2018-01-29 10:31:51.572000,4.92,4.92,4.93,5808300.0
2018-01-29 10:31:54.061000,4.92,4.92,4.93,5808300.0
2018-01-29 10:31:56.900000,4.92,4.92,4.93,5808300.0
2018-01-29 10:32:00.072000,4.92,4.92,4.93,5808300.0
2018-01-29 10:32:02.481000,4.92,4.92,4.93,5808300.0
2018-01-29 10:32:05.012000,4.92,4.92,4.93,5808300.0
2018-01-29 10:32:07.581000,4.92,4.92,4.93,5808300.0
2018-01-29 10:32:09.936000,4.92,4.92,4.93,5808300.0
2018-01-29 10:32:12.228000,4.92,4.92,4.93,5808300.0
2018-01-29 10:32:14.874000,4.92,4.92,4.93,5808300.0
2018-01-29 10:32:17.384000,4.92,4.92,4.93,5808300.0
2018-01-29 10:32:19.974000,4.92,4.92,4.93,5808300.0
2018-01-29 10:32:22.731000,4.92,4.92,4.93,5808300.0
2018-01-29 10:32:25.279000,4.92,4.92,4.93,5808300.0
2018-01-29 10:32:27.716000,4.92,4.92,4.93,5808300.0
2018-01-29 10:32:30.421000,4.92,4.92,4.93,5808300.0
2018-01-29 10:32:32.941000,4.92,4.92,4.93,5808300.0
2018-01-29 10:32:35.418000,4.92,4.92,4.93,5808300.0
2018-01-29 10:32:37.974000,4.92,4.92,4.93,5808300.0
2018-01-29 10:32:40.442000,4.92,4.92,4.93,5808300.0
2018-01-29 10:32:43.074000,4.92,4.92,4.93,5808300.0
2018-01-29 10:32:46.155000,4.92,4.92,4.93,5808300.0
2018-01-29 10:32:49.064000,4.92,4.92,4.93,5808300.0
2018-01-29 10:32:51.545000,4.92,4.92,4.93,5808300.0
2018-01-29 10:32:54.063000,4.92,4.92,4.93,5808300.0
2018-01-29 10:32:56.839000,4.92,4.92,4.93,5808300.0
2018-01-29 10:32:59.483000,4.92,4.92,4.93,5808300.0
2018-01-29 10:33:01.919000,4.92,4.92,4.93,5808300.0
2018-01-29 10:33:04.375000,4.92,4.92,4.93,5808300.0
2018-01-29 10:33:07.023000,4.92,4.92,4.93,5808300.0
2018-01-29 10:33:09.612000,4.92,4.92,4.93,5808300.0
2018-01-29 10:33:12.213000,4.92,4.92,4.93,5808300.0
2018-01-29 10:33:14.750000,4.92,4.92,4.93,5808300.0
2018-01-29 10:33:17.199000,4.92,4.92,4.93,5808300.0
2018-01-29 10:33:19.661000,4.92,4.92,4.93,5808300.0
2018-01-29 10:33:22.231000,4.92,4.92,4.93,5808300.0
2018-01-29 10:33:24.766000,4.92,4.92,4.93,5808300.0
2018-01-29 10:33:27.183000,4.92,4.92,4.93,5808300.0
2018-01-29 10:33:29.702000,4.92,4.92,4.93,5808300.0
2018-01-29 10:33:32.453000,4.92,4.92,4.93,5808300.0
2018-01-29 10:33:34.913000,4.92,4.92,4.93,5808300.0
2018-01-29 10:33:37.402000,4.92,4.92,4.93,5808300.0
2018-01-29 10:33:40.146000,4.92,4.92,4.93,5808300.0
2018-01-29 10:33:43.028000,4.92,4.92,4.93,5808300.0
2018-01-29 10:33:45.911000,4.92,4.92,4.93,5808300.0
2018-01-29 10:33:48.698000,4.92,4.92,4.93,5808300.0
2018-01-29 10:33:51.516000,4.92,4.92,4.93,5808300.0
2018-01-29 10:33:54.345000,4.92,4.92,4.93,5808300.0
2018-01-29 10:33:57.277000,4.92,4.92,4.93,5808300.0
2018-01-29 10:34:00.283000,4.92,4.92,4.93,5808300.0
2018-01-29 10:34:03.407000,4.92,4.92,4.93,5808300.0
2018-01-29 10:34:06.214000,4.92,4.92,4.93,5808300.0
2018-01-29 10:34:09.081000,4.92,4.92,4.93,5808300.0
2018-01-29 10:34:11.889000,4.92,4.92,4.93,5808300.0
2018-01-29 10:34:14.502000,4.92,4.92,4.93,5808300.0
2018-01-29 10:34:17.358000,4.92,4.92,4.93,5808300.0
2018-01-29 10:34:21.391000,4.92,4.92,4.93,5808300.0
2018-01-29 10:34:24.184000,4.92,4.92,4.93,5808300.0
2018-01-29 10:34:26.981000,4.92,4.92,4.93,5808300.0
2018-01-29 10:34:29.496000,4.92,4.92,4.93,5808300.0
2018-01-29 10:34:32.703000,4.92,4.92,4.93,5808300.0
2018-01-29 10:34:35.481000,4.92,4.92,4.93,5808300.0
2018-01-29 10:34:38.153000,4.92,4.92,4.93,5808300.0
2018-01-29 10:34:41.006000,4.92,4.92,4.93,5808300.0
2018-01-29 10:34:44.663000,4.92,4.92,4.93,5808300.0
2018-01-29 10:34:47.455000,4.92,4.92,4.93,5808300.0
2018-01-29 10:34:50.157000,4.92,4.92,4.93,5808300.0
2018-01-29 10:34:52.811000,4.92,4.92,4.93,5808300.0
2018-01-29 10:34:55.519000,4.92,4.92,4.93,5808300.0
2018-01-29 10:34:58.383000,4.92,4.92,4.93,5808300.0
2018-01-29 10:35:01.388000,4.92,4.92,4.93,5808300.0
2018-01-29 10:35:04.450000,4.92,4.92,4.93,5808300.0
2018-01-29 10:35:07.121000,4.92,4.92,4.93,5808300.0
2018-01-29 10:35:09.921000,4.92,4.92,4.93,5808300.0
2018-01-29 10:35:12.951000,4.92,4.92,4.93,5808300.0
2018-01-29 10:35:18.016000,4.92,4.92,4.93,5808300.0
2018-01-29 10:35:22.124000,4.92,4.92,4.93,5808300.0
2018-01-29 10:35:24.997000,4.92,4.92,4.93,5808300.0
2018-01-29 10:35:28.342000,4.92,4.92,4.93,5808300.0
2018-01-29 10:35:31.680000,4.92,4.92,4.93,5808300.0
2018-01-29 10:35:34.491000,4.92,4.92,4.93,5808300.0
2018-01-29 10:35:37.326000,4.92,4.92,4.93,5808300.0
2018-01-29 10:35:40.104000,4.92,4.92,4.93,5808300.0
2018-01-29 10:35:42.847000,4.92,4.92,4.93,5808300.0
2018-01-29 10:35:45.853000,4.92,4.92,4.93,5808300.0
2018-01-29 10:35:49.929000,4.92,4.92,4.93,5808300.0
2018-01-29 10:35:53.063000,4.92,4.92,4.93,5808300.0
2018-01-29 10:35:57.688000,4.92,4.92,4.93,5808300.0
2018-01-29 10:36:00.579000,4.92,4.92,4.93,5808300.0
2018-01-29 10:36:03.722000,4.92,4.92,4.93,5808300.0
2018-01-29 10:36:06.967000,4.92,4.92,4.93,5808300.0
2018-01-29 10:36:10.068000,4.92,4.92,4.93,5808300.0
2018-01-29 10:36:13.046000,4.92,4.92,4.93,5808300.0
2018-01-29 10:36:16.476000,4.92,4.92,4.93,5808300.0
2018-01-29 10:36:19.379000,4.92,4.92,4.93,5808300.0
2018-01-29 10:36:22.219000,4.92,4.92,4.93,5808300.0
2018-01-29 10:36:25.288000,4.92,4.92,4.93,5808300.0
2018-01-29 10:36:28.501000,4.92,4.92,4.93,5808300.0
2018-01-29 10:36:32.344000,4.92,4.92,4.93,5808300.0
2018-01-29 10:36:35.616000,4.92,4.92,4.93,5808300.0
2018-01-29 10:36:38.821000,4.92,4.92,4.93,5808300.0
2018-01-29 10:36:41.968000,4.92,4.92,4.93,5808300.0
2018-01-29 10:36:44.989000,4.92,4.92,4.93,5808300.0
2018-01-29 10:36:47.855000,4.92,4.92,4.93,5808300.0
2018-01-29 10:36:50.936000,4.92,4.92,4.93,5808300.0
2018-01-29 10:36:54.066000,4.92,4.92,4.93,5809600.0
2018-01-29 10:36:58.689000,4.92,4.92,4.93,5809600.0
2018-01-29 10:37:01.689000,4.92,4.92,4.93,5809600.0
2018-01-29 10:37:04.710000,4.92,4.92,4.93,5809600.0
2018-01-29 10:37:07.719000,4.92,4.92,4.93,5809600.0
2018-01-29 10:37:10.701000,4.92,4.92,4.93,5809600.0
2018-01-29 10:37:13.504000,4.92,4.92,4.93,5809600.0
2018-01-29 10:37:16.492000,4.92,4.92,4.93,5809600.0
2018-01-29 10:37:19.664000,4.92,4.92,4.93,5809600.0
2018-01-29 10:37:22.736000,4.92,4.92,4.93,5809600.0
2018-01-29 10:37:25.918000,4.92,4.92,4.93,5809600.0
2018-01-29 10:37:28.957000,4.92,4.92,4.93,5809600.0
2018-01-29 10:37:31.742000,4.92,4.92,4.93,5809600.0
2018-01-29 10:37:34.569000,4.92,4.92,4.93,5809600.0
2018-01-29 10:37:37.720000,4.92,4.92,4.93,6049600.0
2018-01-29 10:37:40.524000,4.92,4.92,4.93,6049600.0
2018-01-29 10:37:43.299000,4.92,4.92,4.93,6049600.0
2018-01-29 10:37:46.317000,4.92,4.92,4.93,6049600.0
2018-01-29 10:37:49.298000,4.92,4.92,4.93,6049600.0
2018-01-29 10:37:52.421000,4.92,4.92,4.93,6049600.0
2018-01-29 10:37:55.414000,4.92,4.92,4.93,6049600.0
2018-01-29 10:37:58.411000,4.92,4.92,4.93,6049600.0
2018-01-29 10:38:01.458000,4.92,4.92,4.93,6049600.0
2018-01-29 10:38:04.468000,4.92,4.92,4.93,6049600.0
2018-01-29 10:38:08.442000,4.92,4.92,4.93,6049600.0
2018-01-29 10:38:11.377000,4.92,4.92,4.93,6049600.0
2018-01-29 10:38:14.319000,4.92,4.92,4.93,6049600.0
2018-01-29 10:38:17.412000,4.92,4.92,4.93,6049600.0
2018-01-29 10:38:20.213000,4.92,4.92,4.93,6049600.0
2018-01-29 10:38:23.221000,4.92,4.92,4.93,6049600.0
2018-01-29 10:38:26.052000,4.92,4.92,4.93,6049600.0
2018-01-29 10:38:28.864000,4.92,4.92,4.93,6049600.0
2018-01-29 10:38:31.686000,4.92,4.92,4.93,6049600.0
2018-01-29 10:38:34.623000,4.92,4.92,4.93,6049600.0
2018-01-29 10:38:37.501000,4.92,4.92,4.93,6049600.0
2018-01-29 10:38:40.526000,4.92,4.92,4.93,6049600.0
2018-01-29 10:38:43.395000,4.92,4.92,4.93,6049600.0
2018-01-29 10:38:46.246000,4.92,4.92,4.93,6049600.0
2018-01-29 10:38:49.025000,4.92,4.92,4.93,6049600.0
2018-01-29 10:38:52.127000,4.92,4.92,4.93,6049600.0
2018-01-29 10:38:55.009000,4.92,4.92,4.93,6049600.0
2018-01-29 10:38:58.065000,4.92,4.92,4.93,6049600.0
2018-01-29 10:39:00.936000,4.92,4.92,4.93,6049600.0
2018-01-29 10:39:03.834000,4.92,4.92,4.93,6049600.0
2018-01-29 10:39:06.807000,4.92,4.92,4.93,6049600.0
2018-01-29 10:39:09.634000,4.92,4.92,4.93,6049600.0
2018-01-29 10:39:12.784000,4.92,4.92,4.93,6049600.0
2018-01-29 10:39:15.721000,4.92,4.92,4.93,6049600.0
2018-01-29 10:39:18.725000,4.92,4.92,4.93,6049600.0
2018-01-29 10:39:21.541000,4.92,4.92,4.93,6049600.0
2018-01-29 10:39:24.493000,4.92,4.92,4.93,6049600.0
2018-01-29 10:39:27.440000,4.92,4.92,4.93,6049600.0
2018-01-29 10:39:30.092000,4.92,4.92,4.93,6049600.0
2018-01-29 10:39:33.007000,4.92,4.92,4.93,6049600.0
2018-01-29 10:39:35.886000,4.92,4.92,4.93,6049600.0
2018-01-29 10:39:38.824000,4.92,4.92,4.93,6049600.0
2018-01-29 10:39:41.866000,4.92,4.92,4.93,6049600.0
2018-01-29 10:39:44.756000,4.92,4.92,4.93,6049600.0
2018-01-29 10:39:47.772000,4.92,4.92,4.93,6049600.0
2018-01-29 10:39:50.804000,4.92,4.92,4.93,6049600.0
2018-01-29 10:39:53.777000,4.92,4.92,4.93,6049600.0
2018-01-29 10:39:56.824000,4.92,4.92,4.93,6061600.0
2018-01-29 10:39:59.742000,4.92,4.92,4.93,6061600.0
2018-01-29 10:40:02.710000,4.92,4.92,4.93,6061600.0
2018-01-29 10:40:05.788000,4.92,4.92,4.93,6061600.0
2018-01-29 10:40:08.797000,4.92,4.92,4.93,6061600.0
2018-01-29 10:40:11.655000,4.92,4.92,4.93,6061600.0
2018-01-29 10:40:15.132000,4.92,4.92,4.93,6061600.0
2018-01-29 10:40:18.196000,4.92,4.92,4.93,6061600.0
2018-01-29 10:40:21.388000,4.92,4.92,4.93,6061600.0
2018-01-29 10:40:24.172000,4.92,4.92,4.93,6061600.0
2018-01-29 10:40:27.034000,4.92,4.92,4.93,6061600.0
2018-01-29 10:40:29.705000,4.92,4.92,4.93,6061600.0
2018-01-29 10:40:32.636000,4.92,4.92,4.93,6061600.0
2018-01-29 10:40:35.687000,4.92,4.92,4.93,6061600.0
2018-01-29 10:40:38.868000,4.92,4.92,4.93,6061600.0
2018-01-29 10:40:41.926000,4.92,4.92,4.93,6061600.0
2018-01-29 10:40:45.180000,4.92,4.92,4.93,6061600.0
2018-01-29 10:40:49.682000,4.92,4.92,4.93,6061600.0
2018-01-29 10:40:53.704000,4.92,4.92,4.93,6061600.0
2018-01-29 10:40:57.645000,4.92,4.92,4.93,6061600.0
2018-01-29 10:41:02.521000,4.92,4.92,4.93,6061600.0
2018-01-29 10:41:07.042000,4.92,4.92,4.93,6061600.0
2018-01-29 10:41:11.781000,4.92,4.92,4.93,6061600.0
2018-01-29 10:41:17.200000,4.92,4.92,4.93,6061600.0
2018-01-29 10:41:21.606000,4.92,4.92,4.93,6061600.0
2018-01-29 10:41:27.140000,4.92,4.92,4.93,6061600.0
2018-01-29 10:41:31.769000,,,,
2018-01-29 10:41:36.244000,4.92,4.92,4.93,6061600.0
2018-01-29 10:41:41.119000,4.92,4.92,4.93,6061600.0
2018-01-29 10:41:45.689000,4.92,4.92,4.93,6061600.0
2018-01-29 10:41:50.222000,4.92,4.92,4.93,6061600.0
2018-01-29 10:41:55.016000,4.92,4.92,4.93,6061600.0
2018-01-29 10:41:59.432000,4.92,4.92,4.93,6061600.0
2018-01-29 10:42:03.938000,4.92,4.92,4.93,6061600.0
2018-01-29 10:42:08.078000,4.92,4.92,4.93,6061600.0
2018-01-29 10:42:12.265000,4.92,4.92,4.93,6061600.0
2018-01-29 10:42:16.408000,4.92,4.92,4.93,6061600.0
2018-01-29 10:42:20.775000,4.92,4.92,4.93,6061600.0
2018-01-29 10:42:25.246000,4.92,4.92,4.93,6061600.0
2018-01-29 10:42:29.610000,4.92,4.92,4.93,6061600.0
2018-01-29 10:42:34.346000,4.92,4.92,4.93,6061600.0
2018-01-29 10:42:38.682000,4.92,4.92,4.93,6061600.0
2018-01-29 10:42:44.039000,4.92,4.92,4.93,6061600.0
2018-01-29 10:42:49.261000,4.92,4.92,4.93,6061600.0
2018-01-29 10:42:53.870000,4.92,4.92,4.93,6061600.0
2018-01-29 10:42:57.851000,4.92,4.92,4.93,6061600.0
2018-01-29 10:43:01.514000,4.92,4.92,4.93,6061600.0
2018-01-29 10:43:05.468000,4.92,4.92,4.93,6061600.0
2018-01-29 10:43:09.343000,4.92,4.92,4.93,6061600.0
2018-01-29 10:43:14.686000,4.92,4.92,4.93,6061600.0
2018-01-29 10:43:21.973000,4.92,4.92,4.93,6061600.0
2018-01-29 10:43:27.105000,4.92,4.92,4.93,6061600.0
2018-01-29 10:43:33.980000,4.92,4.92,4.93,6061600.0
2018-01-29 10:43:38.256000,4.92,4.92,4.93,6061600.0
2018-01-29 10:43:43.133000,4.92,4.92,4.93,6061600.0
2018-01-29 10:43:47.528000,4.92,4.92,4.93,6061600.0
2018-01-29 10:43:52.285000,4.92,4.92,4.93,6061600.0
2018-01-29 10:43:57.643000,4.92,4.92,4.93,6061600.0
2018-01-29 10:44:01.965000,4.92,4.92,4.93,6061600.0
2018-01-29 10:44:05.935000,4.92,4.92,4.93,6061600.0
2018-01-29 10:44:10.475000,4.92,4.92,4.93,6061600.0
2018-01-29 10:44:14.489000,4.92,4.92,4.93,6061600.0
2018-01-29 10:44:18.792000,4.92,4.92,4.93,6061600.0
2018-01-29 10:44:22.929000,4.92,4.92,4.93,6061600.0
2018-01-29 10:44:27.838000,4.92,4.92,4.93,6061600.0
2018-01-29 10:44:34.783000,4.92,4.92,4.93,6061600.0
2018-01-29 10:44:40.273000,4.92,4.92,4.93,6061600.0
2018-01-29 10:44:45.262000,4.92,4.92,4.93,6061600.0
2018-01-29 10:44:48.937000,4.92,4.92,4.93,6061600.0
2018-01-29 10:44:52.585000,4.92,4.92,4.93,6061600.0
2018-01-29 10:44:55.460000,4.92,4.92,4.93,6061600.0
2018-01-29 10:44:58.308000,4.92,4.92,4.93,6061600.0
2018-01-29 10:45:01.359000,4.92,4.92,4.93,6061600.0
2018-01-29 10:45:04.244000,4.92,4.92,4.93,6061600.0
2018-01-29 10:45:07.341000,4.92,4.92,4.93,6061600.0
2018-01-29 10:45:10.313000,4.92,4.92,4.93,6061600.0
2018-01-29 10:45:13.239000,4.92,4.92,4.93,6061600.0
2018-01-29 10:45:16.696000,4.92,4.92,4.93,6061600.0
2018-01-29 10:45:19.700000,4.92,4.92,4.93,6061600.0
2018-01-29 10:45:23.816000,4.92,4.92,4.93,6061600.0
2018-01-29 10:45:27.028000,4.92,4.92,4.93,6061600.0
2018-01-29 10:45:30.045000,4.92,4.92,4.93,6061600.0
2018-01-29 10:45:32.688000,4.92,4.92,4.93,6061600.0
2018-01-29 10:45:35.495000,4.92,4.92,4.93,6061600.0
2018-01-29 10:45:38.400000,4.92,4.92,4.93,6061600.0
2018-01-29 10:45:41.088000,4.92,4.92,4.93,6061600.0
2018-01-29 10:45:43.680000,4.92,4.92,4.93,6061600.0
2018-01-29 10:45:46.331000,4.92,4.92,4.93,6061600.0
2018-01-29 10:45:49.106000,4.92,4.92,4.93,6061600.0
2018-01-29 10:45:51.896000,4.92,4.92,4.93,6061600.0
2018-01-29 10:45:54.763000,4.92,4.92,4.93,6061600.0
2018-01-29 10:45:57.569000,4.92,4.92,4.93,6061600.0
2018-01-29 10:46:00.318000,4.92,4.92,4.93,6061600.0
2018-01-29 10:46:03.276000,4.92,4.92,4.93,6061600.0
2018-01-29 10:46:06.139000,4.92,4.92,4.93,6061600.0
2018-01-29 10:46:10.811000,4.92,4.92,4.93,6061600.0
2018-01-29 10:46:13.761000,4.92,4.92,4.93,6061600.0
2018-01-29 10:46:17.495000,4.92,4.92,4.93,6061600.0
2018-01-29 10:46:20.484000,4.92,4.92,4.93,6061600.0
2018-01-29 10:46:23.412000,4.92,4.92,4.93,6061600.0
2018-01-29 10:46:26.469000,4.92,4.92,4.93,6061600.0
2018-01-29 10:46:29.874000,4.92,4.92,4.93,6061600.0
2018-01-29 10:46:33.169000,4.92,4.92,4.93,6061600.0
2018-01-29 10:46:36.768000,4.92,4.92,4.93,6061600.0
2018-01-29 10:46:40.172000,4.92,4.92,4.93,6061600.0
2018-01-29 10:46:43.200000,4.92,4.92,4.93,6061600.0
2018-01-29 10:46:46.406000,4.92,4.92,4.93,6061600.0
2018-01-29 10:46:49.999000,4.92,4.92,4.93,6061600.0
2018-01-29 10:46:52.964000,4.92,4.92,4.93,6061600.0
2018-01-29 10:46:56.295000,4.92,4.92,4.93,6061600.0
2018-01-29 10:46:59.469000,4.92,4.92,4.93,6061600.0
2018-01-29 10:47:02.488000,4.92,4.92,4.93,6061600.0
2018-01-29 10:47:05.751000,4.92,4.92,4.93,6061600.0
2018-01-29 10:47:08.903000,4.92,4.92,4.93,6061600.0
2018-01-29 10:47:12.313000,4.92,4.92,4.93,6061600.0
2018-01-29 10:47:15.256000,4.92,4.92,4.93,6061600.0
2018-01-29 10:47:18.372000,4.92,4.92,4.93,6061600.0
2018-01-29 10:47:22.228000,4.92,4.92,4.93,6061900.0
2018-01-29 10:47:25.629000,4.92,4.92,4.93,6061900.0
2018-01-29 10:47:28.702000,4.92,4.92,4.93,6061900.0
2018-01-29 10:47:32.611000,4.92,4.92,4.93,6061900.0
2018-01-29 10:47:35.913000,4.92,4.92,4.93,6061900.0
2018-01-29 10:47:39.257000,4.92,4.92,4.93,6061900.0
2018-01-29 10:47:42.251000,4.92,4.92,4.93,6061900.0
2018-01-29 10:47:45.033000,4.92,4.92,4.93,6061900.0
2018-01-29 10:47:48.044000,4.92,4.92,4.93,6061900.0
2018-01-29 10:47:51.064000,4.92,4.92,4.93,6061900.0
2018-01-29 10:47:54.250000,4.92,4.92,4.93,6061900.0
2018-01-29 10:47:57.266000,4.92,4.92,4.93,6061900.0
2018-01-29 10:48:00.373000,4.92,4.92,4.93,6061900.0
2018-01-29 10:48:03.490000,4.92,4.92,4.93,6061900.0
2018-01-29 10:48:06.490000,4.92,4.92,4.93,6061900.0
2018-01-29 10:48:09.504000,4.92,4.92,4.93,6061900.0
2018-01-29 10:48:12.366000,4.92,4.92,4.93,6061900.0
2018-01-29 10:48:15.283000,4.92,4.92,4.93,6061900.0
2018-01-29 10:48:18.279000,4.92,4.92,4.93,6061900.0
2018-01-29 10:48:21.666000,4.92,4.92,4.93,6061900.0
2018-01-29 10:48:25.314000,4.92,4.92,4.93,6061900.0
2018-01-29 10:48:28.470000,4.92,4.92,4.93,6061900.0
2018-01-29 10:48:31.598000,4.92,4.92,4.93,6061900.0
2018-01-29 10:48:34.986000,4.92,4.92,4.93,6061900.0
2018-01-29 10:48:38.059000,4.92,4.92,4.93,6061900.0
2018-01-29 10:48:41.080000,4.92,4.92,4.93,6061900.0
2018-01-29 10:48:44.186000,4.92,4.91,4.92,6080400.0
2018-01-29 10:48:47.349000,4.92,4.91,4.92,6080400.0
2018-01-29 10:48:50.597000,4.92,4.91,4.92,6080400.0
2018-01-29 10:48:53.440000,4.92,4.91,4.92,6080400.0
2018-01-29 10:48:56.456000,4.92,4.91,4.92,6080400.0
2018-01-29 10:48:59.471000,4.92,4.91,4.92,6080400.0
2018-01-29 10:49:02.796000,4.92,4.91,4.92,6080400.0
2018-01-29 10:49:05.770000,4.92,4.91,4.92,6080400.0
2018-01-29 10:49:08.768000,4.92,4.91,4.92,6080400.0
2018-01-29 10:49:11.830000,4.92,4.91,4.92,6080400.0
2018-01-29 10:49:15.048000,4.92,4.91,4.92,6080400.0
2018-01-29 10:49:18.123000,4.92,4.91,4.92,6080400.0
2018-01-29 10:49:21.159000,4.92,4.91,4.92,6080400.0
2018-01-29 10:49:24.003000,4.92,4.91,4.92,6080400.0
2018-01-29 10:49:26.789000,4.92,4.91,4.93,6080400.0
2018-01-29 10:49:29.648000,4.92,4.91,4.93,6080400.0
2018-01-29 10:49:32.636000,4.92,4.91,4.93,6080400.0
2018-01-29 10:49:36.019000,4.92,4.91,4.93,6080400.0
2018-01-29 10:49:38.941000,4.92,4.91,4.93,6080400.0
2018-01-29 10:49:41.685000,4.92,4.91,4.93,6080400.0
2018-01-29 10:49:44.550000,4.92,4.91,4.93,6080400.0
2018-01-29 10:49:47.432000,4.92,4.91,4.93,6080400.0
2018-01-29 10:49:50.345000,4.92,4.91,4.93,6080400.0
2018-01-29 10:49:53.201000,4.92,4.91,4.93,6080400.0
2018-01-29 10:49:55.997000,4.92,4.91,4.93,6080400.0
2018-01-29 10:49:59.077000,4.92,4.91,4.93,6080400.0
2018-01-29 10:50:01.756000,4.92,4.91,4.93,6080400.0
2018-01-29 10:50:04.486000,4.92,4.91,4.93,6080400.0
2018-01-29 10:50:07.475000,4.92,4.91,4.93,6080400.0
2018-01-29 10:50:10.163000,4.92,4.91,4.93,6080400.0
2018-01-29 10:50:12.849000,4.92,4.91,4.93,6080400.0
2018-01-29 10:50:15.795000,4.92,4.91,4.93,6080400.0
2018-01-29 10:50:18.784000,4.92,4.91,4.93,6080400.0
2018-01-29 10:50:21.379000,4.92,4.91,4.93,6080400.0
2018-01-29 10:50:23.971000,4.92,4.91,4.93,6080400.0
2018-01-29 10:50:26.755000,4.92,4.91,4.93,6080400.0
2018-01-29 10:50:29.676000,4.92,4.91,4.93,6080400.0
2018-01-29 10:50:32.648000,4.92,4.92,4.93,6089800.0
2018-01-29 10:50:35.348000,4.92,4.92,4.93,6089800.0
2018-01-29 10:50:38.017000,4.92,4.92,4.93,6089800.0
2018-01-29 10:50:40.800000,4.92,4.92,4.93,6089800.0
2018-01-29 10:50:44.079000,4.92,4.92,4.93,6089800.0
2018-01-29 10:50:46.802000,4.92,4.92,4.93,6089800.0
2018-01-29 10:50:49.741000,4.92,4.92,4.93,6089800.0
2018-01-29 10:50:52.363000,4.92,4.92,4.93,6089800.0
2018-01-29 10:50:55.771000,4.92,4.92,4.93,6089800.0
2018-01-29 10:50:59.379000,4.92,4.92,4.93,6089800.0
2018-01-29 10:51:02.793000,4.92,4.92,4.93,6089800.0
2018-01-29 10:51:05.648000,4.92,4.92,4.93,6089800.0
2018-01-29 10:51:08.408000,4.92,4.92,4.93,6089800.0
2018-01-29 10:51:11.035000,4.92,4.92,4.93,6089800.0
2018-01-29 10:51:13.862000,4.92,4.92,4.93,6089800.0
2018-01-29 10:51:16.489000,4.92,4.92,4.93,6089800.0
2018-01-29 10:51:19.314000,4.92,4.92,4.93,6089800.0
2018-01-29 10:51:22.211000,4.92,4.92,4.93,6089800.0
2018-01-29 10:51:25.421000,4.92,4.92,4.93,6089800.0
2018-01-29 10:51:28.266000,4.92,4.92,4.93,6089800.0
2018-01-29 10:51:30.994000,4.92,4.92,4.93,6089800.0
2018-01-29 10:51:34.062000,4.92,4.92,4.93,6089800.0
2018-01-29 10:51:38.615000,4.92,4.92,4.93,6089800.0
2018-01-29 10:51:41.646000,4.92,4.92,4.93,6089800.0
2018-01-29 10:51:44.568000,4.92,4.92,4.93,6089800.0
2018-01-29 10:51:47.290000,4.92,4.92,4.93,6089800.0
2018-01-29 10:51:50.072000,4.92,4.92,4.93,6089800.0
2018-01-29 10:51:52.950000,4.92,4.92,4.93,6089800.0
2018-01-29 10:51:55.652000,4.92,4.92,4.93,6089800.0
2018-01-29 10:51:58.553000,4.92,4.92,4.93,6089800.0
2018-01-29 10:52:01.272000,4.92,4.92,4.93,6089800.0
2018-01-29 10:52:04.036000,4.92,4.92,4.93,6089800.0
2018-01-29 10:52:06.868000,4.92,4.92,4.93,6089800.0
2018-01-29 10:52:09.395000,4.92,4.92,4.93,6089800.0
2018-01-29 10:52:12.316000,4.92,4.92,4.93,6089800.0
2018-01-29 10:52:15.210000,4.92,4.92,4.93,6089800.0
2018-01-29 10:52:18.191000,4.92,4.92,4.93,6089800.0
2018-01-29 10:52:21.009000,4.92,4.92,4.93,6089800.0
2018-01-29 10:52:23.773000,4.92,4.92,4.93,6089800.0
2018-01-29 10:52:26.735000,4.92,4.92,4.93,6089800.0
2018-01-29 10:52:29.442000,4.92,4.92,4.93,6089800.0
2018-01-29 10:52:32.492000,4.92,4.92,4.93,6089800.0
2018-01-29 10:52:35.631000,4.92,4.92,4.93,6089800.0
2018-01-29 10:52:38.616000,4.92,4.92,4.93,6089800.0
2018-01-29 10:52:41.386000,4.92,4.92,4.93,6089800.0
2018-01-29 10:52:44.049000,4.92,4.92,4.93,6089800.0
2018-01-29 10:52:46.587000,4.92,4.92,4.93,6089800.0
2018-01-29 10:52:50.761000,4.92,4.92,4.93,6089800.0
2018-01-29 10:52:55.681000,4.92,4.92,4.93,6089800.0
2018-01-29 10:53:00.055000,4.92,4.92,4.93,6097800.0
2018-01-29 10:53:03.182000,4.92,4.92,4.93,6097800.0
2018-01-29 10:53:06.461000,4.92,4.92,4.93,6097800.0
2018-01-29 10:53:09.615000,4.92,4.92,4.93,6097800.0
2018-01-29 10:53:12.833000,4.92,4.92,4.93,6097800.0
2018-01-29 10:53:15.789000,4.92,4.92,4.93,6097800.0
2018-01-29 10:53:18.862000,4.92,4.92,4.93,6097800.0
2018-01-29 10:53:21.599000,4.92,4.92,4.93,6097800.0
2018-01-29 10:53:24.705000,4.92,4.92,4.93,6097800.0
2018-01-29 10:53:27.617000,4.92,4.92,4.93,6097800.0
2018-01-29 10:53:30.645000,4.92,4.92,4.93,6097800.0
2018-01-29 10:53:33.818000,4.92,4.92,4.93,6097800.0
2018-01-29 10:53:36.841000,4.92,4.92,4.93,6097800.0
2018-01-29 10:53:39.951000,4.92,4.92,4.93,6097800.0
2018-01-29 10:53:42.952000,4.92,4.92,4.93,6097800.0
2018-01-29 10:53:45.977000,4.92,4.92,4.93,6097800.0
2018-01-29 10:53:48.739000,4.92,4.92,4.93,6097800.0
2018-01-29 10:53:51.731000,4.92,4.92,4.93,6097800.0
2018-01-29 10:53:54.959000,4.92,4.92,4.93,6097800.0
2018-01-29 10:53:57.980000,4.92,4.92,4.93,6097800.0
2018-01-29 10:54:01.184000,4.92,4.92,4.93,6097800.0
2018-01-29 10:54:04.273000,4.92,4.92,4.93,6097800.0
2018-01-29 10:54:07.283000,4.92,4.92,4.93,6097800.0
2018-01-29 10:54:10.206000,4.92,4.92,4.93,6097800.0
2018-01-29 10:54:12.981000,4.92,4.92,4.93,6097800.0
2018-01-29 10:54:15.918000,4.92,4.92,4.93,6097800.0
2018-01-29 10:54:18.683000,4.92,4.92,4.93,6097800.0
2018-01-29 10:54:21.515000,4.92,4.92,4.93,6097800.0
2018-01-29 10:54:24.152000,4.92,4.92,4.93,6097800.0
2018-01-29 10:54:27.046000,4.92,4.92,4.93,6097800.0
2018-01-29 10:54:30.141000,4.92,4.92,4.93,6097800.0
2018-01-29 10:54:33.116000,4.92,4.92,4.93,6097800.0
2018-01-29 10:54:35.962000,4.92,4.92,4.93,6097800.0
2018-01-29 10:54:38.896000,4.92,4.92,4.93,6097800.0
2018-01-29 10:54:41.740000,4.92,4.92,4.93,6097800.0
2018-01-29 10:54:44.589000,4.92,4.92,4.93,6097800.0
2018-01-29 10:54:47.572000,4.92,4.92,4.93,6097800.0
2018-01-29 10:54:50.510000,4.92,4.92,4.93,6097800.0
2018-01-29 10:54:53.407000,4.92,4.92,4.93,6097800.0
2018-01-29 10:54:56.264000,4.92,4.92,4.93,6097800.0
2018-01-29 10:54:59.131000,4.92,4.92,4.93,6097800.0
2018-01-29 10:55:01.763000,4.92,4.92,4.93,6097800.0
2018-01-29 10:55:04.473000,4.92,4.92,4.93,6097800.0
2018-01-29 10:55:07.249000,4.92,4.92,4.93,6097800.0
2018-01-29 10:55:10.105000,4.92,4.92,4.93,6097800.0
2018-01-29 10:55:13.056000,4.92,4.92,4.93,6097800.0
2018-01-29 10:55:15.970000,4.92,4.92,4.93,6097800.0
2018-01-29 10:55:19.208000,4.92,4.92,4.93,6097800.0
2018-01-29 10:55:22.088000,4.92,4.92,4.93,6097800.0
2018-01-29 10:55:25.146000,4.92,4.92,4.93,6097800.0
2018-01-29 10:55:27.933000,4.92,4.92,4.93,6097800.0
2018-01-29 10:55:30.732000,4.92,4.92,4.93,6104800.0
2018-01-29 10:55:33.429000,4.92,4.92,4.93,6104800.0
2018-01-29 10:55:36.482000,4.92,4.92,4.93,6104800.0
2018-01-29 10:55:39.286000,4.92,4.92,4.93,6104800.0
2018-01-29 10:55:42.070000,4.92,4.92,4.93,6104800.0
2018-01-29 10:55:44.823000,4.92,4.92,4.93,6104800.0
2018-01-29 10:55:47.370000,4.92,4.92,4.93,6104800.0
2018-01-29 10:55:50.132000,4.92,4.92,4.93,6104800.0
2018-01-29 10:55:53.222000,4.92,4.92,4.93,6104800.0
2018-01-29 10:55:56.258000,4.92,4.92,4.93,6104800.0
2018-01-29 10:55:59.446000,4.92,4.92,4.93,6104800.0
2018-01-29 10:56:02.267000,4.92,4.92,4.93,6104800.0
2018-01-29 10:56:05.464000,4.92,4.92,4.93,6104800.0
2018-01-29 10:56:08.369000,4.92,4.92,4.93,6104800.0
2018-01-29 10:56:11.275000,4.92,4.92,4.93,6104800.0
2018-01-29 10:56:14.069000,4.92,4.92,4.93,6104800.0
2018-01-29 10:56:16.958000,4.92,4.92,4.93,6104800.0
2018-01-29 10:56:19.650000,4.92,4.92,4.93,6104800.0
2018-01-29 10:56:22.400000,4.92,4.92,4.93,6104800.0
2018-01-29 10:56:25.417000,4.92,4.92,4.93,6104800.0
2018-01-29 10:56:28.089000,4.92,4.92,4.93,6104800.0
2018-01-29 10:56:31.091000,4.92,4.92,4.93,6104800.0
2018-01-29 10:56:33.946000,4.92,4.92,4.93,6104800.0
2018-01-29 10:56:36.763000,4.92,4.92,4.93,6104800.0
2018-01-29 10:56:39.729000,4.92,4.92,4.93,6104800.0
2018-01-29 10:56:42.417000,4.92,4.92,4.93,6104800.0
2018-01-29 10:56:45.292000,4.92,4.92,4.93,6104800.0
2018-01-29 10:56:48.082000,4.92,4.92,4.93,6104800.0
2018-01-29 10:56:50.808000,4.92,4.92,4.93,6104800.0
2018-01-29 10:56:53.687000,4.92,4.92,4.93,6104800.0
2018-01-29 10:56:56.355000,4.92,4.92,4.93,6104800.0
2018-01-29 10:56:59.336000,4.92,4.92,4.93,6104800.0
2018-01-29 10:57:02.234000,4.92,4.92,4.93,6104800.0
2018-01-29 10:57:05.053000,4.92,4.92,4.93,6104800.0
2018-01-29 10:57:07.936000,4.92,4.92,4.93,6104800.0
2018-01-29 10:57:10.853000,4.92,4.92,4.93,6104800.0
2018-01-29 10:57:13.759000,4.92,4.92,4.93,6104800.0
2018-01-29 10:57:16.500000,4.92,4.92,4.93,6104800.0
2018-01-29 10:57:19.402000,4.92,4.92,4.93,6104800.0
2018-01-29 10:57:22.297000,4.92,4.92,4.93,6104800.0
2018-01-29 10:57:25.137000,4.92,4.92,4.93,6104800.0
2018-01-29 10:57:28.156000,4.92,4.92,4.93,6104800.0
2018-01-29 10:57:30.984000,4.92,4.92,4.93,6104800.0
2018-01-29 10:57:33.819000,4.92,4.92,4.93,6104800.0
2018-01-29 10:57:36.705000,4.92,4.92,4.93,6104800.0
2018-01-29 10:57:39.256000,4.92,4.92,4.93,6104800.0
2018-01-29 10:57:42.129000,4.92,4.92,4.93,6104800.0
2018-01-29 10:57:45.075000,4.92,4.92,4.93,6104800.0
2018-01-29 10:57:47.935000,4.92,4.92,4.93,6104800.0
2018-01-29 10:57:50.700000,4.92,4.92,4.93,6104800.0
2018-01-29 10:57:53.779000,4.92,4.92,4.93,6104800.0
2018-01-29 10:57:56.559000,4.92,4.92,4.93,6104800.0
2018-01-29 10:57:59.322000,4.92,4.92,4.93,6104800.0
2018-01-29 10:58:02.087000,4.92,4.92,4.93,6104800.0
2018-01-29 10:58:05.075000,4.92,4.92,4.93,6104800.0
2018-01-29 10:58:07.820000,4.92,4.92,4.93,6104800.0
2018-01-29 10:58:10.668000,4.92,4.92,4.93,6104800.0
2018-01-29 10:58:13.840000,4.92,4.92,4.93,6104800.0
2018-01-29 10:58:16.750000,4.92,4.92,4.93,6104800.0
2018-01-29 10:58:20.119000,4.92,4.92,4.93,6104800.0
2018-01-29 10:58:22.938000,4.92,4.92,4.93,6104800.0
2018-01-29 10:58:25.763000,4.92,4.92,4.93,6104800.0
2018-01-29 10:58:28.568000,4.92,4.92,4.93,6104800.0
2018-01-29 10:58:31.539000,4.92,4.92,4.93,6104800.0
2018-01-29 10:58:34.448000,4.92,4.92,4.93,6104800.0
2018-01-29 10:58:37.483000,4.92,4.92,4.93,6104800.0
2018-01-29 10:58:40.367000,4.92,4.92,4.93,6104800.0
2018-01-29 10:58:43.116000,4.92,4.92,4.93,6104800.0
2018-01-29 10:58:45.784000,4.92,4.92,4.93,6104800.0
2018-01-29 10:58:48.948000,4.92,4.92,4.93,6104800.0
2018-01-29 10:58:51.787000,4.92,4.92,4.93,6104800.0
2018-01-29 10:58:54.446000,4.92,4.92,4.93,6104800.0
2018-01-29 10:58:57.324000,4.92,4.92,4.93,6104800.0
2018-01-29 10:59:00.046000,4.92,4.92,4.93,6104800.0
2018-01-29 10:59:02.898000,4.92,4.92,4.93,6104800.0
2018-01-29 10:59:05.417000,4.92,4.92,4.93,6104800.0
2018-01-29 10:59:08.175000,4.92,4.92,4.93,6104800.0
2018-01-29 10:59:10.927000,4.92,4.92,4.93,6104800.0
2018-01-29 10:59:13.930000,4.92,4.92,4.93,6104800.0
2018-01-29 10:59:17.001000,4.92,4.92,4.93,6104800.0
2018-01-29 10:59:19.844000,4.92,4.92,4.93,6104800.0
2018-01-29 10:59:22.621000,4.92,4.92,4.93,6104800.0
2018-01-29 10:59:25.290000,4.92,4.92,4.93,6104800.0
2018-01-29 10:59:28.124000,4.92,4.92,4.93,6104800.0
2018-01-29 10:59:31.044000,4.92,4.92,4.93,6104800.0
2018-01-29 10:59:33.721000,4.92,4.92,4.93,6104800.0
2018-01-29 10:59:36.628000,4.92,4.92,4.93,6104800.0
2018-01-29 10:59:39.495000,4.92,4.92,4.93,6104800.0
2018-01-29 10:59:42.276000,4.92,4.92,4.93,6104800.0
2018-01-29 10:59:45.004000,4.92,4.92,4.93,6104800.0
2018-01-29 10:59:48.023000,4.92,4.92,4.93,6104800.0
2018-01-29 10:59:50.748000,4.92,4.92,4.93,6104800.0
2018-01-29 10:59:53.804000,4.92,4.92,4.93,6104800.0
2018-01-29 10:59:56.561000,4.92,4.92,4.93,6104800.0
2018-01-29 10:59:59.417000,4.92,4.92,4.93,6104800.0
2018-01-29 11:00:02.325000,4.92,4.92,4.93,6104800.0
2018-01-29 11:00:05.059000,4.92,4.92,4.93,6104800.0
2018-01-29 11:00:07.946000,4.92,4.92,4.93,6104800.0
2018-01-29 11:00:10.716000,4.92,4.92,4.93,6104800.0
2018-01-29 11:00:13.503000,4.92,4.92,4.93,6104800.0
2018-01-29 11:00:16.555000,4.92,4.92,4.93,6104800.0
2018-01-29 11:00:19.184000,4.92,4.92,4.93,6104800.0
2018-01-29 11:00:22.381000,4.92,4.92,4.93,6104800.0
2018-01-29 11:00:25.189000,4.92,4.92,4.93,6104800.0
2018-01-29 11:00:27.938000,4.92,4.92,4.93,6104800.0
2018-01-29 11:00:30.611000,4.92,4.92,4.93,6104800.0
2018-01-29 11:00:33.428000,4.92,4.92,4.93,6104800.0
2018-01-29 11:00:36.532000,4.92,4.92,4.93,6104800.0
2018-01-29 11:00:39.730000,4.92,4.92,4.93,6104800.0
2018-01-29 11:00:42.467000,4.92,4.92,4.93,6104800.0
2018-01-29 11:00:45.134000,4.92,4.92,4.93,6104800.0
2018-01-29 11:00:47.767000,4.93,4.92,4.93,6114800.0
2018-01-29 11:00:50.532000,4.93,4.92,4.93,6114800.0
2018-01-29 11:00:53.258000,4.93,4.92,4.93,6114800.0
2018-01-29 11:00:55.874000,4.93,4.92,4.93,6114800.0
2018-01-29 11:00:58.932000,4.93,4.92,4.93,6114800.0
2018-01-29 11:01:01.523000,4.93,4.92,4.93,6114800.0
2018-01-29 11:01:04.401000,4.93,4.92,4.93,6114800.0
2018-01-29 11:01:07.187000,4.93,4.92,4.93,6114800.0
2018-01-29 11:01:09.982000,4.93,4.92,4.93,6114800.0
2018-01-29 11:01:12.550000,4.93,4.92,4.93,6114800.0
2018-01-29 11:01:15.453000,4.93,4.92,4.93,6114800.0
2018-01-29 11:01:18.142000,4.93,4.92,4.93,6114800.0
2018-01-29 11:01:20.374000,4.93,4.92,4.93,6114800.0
2018-01-29 11:01:23.476000,4.93,4.92,4.93,6114800.0
2018-01-29 11:01:26.720000,4.93,4.92,4.93,6114800.0
2018-01-29 11:01:29.657000,4.93,4.92,4.93,6114800.0
2018-01-29 11:01:32.612000,4.93,4.92,4.93,6114800.0
2018-01-29 11:01:35.714000,4.93,4.92,4.93,6114800.0
2018-01-29 11:01:38.471000,4.93,4.92,4.93,6114800.0
2018-01-29 11:01:41.206000,4.93,4.92,4.93,6114800.0
2018-01-29 11:01:44.153000,4.93,4.92,4.93,6123800.0
2018-01-29 11:01:46.785000,4.93,4.92,4.93,6123800.0
2018-01-29 11:01:49.595000,4.93,4.92,4.93,6123800.0
2018-01-29 11:01:52.349000,4.93,4.92,4.93,6123800.0
2018-01-29 11:01:55.127000,4.93,4.92,4.93,6123800.0
2018-01-29 11:01:57.866000,4.93,4.92,4.93,6123800.0
2018-01-29 11:02:00.754000,4.93,4.92,4.93,6123800.0
2018-01-29 11:02:03.647000,4.93,4.92,4.93,6123800.0
2018-01-29 11:02:06.375000,4.93,4.92,4.93,6123800.0
2018-01-29 11:02:08.982000,4.93,4.92,4.93,6123800.0
2018-01-29 11:02:11.643000,4.93,4.92,4.93,6123800.0
2018-01-29 11:02:14.326000,4.93,4.92,4.93,6123800.0
2018-01-29 11:02:17.397000,4.93,4.92,4.93,6123800.0
2018-01-29 11:02:20.189000,4.93,4.92,4.93,6123800.0
2018-01-29 11:02:23.206000,4.93,4.92,4.93,6123800.0
2018-01-29 11:02:25.923000,4.93,4.92,4.93,6123800.0
2018-01-29 11:02:28.770000,4.93,4.92,4.93,6123800.0
2018-01-29 11:02:31.530000,4.93,4.92,4.93,6123800.0
2018-01-29 11:02:34.094000,4.93,4.92,4.93,6123800.0
2018-01-29 11:02:36.939000,4.93,4.92,4.93,6123800.0
2018-01-29 11:02:39.529000,4.93,4.92,4.93,6123800.0
2018-01-29 11:02:42.440000,4.93,4.92,4.93,6123800.0
2018-01-29 11:02:44.955000,4.93,4.92,4.93,6123800.0
2018-01-29 11:02:47.662000,4.93,4.92,4.93,6123800.0
2018-01-29 11:02:50.325000,4.93,4.92,4.93,6123800.0
2018-01-29 11:02:53.596000,4.93,4.92,4.93,6123800.0
2018-01-29 11:02:56.332000,4.93,4.92,4.93,6123800.0
2018-01-29 11:02:59.090000,4.93,4.92,4.93,6123800.0
2018-01-29 11:03:01.912000,4.93,4.92,4.93,6123800.0
2018-01-29 11:03:04.764000,4.93,4.92,4.93,6123800.0
2018-01-29 11:03:07.694000,4.93,4.92,4.93,6123800.0
2018-01-29 11:03:10.587000,4.93,4.92,4.93,6123800.0
2018-01-29 11:03:13.373000,4.93,4.92,4.93,6123800.0
2018-01-29 11:03:16.131000,4.93,4.92,4.93,6123800.0
2018-01-29 11:03:19.266000,4.93,4.92,4.93,6123800.0
2018-01-29 11:03:21.883000,4.93,4.92,4.93,6123800.0
2018-01-29 11:03:24.676000,4.93,4.92,4.93,6123800.0
2018-01-29 11:03:27.974000,4.93,4.92,4.93,6123800.0
2018-01-29 11:03:30.700000,4.93,4.92,4.93,6123800.0
2018-01-29 11:03:33.464000,4.93,4.92,4.93,6123800.0
2018-01-29 11:03:36.308000,4.93,4.92,4.93,6123800.0
2018-01-29 11:03:39.076000,4.93,4.92,4.94,6168100.0
2018-01-29 11:03:41.897000,4.93,4.92,4.94,6168100.0
2018-01-29 11:03:44.894000,4.93,4.92,4.94,6168100.0
2018-01-29 11:03:47.627000,4.93,4.92,4.94,6168100.0
2018-01-29 11:03:50.659000,4.93,4.92,4.94,6168100.0
2018-01-29 11:03:53.364000,4.93,4.92,4.94,6168100.0
2018-01-29 11:03:56.140000,4.93,4.92,4.94,6168100.0
2018-01-29 11:03:58.972000,4.93,4.92,4.94,6168100.0
2018-01-29 11:04:01.740000,4.93,4.92,4.94,6168100.0
2018-01-29 11:04:04.467000,4.93,4.92,4.94,6168100.0
2018-01-29 11:04:07.276000,4.93,4.92,4.94,6168100.0
2018-01-29 11:04:10.424000,4.93,4.92,4.94,6168100.0
2018-01-29 11:04:13.306000,4.93,4.92,4.94,6168100.0
2018-01-29 11:04:16.447000,4.93,4.92,4.94,6168100.0
2018-01-29 11:04:19.359000,4.93,4.92,4.94,6168100.0
2018-01-29 11:04:22.177000,4.93,4.92,4.94,6168100.0
2018-01-29 11:04:24.936000,4.93,4.92,4.94,6168100.0
2018-01-29 11:04:27.731000,4.93,4.92,4.94,6168100.0
2018-01-29 11:04:30.581000,4.93,4.92,4.94,6168100.0
2018-01-29 11:04:33.538000,4.93,4.93,4.94,6168100.0
2018-01-29 11:04:36.353000,4.93,4.93,4.94,6168100.0
2018-01-29 11:04:39.050000,4.93,4.93,4.94,6168100.0
2018-01-29 11:04:41.787000,4.93,4.93,4.94,6168100.0
2018-01-29 11:04:44.694000,4.93,4.93,4.94,6168100.0
2018-01-29 11:04:47.494000,4.93,4.93,4.94,6168100.0
2018-01-29 11:04:50.396000,4.93,4.93,4.94,6168100.0
2018-01-29 11:04:53.056000,4.93,4.93,4.94,6168100.0
2018-01-29 11:04:55.880000,4.93,4.93,4.94,6168100.0
2018-01-29 11:04:58.743000,4.93,4.93,4.94,6168100.0
2018-01-29 11:05:01.572000,4.93,4.93,4.94,6168100.0
2018-01-29 11:05:04.935000,4.93,4.93,4.94,6168100.0
2018-01-29 11:05:07.723000,4.93,4.93,4.94,6168100.0
2018-01-29 11:05:10.538000,4.93,4.93,4.94,6168100.0
2018-01-29 11:05:13.573000,4.93,4.93,4.94,6168100.0
2018-01-29 11:05:16.949000,4.93,4.93,4.94,6168100.0
2018-01-29 11:05:19.752000,4.93,4.93,4.94,6168100.0
2018-01-29 11:05:22.793000,4.93,4.93,4.94,6168100.0
2018-01-29 11:05:25.657000,4.93,4.93,4.94,6168100.0
2018-01-29 11:05:28.450000,4.93,4.93,4.94,6168100.0
2018-01-29 11:05:31.349000,4.93,4.93,4.94,6168100.0
2018-01-29 11:05:34.415000,4.93,4.93,4.94,6168100.0
2018-01-29 11:05:38.510000,4.93,4.93,4.94,6168100.0
2018-01-29 11:05:42.573000,4.93,4.93,4.94,6168100.0
2018-01-29 11:05:45.557000,4.93,4.93,4.94,6168100.0
2018-01-29 11:05:48.417000,4.93,4.93,4.94,6168100.0
2018-01-29 11:05:51.326000,4.93,4.93,4.94,6168100.0
2018-01-29 11:05:54.085000,4.93,4.93,4.94,6168100.0
2018-01-29 11:05:56.850000,4.93,4.93,4.94,6168100.0
2018-01-29 11:05:59.661000,4.93,4.93,4.94,6168100.0
2018-01-29 11:06:02.525000,4.93,4.93,4.94,6168100.0
2018-01-29 11:06:05.527000,4.93,4.93,4.94,6168100.0
2018-01-29 11:06:08.287000,4.93,4.93,4.94,6168100.0
2018-01-29 11:06:11.069000,4.93,4.93,4.94,6168100.0
2018-01-29 11:06:13.932000,4.93,4.93,4.94,6168100.0
2018-01-29 11:06:16.788000,4.93,4.93,4.94,6168100.0
2018-01-29 11:06:19.566000,4.93,4.93,4.94,6168100.0
2018-01-29 11:06:22.274000,4.93,4.93,4.94,6168100.0
2018-01-29 11:06:25.126000,4.93,4.93,4.94,6168100.0
2018-01-29 11:06:27.905000,4.93,4.93,4.94,6168100.0
2018-01-29 11:06:30.713000,4.93,4.93,4.94,6168100.0
2018-01-29 11:06:33.522000,4.93,4.93,4.94,6168100.0
2018-01-29 11:06:36.242000,4.93,4.93,4.94,6168100.0
2018-01-29 11:06:39.051000,4.93,4.93,4.94,6168100.0
2018-01-29 11:06:41.778000,4.93,4.93,4.94,6168100.0
2018-01-29 11:06:44.692000,4.93,4.93,4.94,6168100.0
2018-01-29 11:06:47.288000,4.93,4.93,4.94,6168100.0
2018-01-29 11:06:49.941000,4.93,4.93,4.94,6168100.0
2018-01-29 11:06:52.807000,4.93,4.93,4.94,6168100.0
2018-01-29 11:06:55.856000,4.93,4.93,4.94,6168100.0
2018-01-29 11:06:58.670000,4.93,4.93,4.94,6168100.0
2018-01-29 11:07:01.316000,4.93,4.93,4.94,6168100.0
2018-01-29 11:07:03.976000,4.93,4.93,4.94,6168100.0
2018-01-29 11:07:06.853000,4.93,4.93,4.94,6168100.0
2018-01-29 11:07:09.589000,4.93,4.93,4.94,6168100.0
2018-01-29 11:07:12.272000,4.93,4.93,4.94,6168100.0
2018-01-29 11:07:14.818000,4.93,4.93,4.94,6168100.0
2018-01-29 11:07:17.332000,4.93,4.93,4.94,6168100.0
2018-01-29 11:07:19.959000,4.93,4.93,4.94,6168100.0
2018-01-29 11:07:22.778000,4.93,4.93,4.94,6168100.0
2018-01-29 11:07:25.618000,4.93,4.93,4.94,6168100.0
2018-01-29 11:07:28.481000,4.93,4.93,4.94,6168100.0
2018-01-29 11:07:31.209000,4.93,4.93,4.94,6168100.0
2018-01-29 11:07:34.009000,4.93,4.93,4.94,6168100.0
2018-01-29 11:07:36.775000,4.93,4.93,4.94,6168100.0
2018-01-29 11:07:39.475000,4.93,4.93,4.94,6168100.0
2018-01-29 11:07:42.494000,4.93,4.93,4.94,6168100.0
2018-01-29 11:07:45.194000,4.93,4.93,4.94,6168100.0
2018-01-29 11:07:48.165000,4.93,4.93,4.94,6168100.0
2018-01-29 11:07:50.713000,4.93,4.93,4.94,6168100.0
2018-01-29 11:07:53.493000,4.93,4.93,4.94,6168100.0
2018-01-29 11:07:56.114000,4.93,4.93,4.94,6168100.0
2018-01-29 11:07:58.914000,4.93,4.93,4.94,6168100.0
2018-01-29 11:08:01.641000,4.93,4.93,4.94,6168100.0
2018-01-29 11:08:04.484000,4.93,4.93,4.94,6168100.0
2018-01-29 11:08:07.369000,4.93,4.93,4.94,6168100.0
2018-01-29 11:08:10.302000,4.93,4.93,4.94,6168100.0
2018-01-29 11:08:13.036000,4.93,4.93,4.94,6168100.0
2018-01-29 11:08:15.789000,4.93,4.93,4.94,6168100.0
2018-01-29 11:08:18.527000,4.93,4.93,4.94,6168100.0
2018-01-29 11:08:21.229000,4.93,4.93,4.94,6168100.0
2018-01-29 11:08:24.212000,4.93,4.93,4.94,6168100.0
2018-01-29 11:08:27.074000,4.93,4.93,4.94,6168100.0
2018-01-29 11:08:30.020000,4.93,4.93,4.94,6168100.0
2018-01-29 11:08:32.803000,4.93,4.93,4.94,6168100.0
2018-01-29 11:08:35.396000,4.93,4.93,4.94,6168100.0
2018-01-29 11:08:38.151000,4.93,4.93,4.94,6168100.0
2018-01-29 11:08:41.632000,4.93,4.93,4.94,6168100.0
2018-01-29 11:08:44.538000,4.93,4.93,4.94,6168100.0
2018-01-29 11:08:47.261000,4.93,4.93,4.94,6168100.0
2018-01-29 11:08:50.162000,4.93,4.93,4.94,6168100.0
2018-01-29 11:08:52.998000,4.93,4.93,4.94,6168100.0
2018-01-29 11:08:56.147000,4.93,4.93,4.94,6168100.0
2018-01-29 11:08:58.806000,4.93,4.93,4.94,6168100.0
2018-01-29 11:09:01.762000,4.93,4.93,4.94,6168100.0
2018-01-29 11:09:05.318000,4.93,4.93,4.94,6168100.0
2018-01-29 11:09:08.363000,4.93,4.93,4.94,6168100.0
2018-01-29 11:09:11.464000,4.93,4.93,4.94,6168100.0
2018-01-29 11:09:16.104000,4.93,4.93,4.94,6168100.0
2018-01-29 11:09:19.501000,4.93,4.93,4.94,6168100.0
2018-01-29 11:09:22.762000,4.93,4.93,4.94,6168100.0
2018-01-29 11:09:25.723000,4.93,4.93,4.94,6168100.0
2018-01-29 11:09:28.412000,4.93,4.93,4.94,6168100.0
2018-01-29 11:09:31.299000,4.93,4.93,4.94,6168100.0
2018-01-29 11:09:34.574000,4.93,4.93,4.94,6168100.0
2018-01-29 11:09:37.294000,4.94,4.93,4.94,6188100.0
2018-01-29 11:09:40.068000,4.94,4.93,4.94,6188100.0
2018-01-29 11:09:42.950000,4.94,4.93,4.94,6188100.0
2018-01-29 11:09:45.850000,4.94,4.93,4.94,6188100.0
2018-01-29 11:09:48.823000,4.94,4.93,4.94,6188100.0
2018-01-29 11:09:51.786000,4.94,4.93,4.94,6188100.0
2018-01-29 11:09:54.647000,4.94,4.93,4.94,6188100.0
2018-01-29 11:09:57.371000,4.94,4.93,4.94,6188100.0
2018-01-29 11:10:00.272000,4.94,4.93,4.94,6188100.0
2018-01-29 11:10:03.040000,4.94,4.93,4.94,6188100.0
2018-01-29 11:10:05.830000,4.94,4.93,4.94,6188100.0
2018-01-29 11:10:08.552000,4.94,4.93,4.94,6188100.0
2018-01-29 11:10:11.437000,4.94,4.93,4.94,6188100.0
2018-01-29 11:10:14.230000,4.94,4.93,4.94,6188100.0
2018-01-29 11:10:17.450000,4.94,4.93,4.94,6188100.0
2018-01-29 11:10:20.228000,4.94,4.93,4.94,6188100.0
2018-01-29 11:10:23.761000,4.94,4.93,4.94,6188100.0
2018-01-29 11:10:26.531000,4.94,4.94,4.95,6217400.0
2018-01-29 11:10:29.540000,4.94,4.94,4.95,6217400.0
2018-01-29 11:10:32.513000,4.94,4.94,4.95,6217400.0
2018-01-29 11:10:35.321000,4.94,4.94,4.95,6217400.0
2018-01-29 11:10:38.327000,4.94,4.94,4.95,6217400.0
2018-01-29 11:10:42.638000,4.94,4.94,4.95,6217400.0
2018-01-29 11:10:45.243000,4.94,4.94,4.95,6217400.0
2018-01-29 11:10:47.930000,4.94,4.94,4.95,6217400.0
2018-01-29 11:10:50.871000,4.94,4.94,4.95,6217400.0
2018-01-29 11:10:53.776000,4.94,4.94,4.95,6217400.0
2018-01-29 11:10:56.731000,4.94,4.94,4.95,6217400.0
2018-01-29 11:10:59.604000,4.94,4.94,4.95,6217400.0
2018-01-29 11:11:02.383000,4.94,4.94,4.95,6217400.0
2018-01-29 11:11:05.606000,4.94,4.94,4.95,6217400.0
2018-01-29 11:11:08.394000,4.94,4.94,4.95,6217400.0
2018-01-29 11:11:11.372000,4.94,4.94,4.95,6217400.0
2018-01-29 11:11:14.074000,4.94,4.94,4.95,6217400.0
2018-01-29 11:11:16.754000,4.94,4.94,4.95,6217400.0
2018-01-29 11:11:19.870000,4.94,4.94,4.95,6217400.0
2018-01-29 11:11:23.053000,4.94,4.94,4.95,6217400.0
2018-01-29 11:11:25.982000,4.94,4.94,4.95,6217400.0
2018-01-29 11:11:28.633000,4.94,4.94,4.95,6217400.0
2018-01-29 11:11:31.996000,4.94,4.94,4.95,6217400.0
2018-01-29 11:11:34.743000,4.95,4.94,4.95,6257400.0
2018-01-29 11:11:37.628000,4.95,4.94,4.95,6257400.0
2018-01-29 11:11:40.289000,4.95,4.94,4.95,6257400.0
2018-01-29 11:11:42.966000,4.95,4.94,4.95,6257400.0
2018-01-29 11:11:45.903000,4.95,4.94,4.95,6257400.0
2018-01-29 11:11:48.897000,4.95,4.94,4.95,6257400.0
2018-01-29 11:11:51.404000,4.95,4.94,4.95,6257400.0
2018-01-29 11:11:54.362000,4.95,4.94,4.95,6257400.0
2018-01-29 11:11:57.034000,4.95,4.94,4.95,6257400.0
2018-01-29 11:11:59.874000,4.95,4.94,4.95,6257400.0
2018-01-29 11:12:02.639000,4.95,4.94,4.95,6257400.0
2018-01-29 11:12:05.627000,4.95,4.94,4.95,6257400.0
2018-01-29 11:12:08.458000,4.95,4.94,4.95,6257400.0
2018-01-29 11:12:11.412000,4.95,4.94,4.95,6307400.0
2018-01-29 11:12:14.232000,4.95,4.94,4.95,6307400.0
2018-01-29 11:12:16.984000,4.95,4.94,4.95,6307400.0
2018-01-29 11:12:19.830000,4.95,4.94,4.95,6307400.0
2018-01-29 11:12:22.831000,4.95,4.94,4.95,6307400.0
2018-01-29 11:12:25.698000,4.95,4.94,4.95,6307400.0
2018-01-29 11:12:28.611000,4.95,4.94,4.95,6307400.0
2018-01-29 11:12:31.446000,4.95,4.94,4.95,6307400.0
2018-01-29 11:12:35.134000,4.95,4.94,4.95,6307400.0
2018-01-29 11:12:38.846000,4.95,4.94,4.95,6307400.0
2018-01-29 11:12:42.982000,4.95,4.94,4.95,6307400.0
2018-01-29 11:12:46.806000,4.95,4.94,4.95,6307400.0
2018-01-29 11:12:50.308000,4.95,4.94,4.95,6307400.0
2018-01-29 11:12:53.547000,4.95,4.94,4.95,6307400.0
2018-01-29 11:12:57.081000,4.95,4.94,4.95,6307400.0
2018-01-29 11:13:00.291000,4.95,4.94,4.95,6307400.0
2018-01-29 11:13:03.265000,4.95,4.94,4.95,6307400.0
2018-01-29 11:13:06.527000,4.95,4.94,4.95,6307400.0
2018-01-29 11:13:09.499000,4.95,4.94,4.95,6307400.0
2018-01-29 11:13:12.563000,4.95,4.94,4.95,6307400.0
2018-01-29 11:13:15.551000,4.95,4.94,4.95,6307400.0
2018-01-29 11:13:18.630000,4.95,4.94,4.95,6307400.0
2018-01-29 11:13:21.418000,4.95,4.94,4.95,6307400.0
2018-01-29 11:13:24.452000,4.95,4.94,4.95,6307400.0
2018-01-29 11:13:27.748000,4.95,4.94,4.95,6307400.0
2018-01-29 11:13:31.183000,4.95,4.94,4.95,6307400.0
2018-01-29 11:13:34.158000,4.95,4.94,4.95,6307400.0
2018-01-29 11:13:37.375000,4.95,4.94,4.95,6331400.0
2018-01-29 11:13:40.588000,4.95,4.94,4.95,6331400.0
2018-01-29 11:13:47.781000,4.95,4.94,4.95,6331400.0
2018-01-29 11:13:52.185000,4.95,4.94,4.95,6331400.0
2018-01-29 11:13:55.481000,4.95,4.94,4.95,6331400.0
2018-01-29 11:13:59.064000,4.95,4.94,4.95,6331400.0
2018-01-29 11:14:06.738000,4.95,4.94,4.95,6331400.0
2018-01-29 11:14:10.719000,4.95,4.94,4.95,6331400.0
2018-01-29 11:14:13.722000,4.95,4.94,4.95,6331400.0
2018-01-29 11:14:17.267000,4.95,4.94,4.95,6331400.0
2018-01-29 11:14:20.485000,4.95,4.94,4.95,6331400.0
2018-01-29 11:14:23.961000,4.95,4.94,4.95,6331400.0
2018-01-29 11:14:27.048000,4.95,4.94,4.95,6331400.0
2018-01-29 11:14:30.083000,4.95,4.94,4.95,6331400.0
2018-01-29 11:14:33.114000,4.95,4.94,4.95,6331400.0
2018-01-29 11:14:35.946000,4.95,4.94,4.95,6331400.0
2018-01-29 11:14:38.890000,4.95,4.94,4.95,6331400.0
2018-01-29 11:14:41.757000,4.95,4.94,4.95,6331400.0
2018-01-29 11:14:44.674000,4.95,4.94,4.95,6331400.0
2018-01-29 11:14:47.469000,4.95,4.94,4.95,6331400.0
2018-01-29 11:14:50.370000,4.95,4.94,4.95,6331400.0
2018-01-29 11:14:53.048000,4.95,4.94,4.95,6331400.0
2018-01-29 11:14:55.674000,4.95,4.94,4.95,6331400.0
2018-01-29 11:14:58.314000,4.95,4.94,4.95,6331400.0
2018-01-29 11:15:01.084000,4.95,4.94,4.95,6331400.0
2018-01-29 11:15:04.100000,4.95,4.94,4.95,6331400.0
2018-01-29 11:15:06.737000,4.95,4.94,4.95,6331400.0
2018-01-29 11:15:10.036000,4.95,4.94,4.95,6331400.0
2018-01-29 11:15:16.683000,4.95,4.94,4.95,6331400.0
2018-01-29 11:15:19.425000,4.95,4.94,4.95,6331400.0
2018-01-29 11:15:22.111000,4.95,4.94,4.95,6331400.0
2018-01-29 11:15:25.096000,4.95,4.94,4.95,6331400.0
2018-01-29 11:15:28.003000,4.95,4.94,4.95,6331400.0
2018-01-29 11:15:31.061000,4.95,4.94,4.95,6331400.0
2018-01-29 11:15:33.839000,4.95,4.94,4.95,6331400.0
2018-01-29 11:15:36.429000,4.95,4.94,4.95,6331400.0
2018-01-29 11:15:39.292000,4.95,4.94,4.95,6331400.0
2018-01-29 11:15:42.022000,4.95,4.94,4.95,6331400.0
2018-01-29 11:15:45.120000,4.95,4.94,4.95,6331400.0
2018-01-29 11:15:49.420000,4.95,4.94,4.95,6331400.0
2018-01-29 11:15:52.539000,4.95,4.94,4.95,6331400.0
2018-01-29 11:15:56.999000,4.95,4.94,4.95,6331400.0
2018-01-29 11:16:00.645000,4.95,4.94,4.95,6331400.0
2018-01-29 11:16:04.949000,4.95,4.94,4.95,6331400.0
2018-01-29 11:16:08.615000,4.95,4.94,4.95,6331400.0
2018-01-29 11:16:14.420000,4.95,4.94,4.95,6331400.0
2018-01-29 11:16:18.903000,4.95,4.94,4.95,6331400.0
2018-01-29 11:16:23.334000,4.95,4.94,4.95,6331400.0
2018-01-29 11:16:28.391000,4.95,4.94,4.95,6334400.0
2018-01-29 11:16:32.053000,4.95,4.94,4.95,6334400.0
2018-01-29 11:16:36.472000,4.95,4.94,4.95,6334400.0
2018-01-29 11:16:41.171000,4.95,4.94,4.95,6334400.0
2018-01-29 11:16:46.660000,4.95,4.94,4.95,6334400.0
2018-01-29 11:16:51.549000,4.95,4.94,4.95,6334400.0
2018-01-29 11:17:16.673000,4.95,4.94,4.95,6334400.0
2018-01-29 11:17:19.989000,4.95,4.95,4.96,6402400.0
2018-01-29 11:17:23.453000,4.95,4.95,4.96,6402400.0
2018-01-29 11:17:26.848000,4.95,4.95,4.96,6402400.0
2018-01-29 11:17:29.895000,4.95,4.95,4.96,6402400.0
2018-01-29 11:17:33.050000,4.95,4.95,4.96,6402400.0
2018-01-29 11:17:35.848000,4.95,4.95,4.96,6402400.0
2018-01-29 11:17:38.638000,4.95,4.95,4.96,6402400.0
2018-01-29 11:17:41.778000,4.95,4.95,4.96,6402400.0
2018-01-29 11:17:44.720000,4.95,4.95,4.96,6402400.0
2018-01-29 11:17:47.534000,4.95,4.95,4.96,6402400.0
2018-01-29 11:17:50.262000,4.95,4.95,4.96,6402400.0
2018-01-29 11:17:53.117000,4.95,4.95,4.96,6402400.0
2018-01-29 11:17:55.781000,4.95,4.95,4.96,6402400.0
2018-01-29 11:17:58.688000,4.95,4.95,4.96,6402400.0
2018-01-29 11:18:01.723000,4.95,4.95,4.96,6402400.0
2018-01-29 11:18:05.334000,4.95,4.95,4.96,6402400.0
2018-01-29 11:18:08.715000,4.95,4.95,4.96,6402400.0
2018-01-29 11:18:11.783000,4.95,4.95,4.96,6402400.0
2018-01-29 11:18:14.964000,4.95,4.95,4.96,6402400.0
2018-01-29 11:18:18.005000,4.95,4.95,4.96,6402400.0
2018-01-29 11:18:21.190000,4.95,4.94,4.95,6415100.0
2018-01-29 11:18:25.141000,4.95,4.94,4.95,6415100.0
2018-01-29 11:18:30.578000,4.95,4.94,4.95,6415100.0
2018-01-29 11:18:35.459000,4.95,4.94,4.95,6415100.0
2018-01-29 11:18:42.787000,4.95,4.94,4.95,6415100.0
2018-01-29 11:18:48.052000,4.95,4.94,4.95,6415100.0
2018-01-29 11:18:54.197000,4.95,4.94,4.95,6415100.0
2018-01-29 11:19:01.002000,4.95,4.94,4.95,6415100.0
2018-01-29 11:19:05.564000,4.95,4.94,4.95,6415100.0
2018-01-29 11:19:09.586000,4.95,4.94,4.96,6415100.0
2018-01-29 11:19:13.272000,4.95,4.94,4.96,6415100.0
2018-01-29 11:19:17.448000,4.95,4.95,4.96,6415100.0
2018-01-29 11:19:21.551000,4.95,4.95,4.96,6415100.0
2018-01-29 11:19:27.132000,4.95,4.95,4.96,6415100.0
2018-01-29 11:19:31.363000,4.95,4.95,4.96,6415100.0
2018-01-29 11:19:34.511000,4.95,4.95,4.96,6415100.0
2018-01-29 11:19:38.072000,4.95,4.95,4.96,6415100.0
2018-01-29 11:19:40.941000,4.95,4.95,4.96,6415100.0
2018-01-29 11:19:45.513000,4.95,4.95,4.96,6415100.0
2018-01-29 11:19:50.024000,4.95,4.95,4.96,6415100.0
2018-01-29 11:19:52.717000,4.95,4.95,4.96,6415100.0
2018-01-29 11:19:55.553000,4.95,4.95,4.96,6415100.0
2018-01-29 11:19:58.439000,4.95,4.95,4.96,6415100.0
2018-01-29 11:20:01.269000,4.95,4.95,4.96,6415100.0
2018-01-29 11:20:04.214000,4.95,4.95,4.96,6415100.0
2018-01-29 11:20:06.818000,4.95,4.95,4.96,6415100.0
2018-01-29 11:20:09.747000,4.95,4.95,4.96,6415100.0
2018-01-29 11:20:12.366000,4.95,4.95,4.96,6415100.0
2018-01-29 11:20:14.798000,4.95,4.95,4.96,6415100.0
2018-01-29 11:20:19.230000,4.95,4.95,4.96,6415100.0
2018-01-29 11:20:21.885000,4.95,4.95,4.96,6415100.0
2018-01-29 11:20:24.583000,4.95,4.95,4.96,6415100.0
2018-01-29 11:20:27.150000,4.95,4.95,4.96,6415100.0
2018-01-29 11:20:29.832000,4.95,4.95,4.96,6415100.0
2018-01-29 11:20:32.419000,4.95,4.95,4.96,6415100.0
2018-01-29 11:20:35.076000,4.95,4.95,4.96,6415100.0
2018-01-29 11:20:37.884000,4.95,4.95,4.96,6415100.0
2018-01-29 11:20:40.693000,4.95,4.95,4.96,6415100.0
2018-01-29 11:20:43.571000,4.95,4.95,4.96,6415100.0
2018-01-29 11:20:46.237000,4.95,4.95,4.96,6415100.0
2018-01-29 11:20:49.023000,4.95,4.95,4.96,6415100.0
2018-01-29 11:20:51.795000,4.95,4.95,4.96,6415100.0
2018-01-29 11:20:54.455000,4.95,4.95,4.96,6415100.0
2018-01-29 11:20:57.233000,4.95,4.95,4.96,6415100.0
2018-01-29 11:21:00.212000,4.96,4.95,4.96,6492500.0
2018-01-29 11:21:03.174000,4.96,4.95,4.96,6492500.0
2018-01-29 11:21:06.348000,4.96,4.95,4.96,6492500.0
2018-01-29 11:21:09.024000,4.96,4.95,4.96,6492500.0
2018-01-29 11:21:11.819000,4.96,4.95,4.96,6492500.0
2018-01-29 11:21:14.561000,4.96,4.95,4.96,6492500.0
2018-01-29 11:21:17.873000,4.96,4.95,4.96,6492500.0
2018-01-29 11:21:20.587000,4.96,4.95,4.96,6492500.0
2018-01-29 11:21:23.649000,4.96,4.95,4.96,6492500.0
2018-01-29 11:21:26.316000,4.96,4.95,4.96,6492500.0
2018-01-29 11:21:29.205000,4.96,4.95,4.96,6492500.0
2018-01-29 11:21:31.789000,4.96,4.95,4.96,6492500.0
2018-01-29 11:21:34.665000,4.96,4.95,4.96,6492500.0
2018-01-29 11:21:37.337000,4.96,4.95,4.96,6492500.0
2018-01-29 11:21:40.049000,4.96,4.95,4.96,6492500.0
2018-01-29 11:21:42.833000,4.96,4.95,4.96,6492500.0
2018-01-29 11:21:46.696000,4.96,4.95,4.96,6492500.0
2018-01-29 11:21:49.529000,4.96,4.95,4.96,6492500.0
2018-01-29 11:21:52.095000,4.96,4.95,4.96,6492500.0
2018-01-29 11:21:54.753000,4.96,4.95,4.96,6492500.0
2018-01-29 11:21:57.481000,4.96,4.95,4.96,6492500.0
2018-01-29 11:22:00.182000,4.96,4.95,4.96,6492500.0
2018-01-29 11:22:02.719000,4.96,4.95,4.96,6492500.0
2018-01-29 11:22:05.441000,4.96,4.95,4.96,6492500.0
2018-01-29 11:22:08.086000,4.96,4.95,4.96,6492500.0
