time,price,bid,ask,volume
2018-01-23 09:31:55.749000,32.75,32.7,32.75,721857.0
2018-01-23 09:31:58.448000,32.75,32.7,32.75,721857.0
2018-01-23 09:32:00.954000,32.75,32.7,32.75,721857.0
2018-01-23 09:32:03.529000,32.75,32.7,32.75,721857.0
2018-01-23 09:32:06.129000,32.75,32.7,32.75,721857.0
2018-01-23 09:32:08.806000,32.75,32.7,32.75,721857.0
2018-01-23 09:32:11.621000,32.75,32.7,32.75,721857.0
2018-01-23 09:32:14.183000,32.75,32.7,32.75,721857.0
2018-01-23 09:32:16.440000,32.75,32.7,32.75,721857.0
2018-01-23 09:32:19.196000,32.75,32.7,32.75,721857.0
2018-01-23 09:32:21.826000,32.75,32.7,32.75,721857.0
2018-01-23 09:32:24.547000,32.75,32.7,32.75,721857.0
2018-01-23 09:32:27.195000,32.75,32.7,32.75,721857.0
2018-01-23 09:32:29.821000,32.75,32.7,32.75,721857.0
2018-01-23 09:32:32.325000,32.75,32.7,32.75,721857.0
2018-01-23 09:32:35.059000,32.75,32.75,32.8,925357.0
2018-01-23 09:32:37.656000,32.75,32.75,32.8,925357.0
2018-01-23 09:32:40.201000,32.75,32.75,32.8,925357.0
2018-01-23 09:32:42.926000,32.75,32.75,32.8,925357.0
2018-01-23 09:32:45.494000,32.75,32.75,32.8,925357.0
2018-01-23 09:32:48.263000,32.75,32.75,32.8,925357.0
2018-01-23 09:32:51.090000,32.75,32.75,32.8,925357.0
2018-01-23 09:32:53.821000,32.75,32.75,32.8,925357.0
2018-01-23 09:32:56.511000,32.75,32.75,32.8,925357.0
2018-01-23 09:32:59.073000,32.75,32.75,32.8,925357.0
2018-01-23 09:33:01.658000,32.75,32.75,32.8,925357.0
2018-01-23 09:33:04.181000,32.75,32.75,32.8,925357.0
2018-01-23 09:33:06.893000,32.75,32.75,32.8,925357.0
2018-01-23 09:33:09.494000,32.75,32.75,32.8,925357.0
2018-01-23 09:33:12.028000,32.75,32.75,32.8,925357.0
2018-01-23 09:33:14.668000,32.75,32.75,32.8,925357.0
2018-01-23 09:33:17.413000,32.75,32.75,32.8,925357.0
2018-01-23 09:33:20.182000,32.75,32.75,32.8,925357.0
2018-01-23 09:33:22.702000,32.75,32.75,32.8,925357.0
2018-01-23 09:33:25.200000,32.75,32.75,32.8,925357.0
2018-01-23 09:33:27.687000,32.75,32.7,32.75,939097.0
2018-01-23 09:33:30.062000,32.75,32.7,32.75,939097.0
2018-01-23 09:33:32.718000,32.75,32.7,32.75,939097.0
2018-01-23 09:33:35.357000,32.75,32.7,32.75,939097.0
2018-01-23 09:33:38.235000,32.75,32.7,32.75,939097.0
2018-01-23 09:33:40.770000,32.75,32.7,32.75,939097.0
2018-01-23 09:33:43.530000,32.75,32.7,32.75,939097.0
2018-01-23 09:33:46.127000,32.75,32.7,32.75,1206281.0
2018-01-23 09:33:48.931000,32.75,32.7,32.75,1206281.0
2018-01-23 09:33:51.622000,32.75,32.7,32.75,1206281.0
2018-01-23 09:33:54.387000,32.75,32.7,32.75,1206281.0
2018-01-23 09:33:57.656000,32.75,32.7,32.75,1206281.0
2018-01-23 09:34:00.324000,32.75,32.7,32.75,1206281.0
2018-01-23 09:34:02.911000,32.75,32.7,32.75,1206281.0
2018-01-23 09:34:05.644000,32.75,32.7,32.75,1206281.0
2018-01-23 09:34:08.373000,32.75,32.7,32.75,1206281.0
2018-01-23 09:34:10.917000,32.75,32.7,32.75,1520066.0
2018-01-23 09:34:13.675000,32.75,32.7,32.75,1520066.0
2018-01-23 09:34:16.366000,32.75,32.7,32.75,1520066.0
2018-01-23 09:34:19.666000,32.75,32.7,32.75,1520066.0
2018-01-23 09:34:22.581000,32.75,32.7,32.75,1520066.0
2018-01-23 09:34:25.276000,32.75,32.7,32.75,1520066.0
2018-01-23 09:34:27.998000,32.75,32.7,32.75,1520066.0
2018-01-23 09:34:30.794000,32.75,32.7,32.75,1520066.0
2018-01-23 09:34:33.531000,32.75,32.7,32.75,1520066.0
2018-01-23 09:34:36.187000,32.75,32.7,32.75,1520066.0
2018-01-23 09:34:38.731000,32.75,32.7,32.75,1520066.0
2018-01-23 09:34:41.202000,32.75,32.7,32.75,1520066.0
2018-01-23 09:34:44.105000,32.75,32.7,32.75,1520066.0
2018-01-23 09:34:46.593000,32.75,32.7,32.75,1520066.0
2018-01-23 09:34:49.135000,32.75,32.7,32.75,1520066.0
2018-01-23 09:34:51.763000,32.75,32.7,32.75,1520066.0
2018-01-23 09:34:54.448000,32.75,32.7,32.75,1520066.0
2018-01-23 09:34:57.096000,32.75,32.7,32.8,1947385.0
2018-01-23 09:34:59.575000,32.75,32.7,32.8,1947385.0
2018-01-23 09:35:02.015000,32.75,32.7,32.8,1947385.0
2018-01-23 09:35:04.529000,32.75,32.7,32.8,1947385.0
2018-01-23 09:35:06.997000,32.75,32.7,32.8,1947385.0
2018-01-23 09:35:09.595000,32.75,32.7,32.8,1947385.0
2018-01-23 09:35:12.190000,32.75,32.7,32.8,1947385.0
2018-01-23 09:35:14.810000,32.75,32.7,32.8,1947385.0
2018-01-23 09:35:17.203000,32.75,32.7,32.8,1947385.0
2018-01-23 09:35:19.637000,32.75,32.7,32.8,1947385.0
2018-01-23 09:35:22.299000,32.75,32.7,32.8,1947385.0
2018-01-23 09:35:24.763000,32.75,32.7,32.8,1947385.0
2018-01-23 09:35:27.158000,32.75,32.7,32.8,1947385.0
2018-01-23 09:35:29.933000,32.75,32.7,32.8,1947385.0
2018-01-23 09:35:32.499000,32.75,32.7,32.8,1947385.0
2018-01-23 09:35:35.001000,32.75,32.7,32.8,1947385.0
2018-01-23 09:35:37.517000,32.75,32.7,32.8,1947385.0
2018-01-23 09:35:40.232000,32.75,32.7,32.8,1947385.0
2018-01-23 09:35:42.668000,32.75,32.7,32.8,1947385.0
2018-01-23 09:35:45.139000,32.75,32.7,32.8,1947385.0
2018-01-23 09:35:48.222000,32.75,32.7,32.8,1947385.0
2018-01-23 09:35:50.897000,32.75,32.7,32.8,1947385.0
2018-01-23 09:35:53.777000,32.75,32.7,32.8,1947385.0
2018-01-23 09:35:56.378000,32.75,32.7,32.8,1947385.0
2018-01-23 09:35:59.325000,32.75,32.7,32.8,1947385.0
2018-01-23 09:36:01.897000,32.75,32.7,32.8,1947385.0
2018-01-23 09:36:04.515000,32.75,32.7,32.8,1947385.0
2018-01-23 09:36:07.207000,32.75,32.7,32.8,1947385.0
2018-01-23 09:36:09.966000,32.75,32.7,32.8,1947385.0
2018-01-23 09:36:13.095000,32.75,32.7,32.8,1947385.0
2018-01-23 09:36:15.795000,32.75,32.7,32.8,1947385.0
2018-01-23 09:36:18.627000,32.75,32.7,32.8,2318385.0
2018-01-23 09:36:21.288000,32.75,32.7,32.8,2318385.0
2018-01-23 09:36:23.921000,32.75,32.7,32.8,2318385.0
2018-01-23 09:36:26.324000,32.75,32.7,32.8,2318385.0
2018-01-23 09:36:28.907000,32.75,32.7,32.8,2318385.0
2018-01-23 09:36:31.440000,32.75,32.7,32.8,2318385.0
2018-01-23 09:36:33.715000,32.75,32.7,32.8,2318385.0
2018-01-23 09:36:36.237000,32.75,32.7,32.8,2318385.0
2018-01-23 09:36:38.816000,32.75,32.7,32.75,2872885.0
2018-01-23 09:36:41.468000,32.75,32.7,32.75,2872885.0
2018-01-23 09:36:43.746000,32.75,32.7,32.75,2872885.0
2018-01-23 09:36:46.315000,32.75,32.7,32.75,2872885.0
2018-01-23 09:36:48.849000,32.75,32.7,32.75,2872885.0
2018-01-23 09:36:52.461000,32.75,32.7,32.75,2872885.0
2018-01-23 09:36:54.859000,32.75,32.7,32.75,2872885.0
2018-01-23 09:36:57.600000,32.75,32.7,32.75,2872885.0
2018-01-23 09:37:00.058000,32.75,32.7,32.75,2872885.0
2018-01-23 09:37:02.512000,32.75,32.7,32.75,2872885.0
2018-01-23 09:37:05.063000,32.75,32.7,32.75,2872885.0
2018-01-23 09:37:07.708000,32.75,32.7,32.75,2872885.0
2018-01-23 09:37:10.254000,32.75,32.7,32.75,2872885.0
2018-01-23 09:37:12.676000,32.75,32.7,32.75,2872885.0
2018-01-23 09:37:15.396000,32.75,32.7,32.75,2872885.0
2018-01-23 09:37:17.727000,32.75,32.7,32.75,2872885.0
2018-01-23 09:37:20.379000,32.75,32.75,32.8,3074411.0
2018-01-23 09:37:22.856000,32.75,32.75,32.8,3074411.0
2018-01-23 09:37:26.064000,32.75,32.75,32.8,3074411.0
2018-01-23 09:37:28.596000,32.75,32.75,32.8,3074411.0
2018-01-23 09:37:30.974000,32.75,32.75,32.8,3074411.0
2018-01-23 09:37:33.584000,32.75,32.75,32.8,3074411.0
2018-01-23 09:37:36.197000,32.75,32.75,32.8,3074411.0
2018-01-23 09:37:39.087000,32.75,32.75,32.8,3074411.0
2018-01-23 09:37:42.582000,32.75,32.75,32.8,3074411.0
2018-01-23 09:37:45.337000,32.75,32.75,32.8,3074411.0
2018-01-23 09:37:47.810000,32.75,32.75,32.8,3074411.0
2018-01-23 09:37:50.424000,32.75,32.75,32.8,3074411.0
2018-01-23 09:37:52.993000,32.75,32.75,32.8,3074411.0
2018-01-23 09:37:55.588000,32.75,32.75,32.8,3074411.0
2018-01-23 09:37:58.043000,32.75,32.75,32.8,3074411.0
2018-01-23 09:38:00.589000,32.75,32.75,32.8,3826069.0
2018-01-23 09:38:03.879000,32.75,32.75,32.8,3826069.0
2018-01-23 09:38:06.630000,32.75,32.75,32.8,3826069.0
2018-01-23 09:38:09.408000,32.75,32.75,32.8,3826069.0
2018-01-23 09:38:12.004000,32.75,32.75,32.8,3826069.0
2018-01-23 09:38:14.736000,32.75,32.75,32.8,3826069.0
2018-01-23 09:38:17.287000,32.75,32.75,32.8,3826069.0
2018-01-23 09:38:19.801000,32.75,32.75,32.8,3826069.0
2018-01-23 09:38:22.264000,32.75,32.75,32.8,3826069.0
2018-01-23 09:38:24.866000,32.75,32.75,32.8,4219615.0
2018-01-23 09:38:27.507000,32.75,32.75,32.8,4219615.0
2018-01-23 09:38:30.047000,32.75,32.75,32.8,4219615.0
2018-01-23 09:38:32.519000,32.75,32.75,32.8,4219615.0
2018-01-23 09:38:35.095000,32.75,32.75,32.8,4219615.0
2018-01-23 09:38:37.598000,32.75,32.75,32.8,4219615.0
2018-01-23 09:38:40.011000,32.75,32.75,32.8,4219615.0
2018-01-23 09:38:42.480000,32.75,32.75,32.8,4219615.0
2018-01-23 09:38:45.125000,32.75,32.75,32.8,4219615.0
2018-01-23 09:38:47.739000,32.75,32.75,32.8,4219615.0
2018-01-23 09:38:50.175000,32.75,32.75,32.8,4334615.0
2018-01-23 09:38:52.794000,32.75,32.75,32.8,4334615.0
2018-01-23 09:38:55.365000,32.75,32.75,32.8,4334615.0
2018-01-23 09:38:57.903000,32.75,32.75,32.8,4334615.0
2018-01-23 09:39:00.395000,32.75,32.75,32.8,4334615.0
2018-01-23 09:39:03.002000,32.75,32.75,32.8,4334615.0
2018-01-23 09:39:05.377000,32.75,32.75,32.8,4334615.0
2018-01-23 09:39:07.861000,32.75,32.75,32.8,4334615.0
2018-01-23 09:39:10.535000,32.75,32.75,32.8,4334615.0
2018-01-23 09:39:12.867000,32.75,32.75,32.8,4334615.0
2018-01-23 09:39:15.364000,32.75,32.75,32.8,4334615.0
2018-01-23 09:39:17.889000,32.75,32.75,32.8,4334615.0
2018-01-23 09:39:20.379000,32.75,32.75,32.8,4334615.0
2018-01-23 09:39:22.867000,32.75,32.75,32.8,4334615.0
2018-01-23 09:39:25.380000,32.75,32.75,32.8,4334615.0
2018-01-23 09:39:28.199000,32.75,32.75,32.8,4334615.0
2018-01-23 09:39:30.775000,32.75,32.75,32.8,4334615.0
2018-01-23 09:39:33.701000,32.75,32.75,32.8,4334615.0
2018-01-23 09:39:36.124000,32.75,32.75,32.8,4334615.0
2018-01-23 09:39:38.707000,32.75,32.75,32.8,4334615.0
2018-01-23 09:39:41.536000,32.75,32.75,32.8,4334615.0
2018-01-23 09:39:44.217000,32.75,32.75,32.8,4334615.0
2018-01-23 09:39:47.116000,32.75,32.75,32.8,4439115.0
2018-01-23 09:39:49.582000,32.75,32.75,32.8,4439115.0
2018-01-23 09:39:52.182000,32.75,32.75,32.8,4439115.0
2018-01-23 09:39:54.660000,32.75,32.75,32.8,4439115.0
2018-01-23 09:39:57.229000,32.75,32.75,32.8,4439115.0
2018-01-23 09:39:59.725000,32.75,32.75,32.8,4439115.0
2018-01-23 09:40:02.341000,32.75,32.75,32.8,4439115.0
2018-01-23 09:40:04.896000,32.75,32.75,32.8,4439115.0
2018-01-23 09:40:07.657000,32.75,32.75,32.8,4439115.0
2018-01-23 09:40:10.272000,32.75,32.75,32.8,4439115.0
2018-01-23 09:40:12.990000,32.75,32.75,32.8,4439115.0
2018-01-23 09:40:15.426000,32.75,32.75,32.8,4439115.0
2018-01-23 09:40:18.341000,32.75,32.75,32.8,4439115.0
2018-01-23 09:40:21.039000,32.75,32.75,32.8,4439115.0
2018-01-23 09:40:23.596000,32.75,32.75,32.8,4439115.0
2018-01-23 09:40:26.337000,32.75,32.75,32.8,4439115.0
2018-01-23 09:40:28.707000,32.75,32.75,32.8,4439115.0
2018-01-23 09:40:30.988000,32.75,32.75,32.8,4439115.0
2018-01-23 09:40:33.567000,32.75,32.75,32.8,4439115.0
2018-01-23 09:40:35.786000,32.75,32.75,32.8,4439115.0
2018-01-23 09:40:42.026000,32.75,32.75,32.8,4439115.0
2018-01-23 09:40:44.231000,32.75,32.75,32.8,4449615.0
2018-01-23 09:40:46.363000,32.75,32.75,32.8,4449615.0
2018-01-23 09:40:48.471000,32.75,32.75,32.8,4449615.0
2018-01-23 09:40:50.667000,32.75,32.75,32.8,4449615.0
2018-01-23 09:40:52.768000,32.75,32.75,32.8,4449615.0
2018-01-23 09:40:54.950000,32.75,32.75,32.8,4449615.0
2018-01-23 09:40:57.137000,32.75,32.75,32.8,4449615.0
2018-01-23 09:40:59.362000,32.75,32.75,32.8,4449615.0
2018-01-23 09:41:01.492000,32.75,32.75,32.8,4449615.0
2018-01-23 09:41:03.774000,32.75,32.75,32.8,4449615.0
2018-01-23 09:41:05.926000,32.75,32.75,32.8,4449615.0
2018-01-23 09:41:08.191000,32.75,32.75,32.8,4449615.0
2018-01-23 09:41:10.345000,32.75,32.75,32.8,4449615.0
2018-01-23 09:41:29.187000,32.75,32.75,32.8,4449615.0
2018-01-23 09:41:31.473000,32.75,32.75,32.8,4449615.0
2018-01-23 09:41:33.738000,32.75,32.75,32.8,4449615.0
2018-01-23 09:41:35.990000,32.75,32.75,32.8,4449615.0
2018-01-23 09:41:38.145000,32.75,32.75,32.8,4449615.0
2018-01-23 09:41:40.340000,32.75,32.75,32.8,4449615.0
2018-01-23 09:41:42.701000,32.75,32.75,32.8,4449615.0
2018-01-23 09:41:44.810000,32.75,32.75,32.8,4458615.0
2018-01-23 09:41:47.108000,32.75,32.75,32.8,4458615.0
2018-01-23 09:41:49.157000,32.75,32.75,32.8,4458615.0
2018-01-23 09:41:51.160000,32.75,32.75,32.8,4458615.0
2018-01-23 09:41:56.395000,32.75,32.75,32.8,4458615.0
2018-01-23 09:41:58.614000,32.75,32.75,32.8,4458615.0
2018-01-23 09:42:00.751000,32.75,32.75,32.8,4458615.0
2018-01-23 09:42:02.864000,32.75,32.75,32.8,4458615.0
2018-01-23 09:42:05.076000,32.75,32.75,32.8,4458615.0
2018-01-23 09:42:07.292000,32.75,32.75,32.8,4458615.0
2018-01-23 09:42:09.501000,32.75,32.75,32.8,4458615.0
2018-01-23 09:42:11.781000,32.75,32.75,32.8,4458615.0
2018-01-23 09:42:13.950000,32.75,32.75,32.8,4458615.0
2018-01-23 09:42:16.240000,32.75,32.75,32.8,4458615.0
2018-01-23 09:42:18.384000,32.75,32.75,32.8,4458615.0
2018-01-23 09:42:20.822000,32.75,32.75,32.8,4458615.0
2018-01-23 09:42:23.578000,32.75,32.75,32.8,4458615.0
2018-01-23 09:42:25.933000,32.75,32.75,32.8,4458615.0
2018-01-23 09:42:28.011000,32.75,32.75,32.8,4458615.0
2018-01-23 09:42:30.403000,32.75,32.75,32.8,4458615.0
2018-01-23 09:42:32.700000,32.75,32.75,32.8,4458615.0
2018-01-23 09:42:34.810000,32.75,32.75,32.8,4458615.0
2018-01-23 09:42:36.970000,32.75,32.75,32.8,4458615.0
2018-01-23 09:42:38.984000,32.75,32.75,32.8,4458615.0
2018-01-23 09:42:41.367000,32.75,32.75,32.8,4458615.0
2018-01-23 09:42:43.936000,32.75,32.75,32.8,4458615.0
2018-01-23 09:42:46.382000,32.75,32.75,32.8,4458615.0
2018-01-23 09:42:49.444000,32.75,32.75,32.8,4475615.0
2018-01-23 09:42:52.071000,32.75,32.75,32.8,4475615.0
2018-01-23 09:42:54.696000,32.75,32.75,32.8,4475615.0
2018-01-23 09:42:57.348000,32.75,32.75,32.8,4475615.0
2018-01-23 09:42:59.884000,32.75,32.75,32.8,4475615.0
2018-01-23 09:43:02.697000,32.75,32.75,32.8,4475615.0
2018-01-23 09:43:05.149000,32.75,32.75,32.8,4475615.0
2018-01-23 09:43:07.660000,32.75,32.75,32.8,4475615.0
2018-01-23 09:43:10.054000,32.75,32.75,32.8,4475615.0
2018-01-23 09:43:12.523000,32.75,32.75,32.8,4475615.0
2018-01-23 09:43:15.011000,32.75,32.75,32.8,4475615.0
2018-01-23 09:43:17.808000,32.75,32.75,32.8,4475615.0
2018-01-23 09:43:20.384000,32.75,32.75,32.8,4475615.0
2018-01-23 09:43:22.778000,32.75,32.75,32.8,4475615.0
2018-01-23 09:43:25.243000,32.75,32.75,32.8,4475615.0
2018-01-23 09:43:28.014000,32.75,32.75,32.8,4475615.0
2018-01-23 09:43:30.586000,32.75,32.75,32.8,4475615.0
2018-01-23 09:43:33.205000,32.75,32.75,32.8,4475615.0
2018-01-23 09:43:35.728000,32.75,32.75,32.8,4475615.0
2018-01-23 09:43:38.046000,32.75,32.75,32.8,4475615.0
2018-01-23 09:43:40.368000,32.75,32.75,32.8,4475615.0
2018-01-23 09:43:43.029000,32.75,32.75,32.8,4475615.0
2018-01-23 09:43:45.399000,32.75,32.75,32.8,4475615.0
2018-01-23 09:43:48.087000,32.75,32.75,32.8,4475615.0
2018-01-23 09:44:10.069000,32.75,32.75,32.8,4475615.0
2018-01-23 09:44:22.901000,32.75,32.75,32.8,4475615.0
2018-01-23 09:44:33.344000,32.75,32.75,32.8,4475615.0
2018-01-23 09:44:46.910000,32.75,32.75,32.8,4475615.0
2018-01-23 09:44:59.030000,32.8,32.75,32.8,4481115.0
2018-01-23 09:45:02.077000,32.8,32.75,32.8,4481115.0
2018-01-23 09:45:05.262000,32.8,32.75,32.8,4481115.0
2018-01-23 09:45:08.327000,32.8,32.75,32.8,4481115.0
2018-01-23 09:45:11.468000,32.8,32.75,32.8,4481115.0
2018-01-23 09:45:14.817000,32.8,32.75,32.8,4481115.0
2018-01-23 09:45:17.983000,32.8,32.75,32.8,4481115.0
2018-01-23 09:45:21.998000,32.8,32.75,32.8,4481115.0
2018-01-23 09:45:24.920000,32.8,32.75,32.8,4481115.0
2018-01-23 09:45:27.923000,32.8,32.75,32.8,4481115.0
2018-01-23 09:45:30.903000,32.8,32.75,32.8,4481115.0
2018-01-23 09:45:33.944000,32.8,32.75,32.8,4481115.0
2018-01-23 09:45:36.952000,32.8,32.75,32.8,4481115.0
2018-01-23 09:45:41.560000,32.8,32.75,32.8,4481115.0
2018-01-23 09:45:44.499000,32.8,32.75,32.8,4481115.0
2018-01-23 09:45:47.376000,32.8,32.75,32.8,4481115.0
2018-01-23 09:45:50.390000,32.8,32.75,32.8,4484615.0
2018-01-23 09:45:53.363000,32.8,32.75,32.8,4484615.0
2018-01-23 09:45:56.265000,32.8,32.75,32.8,4484615.0
2018-01-23 09:45:59.347000,32.8,32.75,32.8,4484615.0
2018-01-23 09:46:02.502000,32.8,32.75,32.8,4484615.0
2018-01-23 09:46:05.528000,32.8,32.75,32.8,4484615.0
2018-01-23 09:46:08.797000,32.8,32.75,32.8,4484615.0
2018-01-23 09:46:11.799000,32.8,32.75,32.8,4484615.0
2018-01-23 09:46:14.768000,32.8,32.75,32.8,4484615.0
2018-01-23 09:46:17.925000,32.8,32.75,32.8,4484615.0
2018-01-23 09:46:20.851000,32.8,32.75,32.8,4484615.0
2018-01-23 09:46:23.829000,32.8,32.75,32.8,4484615.0
2018-01-23 09:46:27.095000,32.8,32.75,32.8,4484615.0
2018-01-23 09:46:30.310000,32.8,32.75,32.8,4484615.0
2018-01-23 09:46:33.485000,32.8,32.75,32.8,4484615.0
2018-01-23 09:46:36.545000,32.8,32.75,32.8,4484615.0
2018-01-23 09:46:39.486000,32.8,32.75,32.8,4484615.0
2018-01-23 09:46:42.423000,32.8,32.75,32.8,4484615.0
2018-01-23 09:46:45.358000,32.8,32.75,32.8,4484615.0
2018-01-23 09:46:48.433000,32.8,32.75,32.8,4484615.0
2018-01-23 09:46:51.752000,32.8,32.75,32.8,4484615.0
2018-01-23 09:46:54.752000,32.8,32.75,32.8,4484615.0
2018-01-23 09:46:57.882000,32.8,32.75,32.8,4484615.0
2018-01-23 09:47:00.967000,32.8,32.75,32.8,4484615.0
2018-01-23 09:47:03.911000,32.8,32.75,32.8,4484615.0
2018-01-23 09:47:06.946000,32.8,32.75,32.8,4484615.0
2018-01-23 09:47:09.875000,32.8,32.75,32.8,4484615.0
2018-01-23 09:47:12.837000,32.8,32.75,32.8,4484615.0
2018-01-23 09:47:15.780000,32.8,32.75,32.8,4484615.0
2018-01-23 09:47:18.581000,32.8,32.75,32.8,4484615.0
2018-01-23 09:47:21.464000,32.8,32.75,32.8,4484615.0
2018-01-23 09:47:24.390000,32.8,32.75,32.8,4484615.0
2018-01-23 09:47:27.316000,32.8,32.75,32.8,4484615.0
2018-01-23 09:47:30.453000,32.8,32.75,32.8,4484615.0
2018-01-23 09:47:33.301000,32.8,32.75,32.8,4484615.0
2018-01-23 09:47:36.344000,32.8,32.75,32.8,4484615.0
2018-01-23 09:47:39.815000,32.8,32.75,32.8,4484615.0
2018-01-23 09:47:42.926000,32.8,32.75,32.8,4484615.0
2018-01-23 09:47:45.812000,32.8,32.75,32.8,4484615.0
2018-01-23 09:47:48.853000,32.8,32.75,32.8,4484615.0
2018-01-23 09:47:52.235000,32.8,32.75,32.8,4484615.0
2018-01-23 09:47:55.266000,32.8,32.75,32.8,4484615.0
2018-01-23 09:47:58.212000,32.8,32.75,32.8,4484615.0
2018-01-23 09:48:01.355000,32.8,32.75,32.8,4484615.0
2018-01-23 09:48:04.850000,32.8,32.75,32.8,4484615.0
2018-01-23 09:48:07.801000,32.8,32.75,32.8,4484615.0
2018-01-23 09:48:11.015000,32.8,32.75,32.8,4484615.0
2018-01-23 09:48:14.276000,32.8,32.75,32.8,4484615.0
2018-01-23 09:48:17.106000,32.8,32.75,32.8,4484615.0
2018-01-23 09:48:19.653000,32.8,32.75,32.8,4484615.0
2018-01-23 09:48:22.330000,32.8,32.75,32.8,4484615.0
2018-01-23 09:48:25.079000,32.8,32.75,32.8,4484615.0
2018-01-23 09:48:27.598000,32.8,32.75,32.8,4736115.0
2018-01-23 09:48:30.096000,32.8,32.75,32.8,4736115.0
2018-01-23 09:48:32.803000,32.8,32.75,32.8,4736115.0
2018-01-23 09:48:35.406000,32.8,32.75,32.8,4736115.0
2018-01-23 09:48:37.793000,32.8,32.75,32.8,4736115.0
2018-01-23 09:48:40.189000,32.8,32.75,32.8,4736115.0
2018-01-23 09:48:42.844000,32.8,32.75,32.8,4896636.0
2018-01-23 09:48:45.408000,32.8,32.75,32.8,4896636.0
2018-01-23 09:48:48.333000,32.8,32.75,32.8,4896636.0
2018-01-23 09:48:51.159000,32.8,32.75,32.8,4896636.0
2018-01-23 09:48:53.863000,32.8,32.75,32.8,4896636.0
2018-01-23 09:48:56.819000,32.8,32.75,32.8,4896636.0
2018-01-23 09:48:59.666000,32.8,32.75,32.8,4896636.0
2018-01-23 09:49:02.383000,32.8,32.75,32.8,4896636.0
2018-01-23 09:49:05.127000,32.8,32.75,32.8,4896636.0
2018-01-23 09:49:07.893000,32.8,32.75,32.8,4896636.0
2018-01-23 09:49:10.534000,32.8,32.75,32.8,4896636.0
2018-01-23 09:49:13.264000,32.8,32.75,32.8,4896636.0
2018-01-23 09:49:15.973000,32.8,32.75,32.8,4896636.0
2018-01-23 09:49:18.991000,32.8,32.75,32.8,4896636.0
2018-01-23 09:49:21.504000,32.8,32.8,32.85,4951716.0
2018-01-23 09:49:24.392000,32.8,32.8,32.85,4951716.0
2018-01-23 09:49:27.581000,32.8,32.8,32.85,4951716.0
2018-01-23 09:49:30.299000,32.8,32.8,32.85,4951716.0
2018-01-23 09:49:33.051000,32.8,32.8,32.85,4951716.0
2018-01-23 09:49:35.690000,32.8,32.8,32.85,4951716.0
2018-01-23 09:49:38.240000,32.8,32.8,32.85,4951716.0
2018-01-23 09:49:40.658000,32.8,32.8,32.85,4951716.0
2018-01-23 09:49:43.333000,32.8,32.8,32.85,4951716.0
2018-01-23 09:49:46.113000,32.8,32.8,32.85,4951716.0
2018-01-23 09:49:48.647000,32.8,32.8,32.85,4951716.0
2018-01-23 09:49:51.522000,32.8,32.8,32.85,4951716.0
2018-01-23 09:49:54.031000,32.8,32.8,32.85,4951716.0
2018-01-23 09:49:56.832000,32.8,32.8,32.85,4951716.0
2018-01-23 09:49:59.382000,32.8,32.8,32.85,4951716.0
2018-01-23 09:50:02.119000,32.8,32.8,32.85,4951716.0
2018-01-23 09:50:05.089000,32.8,32.8,32.85,4951716.0
2018-01-23 09:50:07.584000,32.8,32.8,32.85,4951716.0
2018-01-23 09:50:10.269000,32.8,32.8,32.85,4951716.0
2018-01-23 09:50:13.044000,32.8,32.8,32.85,4951716.0
2018-01-23 09:50:15.674000,32.8,32.8,32.85,4951716.0
2018-01-23 09:50:18.384000,32.8,32.8,32.85,4951716.0
2018-01-23 09:50:20.972000,32.8,32.8,32.85,4963442.0
2018-01-23 09:50:23.586000,32.8,32.8,32.85,4963442.0
2018-01-23 09:50:26.243000,32.8,32.8,32.85,4963442.0
2018-01-23 09:50:28.744000,32.8,32.8,32.85,4963442.0
2018-01-23 09:50:31.410000,32.8,32.8,32.85,4963442.0
2018-01-23 09:50:34.414000,32.8,32.8,32.85,4963442.0
2018-01-23 09:50:37.193000,32.8,32.8,32.85,4963442.0
2018-01-23 09:50:40.364000,32.8,32.8,32.85,4963442.0
2018-01-23 09:50:43.016000,32.8,32.8,32.85,4963442.0
2018-01-23 09:50:45.937000,32.8,32.8,32.85,4963442.0
2018-01-23 09:50:48.659000,32.8,32.8,32.85,4963442.0
2018-01-23 09:50:51.210000,32.8,32.8,32.85,4963442.0
2018-01-23 09:50:53.829000,32.8,32.8,32.85,4963442.0
2018-01-23 09:50:56.538000,32.8,32.8,32.85,4963442.0
2018-01-23 09:50:58.994000,32.8,32.8,32.85,4963442.0
2018-01-23 09:51:02.592000,32.8,32.8,32.85,4963442.0
2018-01-23 09:51:05.304000,32.8,32.8,32.85,4963442.0
2018-01-23 09:51:07.860000,32.8,32.8,32.85,4963442.0
2018-01-23 09:51:10.678000,32.8,32.8,32.85,4963442.0
2018-01-23 09:51:13.220000,32.85,32.8,32.85,4982480.0
2018-01-23 09:51:15.977000,32.85,32.8,32.85,4982480.0
2018-01-23 09:51:19.033000,32.85,32.8,32.85,4982480.0
2018-01-23 09:51:21.723000,32.85,32.8,32.85,4982480.0
2018-01-23 09:51:24.133000,32.85,32.8,32.85,4982480.0
2018-01-23 09:51:26.677000,32.85,32.8,32.85,4982480.0
2018-01-23 09:51:29.456000,32.85,32.8,32.85,4982480.0
2018-01-23 09:51:31.932000,32.85,32.8,32.85,4982480.0
2018-01-23 09:51:34.265000,32.85,32.8,32.85,4982480.0
2018-01-23 09:51:36.901000,32.85,32.8,32.85,4982480.0
2018-01-23 09:51:39.835000,32.85,32.8,32.85,4982480.0
2018-01-23 09:51:42.376000,32.85,32.8,32.85,4982480.0
2018-01-23 09:51:44.821000,32.85,32.8,32.85,4982480.0
2018-01-23 09:51:47.350000,32.85,32.8,32.85,4982480.0
2018-01-23 09:51:50.286000,32.85,32.8,32.85,4982480.0
2018-01-23 09:51:52.993000,32.85,32.8,32.85,4982480.0
2018-01-23 09:51:55.804000,32.85,32.8,32.85,4982480.0
2018-01-23 09:51:58.880000,32.85,32.8,32.85,4982480.0
2018-01-23 09:52:01.614000,32.85,32.8,32.85,4982480.0
2018-01-23 09:52:04.524000,32.85,32.8,32.85,4982480.0
2018-01-23 09:52:06.978000,32.85,32.8,32.85,4982480.0
2018-01-23 09:52:09.728000,32.85,32.8,32.85,4982480.0
2018-01-23 09:52:12.402000,32.85,32.8,32.85,4982480.0
2018-01-23 09:52:15.004000,32.85,32.8,32.85,4982480.0
2018-01-23 09:52:17.454000,32.85,32.8,32.85,4982480.0
2018-01-23 09:52:20.032000,32.85,32.8,32.85,4982480.0
2018-01-23 09:52:22.771000,32.85,32.8,32.85,4982480.0
2018-01-23 09:52:25.632000,32.85,32.8,32.85,4982480.0
2018-01-23 09:52:28.446000,32.85,32.8,32.85,4982480.0
2018-01-23 09:52:31.007000,32.85,32.8,32.85,4982480.0
2018-01-23 09:52:33.745000,32.85,32.8,32.85,4987478.0
2018-01-23 09:52:36.397000,32.85,32.8,32.85,4987478.0
2018-01-23 09:52:38.908000,32.85,32.8,32.85,4987478.0
2018-01-23 09:52:41.479000,32.85,32.8,32.85,4987478.0
2018-01-23 09:52:44.107000,32.85,32.8,32.85,4987478.0
2018-01-23 09:52:46.714000,32.85,32.8,32.85,4987478.0
2018-01-23 09:52:49.342000,32.85,32.8,32.85,4987478.0
2018-01-23 09:52:51.945000,32.85,32.8,32.85,4987478.0
2018-01-23 09:52:54.730000,32.85,32.8,32.85,4987478.0
2018-01-23 09:52:57.183000,32.85,32.8,32.85,4987478.0
2018-01-23 09:52:59.769000,32.85,32.8,32.85,4987478.0
2018-01-23 09:53:02.180000,32.85,32.8,32.85,4987478.0
2018-01-23 09:53:04.871000,32.85,32.8,32.85,4987478.0
2018-01-23 09:53:07.423000,32.85,32.8,32.85,4987478.0
2018-01-23 09:53:09.973000,32.85,32.8,32.85,4987478.0
2018-01-23 09:53:12.949000,32.85,32.8,32.85,4987478.0
2018-01-23 09:53:15.682000,32.85,32.8,32.85,4987478.0
2018-01-23 09:53:18.422000,32.85,32.8,32.85,4987478.0
2018-01-23 09:53:21.120000,32.85,32.8,32.85,4987478.0
2018-01-23 09:53:23.842000,32.85,32.8,32.85,4987478.0
2018-01-23 09:53:26.445000,32.85,32.8,32.85,4987478.0
2018-01-23 09:53:28.941000,32.85,32.8,32.85,4987478.0
2018-01-23 09:53:31.572000,32.85,32.8,32.85,4987478.0
2018-01-23 09:53:34.211000,32.85,32.8,32.85,4987478.0
2018-01-23 09:53:36.481000,32.85,32.8,32.85,4987478.0
2018-01-23 09:53:39.195000,32.85,32.8,32.85,4987478.0
2018-01-23 09:53:41.495000,32.85,32.8,32.85,4987478.0
2018-01-23 09:53:43.851000,32.85,32.8,32.85,4987478.0
2018-01-23 09:53:46.291000,32.85,32.8,32.85,4987478.0
2018-01-23 09:53:48.960000,32.85,32.8,32.85,4987478.0
2018-01-23 09:53:51.545000,32.85,32.8,32.85,4987478.0
2018-01-23 09:53:54.023000,32.85,32.8,32.85,4987478.0
2018-01-23 09:53:56.822000,32.85,32.8,32.85,4987478.0
2018-01-23 09:53:59.482000,32.85,32.8,32.85,4987478.0
2018-01-23 09:54:02.201000,32.85,32.8,32.85,4987478.0
2018-01-23 09:54:04.979000,32.85,32.8,32.85,4987478.0
2018-01-23 09:54:07.480000,32.85,32.8,32.85,4987478.0
2018-01-23 09:54:10.169000,32.85,32.8,32.85,4987478.0
2018-01-23 09:54:12.841000,32.85,32.8,32.85,4987478.0
2018-01-23 09:54:15.343000,32.85,32.8,32.85,4987478.0
2018-01-23 09:54:18.170000,32.85,32.8,32.85,4987478.0
2018-01-23 09:54:20.850000,32.85,32.8,32.85,4987478.0
2018-01-23 09:54:23.814000,32.85,32.8,32.85,4987478.0
2018-01-23 09:54:26.481000,32.85,32.8,32.85,4987478.0
2018-01-23 09:54:29.203000,32.85,32.8,32.85,4987478.0
2018-01-23 09:54:31.792000,32.85,32.8,32.85,4987478.0
2018-01-23 09:54:34.671000,32.85,32.8,32.85,4987478.0
2018-01-23 09:54:37.413000,32.85,32.8,32.85,4987478.0
2018-01-23 09:54:40.051000,32.8,32.8,32.85,4990665.0
2018-01-23 09:54:42.528000,32.8,32.8,32.85,4990665.0
2018-01-23 09:54:45.406000,32.8,32.8,32.85,4990665.0
2018-01-23 09:54:47.993000,32.8,32.8,32.85,4990665.0
2018-01-23 09:54:50.637000,32.8,32.8,32.85,4990665.0
2018-01-23 09:54:53.305000,32.8,32.8,32.85,4990665.0
2018-01-23 09:54:55.841000,32.8,32.8,32.85,4990665.0
2018-01-23 09:54:58.516000,32.8,32.8,32.85,4990665.0
2018-01-23 09:55:01.169000,32.8,32.8,32.85,4990665.0
2018-01-23 09:55:04.066000,32.8,32.8,32.85,4990665.0
2018-01-23 09:55:06.761000,32.8,32.8,32.85,4990665.0
2018-01-23 09:55:09.389000,32.8,32.8,32.85,4990665.0
2018-01-23 09:55:12.047000,32.8,32.8,32.85,4990665.0
2018-01-23 09:55:14.754000,32.8,32.8,32.85,4990665.0
2018-01-23 09:55:17.298000,32.8,32.8,32.85,4990665.0
2018-01-23 09:55:19.973000,32.8,32.8,32.85,4990665.0
2018-01-23 09:55:22.687000,32.8,32.8,32.85,4990665.0
2018-01-23 09:55:25.518000,32.8,32.8,32.85,4990665.0
2018-01-23 09:55:28.553000,32.85,32.8,32.85,5046165.0
2018-01-23 09:55:31.402000,32.85,32.8,32.85,6619165.0
2018-01-23 09:55:33.874000,32.85,32.8,32.85,6619165.0
2018-01-23 09:55:36.564000,32.85,32.8,32.85,6619165.0
2018-01-23 09:55:39.355000,32.85,32.8,32.85,6619165.0
2018-01-23 09:55:41.860000,32.85,32.8,32.85,6619165.0
2018-01-23 09:55:44.686000,32.85,32.8,32.85,6619165.0
2018-01-23 09:55:47.343000,32.85,32.8,32.85,6619165.0
2018-01-23 09:55:49.773000,32.85,32.8,32.85,6619165.0
2018-01-23 09:55:52.469000,32.85,32.8,32.85,6619165.0
2018-01-23 09:55:55.532000,32.85,32.8,32.85,6619165.0
2018-01-23 09:55:58.127000,32.85,32.8,32.85,6619165.0
2018-01-23 09:56:00.782000,32.85,32.8,32.85,6619165.0
2018-01-23 09:56:03.548000,32.85,32.8,32.85,6619165.0
2018-01-23 09:56:06.039000,32.85,32.8,32.85,6619165.0
2018-01-23 09:56:08.965000,32.85,32.8,32.85,6619165.0
2018-01-23 09:56:11.717000,32.85,32.8,32.85,6619165.0
2018-01-23 09:56:14.375000,32.85,32.8,32.85,6619165.0
2018-01-23 09:56:17.094000,32.85,32.8,32.85,6619165.0
2018-01-23 09:56:19.673000,32.85,32.8,32.85,6619165.0
2018-01-23 09:56:22.319000,32.85,32.8,32.85,6619165.0
2018-01-23 09:56:24.947000,32.85,32.8,32.85,6619165.0
2018-01-23 09:56:27.568000,32.85,32.8,32.85,6619165.0
2018-01-23 09:56:30.203000,32.85,32.8,32.85,6619165.0
2018-01-23 09:56:32.782000,32.85,32.8,32.85,6619165.0
2018-01-23 09:56:35.453000,32.85,32.8,32.85,6619165.0
2018-01-23 09:56:38.032000,32.85,32.8,32.85,6619165.0
2018-01-23 09:56:40.686000,32.85,32.8,32.85,6619165.0
2018-01-23 09:56:43.256000,32.85,32.8,32.85,6619165.0
2018-01-23 09:56:46.110000,32.85,32.85,32.9,6720918.0
2018-01-23 09:56:48.676000,32.85,32.85,32.9,6720918.0
2018-01-23 09:56:51.353000,32.85,32.85,32.9,6720918.0
2018-01-23 09:56:54.036000,32.85,32.85,32.9,6720918.0
2018-01-23 09:56:56.653000,32.85,32.85,32.9,6720918.0
2018-01-23 09:56:59.501000,32.85,32.85,32.9,6720918.0
2018-01-23 09:57:02.128000,32.85,32.85,32.9,6720918.0
2018-01-23 09:57:04.945000,32.85,32.85,32.9,6720918.0
2018-01-23 09:57:07.550000,32.85,32.85,32.9,6720918.0
2018-01-23 09:57:10.210000,32.85,32.85,32.9,6720918.0
2018-01-23 09:57:12.666000,32.85,32.85,32.9,6720918.0
2018-01-23 09:57:15.470000,32.85,32.85,32.9,6720918.0
2018-01-23 09:57:18.245000,32.85,32.85,32.9,6720918.0
2018-01-23 09:57:20.893000,32.85,32.85,32.9,6720918.0
2018-01-23 09:57:23.621000,32.85,32.85,32.9,6720918.0
2018-01-23 09:57:26.408000,32.85,32.85,32.9,6720918.0
2018-01-23 09:57:29.090000,32.85,32.85,32.9,6720918.0
2018-01-23 09:57:31.816000,32.85,32.85,32.9,6757918.0
2018-01-23 09:57:34.426000,32.85,32.85,32.9,6757918.0
2018-01-23 09:57:37.156000,32.85,32.85,32.9,6757918.0
2018-01-23 09:57:39.331000,32.85,32.85,32.9,6757918.0
2018-01-23 09:57:41.706000,32.85,32.85,32.9,6757918.0
2018-01-23 09:57:44.137000,32.85,32.85,32.9,6757918.0
2018-01-23 09:57:46.271000,32.85,32.85,32.9,6757918.0
2018-01-23 09:57:48.582000,32.85,32.85,32.9,6757918.0
2018-01-23 09:57:50.777000,32.85,32.85,32.9,6757918.0
2018-01-23 09:57:53.082000,32.85,32.85,32.9,6757918.0
2018-01-23 09:57:55.457000,32.85,32.85,32.9,6757918.0
2018-01-23 09:57:57.639000,32.85,32.85,32.9,6757918.0
2018-01-23 09:58:00.084000,32.85,32.85,32.9,6757918.0
2018-01-23 09:58:02.424000,32.85,32.85,32.9,6757918.0
2018-01-23 09:58:04.804000,32.85,32.85,32.9,6757918.0
2018-01-23 09:58:07.201000,32.85,32.85,32.9,6757918.0
2018-01-23 09:58:09.371000,32.85,32.85,32.9,6757918.0
2018-01-23 09:58:11.601000,32.85,32.85,32.9,6757918.0
2018-01-23 09:58:13.923000,32.85,32.85,32.9,6757918.0
2018-01-23 09:58:16.335000,32.85,32.85,32.9,6757918.0
2018-01-23 09:58:18.380000,32.85,32.85,32.9,6757918.0
2018-01-23 09:58:20.614000,32.85,32.85,32.9,6757918.0
2018-01-23 09:58:22.764000,32.85,32.85,32.9,6757918.0
2018-01-23 09:58:25.082000,32.85,32.85,32.9,6757918.0
2018-01-23 09:58:27.265000,32.85,32.85,32.9,6757918.0
2018-01-23 09:58:29.422000,32.85,32.85,32.9,6757918.0
2018-01-23 09:58:31.828000,32.85,32.85,32.9,6757918.0
2018-01-23 09:58:33.923000,32.85,32.85,32.9,6757918.0
2018-01-23 09:58:36.071000,32.85,32.85,32.9,6757918.0
2018-01-23 09:58:38.272000,32.85,32.85,32.9,6757918.0
2018-01-23 09:58:40.542000,32.85,32.85,32.9,6757918.0
2018-01-23 09:58:42.852000,32.85,32.85,32.9,6757918.0
2018-01-23 09:58:45.022000,32.85,32.85,32.9,6761878.0
2018-01-23 09:58:47.383000,32.85,32.85,32.9,6761878.0
2018-01-23 09:58:49.398000,32.85,32.85,32.9,6761878.0
2018-01-23 09:58:51.393000,32.85,32.85,32.9,6761878.0
2018-01-23 09:58:53.612000,32.85,32.85,32.9,6761878.0
2018-01-23 09:58:55.810000,32.85,32.85,32.9,6761878.0
2018-01-23 09:58:58.079000,32.85,32.85,32.9,6761878.0
2018-01-23 09:59:00.284000,32.85,32.85,32.9,6761878.0
2018-01-23 09:59:02.555000,32.85,32.85,32.9,6761878.0
2018-01-23 09:59:04.872000,32.85,32.85,32.9,6761878.0
2018-01-23 09:59:07.168000,32.85,32.85,32.9,6761878.0
2018-01-23 09:59:09.323000,32.85,32.85,32.9,6761878.0
2018-01-23 09:59:11.438000,32.85,32.85,32.9,6761878.0
2018-01-23 09:59:13.818000,32.85,32.85,32.9,6761878.0
2018-01-23 09:59:16.128000,32.85,32.85,32.9,6761878.0
2018-01-23 09:59:18.514000,32.85,32.85,32.9,6761878.0
2018-01-23 09:59:20.755000,32.85,32.85,32.9,6761878.0
2018-01-23 09:59:22.973000,32.85,32.85,32.9,6761878.0
2018-01-23 09:59:25.175000,32.85,32.85,32.9,6761878.0
2018-01-23 09:59:27.406000,32.85,32.85,32.9,6761878.0
2018-01-23 09:59:29.732000,32.85,32.85,32.9,6761878.0
2018-01-23 09:59:32.186000,32.85,32.85,32.9,6761878.0
2018-01-23 09:59:34.356000,32.85,32.85,32.9,6761878.0
2018-01-23 09:59:36.441000,32.85,32.85,32.9,6761878.0
2018-01-23 09:59:38.549000,32.85,32.85,32.9,6761878.0
2018-01-23 09:59:40.810000,32.85,32.85,32.9,6761878.0
2018-01-23 09:59:43.035000,32.85,32.85,32.9,6761878.0
2018-01-23 09:59:45.700000,32.85,32.85,32.9,6761878.0
2018-01-23 09:59:47.956000,32.85,32.85,32.9,6761878.0
2018-01-23 09:59:50.098000,32.85,32.85,32.9,6761878.0
2018-01-23 09:59:52.372000,32.85,32.85,32.9,6761878.0
2018-01-23 09:59:54.512000,32.9,32.85,32.9,6767547.0
2018-01-23 09:59:56.792000,32.9,32.85,32.9,6767547.0
2018-01-23 09:59:59.213000,32.9,32.85,32.9,6767547.0
2018-01-23 10:00:01.441000,32.9,32.85,32.9,6767547.0
2018-01-23 10:00:03.853000,32.9,32.85,32.9,6767547.0
2018-01-23 10:00:06.050000,32.9,32.85,32.9,6767547.0
2018-01-23 10:00:08.395000,32.9,32.85,32.9,6767547.0
2018-01-23 10:00:10.830000,32.9,32.85,32.9,6767547.0
2018-01-23 10:00:12.955000,32.9,32.85,32.9,6767547.0
2018-01-23 10:00:15.379000,32.9,32.85,32.9,6767547.0
2018-01-23 10:00:17.449000,32.9,32.85,32.9,6767547.0
2018-01-23 10:00:20.019000,32.9,32.85,32.9,6767547.0
2018-01-23 10:00:22.479000,32.9,32.85,32.9,6767547.0
2018-01-23 10:00:24.762000,32.9,32.85,32.9,6767547.0
2018-01-23 10:00:26.996000,32.9,32.85,32.9,6767547.0
2018-01-23 10:00:29.262000,32.9,32.85,32.9,6767547.0
2018-01-23 10:00:31.520000,32.9,32.85,32.9,6767547.0
2018-01-23 10:00:33.628000,32.9,32.85,32.9,6767547.0
2018-01-23 10:00:35.896000,32.9,32.85,32.9,6767547.0
2018-01-23 10:00:38.283000,32.9,32.85,32.9,6767547.0
2018-01-23 10:00:40.643000,32.9,32.85,32.9,6767547.0
2018-01-23 10:00:42.685000,32.9,32.85,32.9,6767547.0
2018-01-23 10:00:44.704000,32.9,32.85,32.9,6767547.0
2018-01-23 10:00:46.948000,32.9,32.85,32.95,7372047.0
2018-01-23 10:00:49.183000,32.9,32.85,32.95,7372047.0
2018-01-23 10:00:51.440000,32.9,32.85,32.95,7372047.0
2018-01-23 10:00:53.461000,32.9,32.85,32.95,7372047.0
2018-01-23 10:00:55.896000,32.9,32.85,32.95,7372047.0
2018-01-23 10:00:58.020000,32.9,32.85,32.95,7372047.0
2018-01-23 10:01:00.222000,32.9,32.85,32.95,7372047.0
2018-01-23 10:01:02.327000,32.9,32.85,32.95,7372047.0
2018-01-23 10:01:04.544000,32.9,32.85,32.95,7372047.0
2018-01-23 10:01:06.754000,32.9,32.85,32.95,7372047.0
2018-01-23 10:01:08.933000,32.9,32.85,32.95,7372047.0
2018-01-23 10:01:11.350000,32.9,32.85,32.95,7372047.0
2018-01-23 10:01:13.616000,32.9,32.85,32.95,7372047.0
2018-01-23 10:01:15.971000,32.9,32.85,32.95,7372047.0
2018-01-23 10:01:18.412000,32.9,32.85,32.95,7372047.0
2018-01-23 10:01:20.643000,32.9,32.85,32.95,7372047.0
2018-01-23 10:01:22.990000,32.9,32.85,32.95,7372047.0
2018-01-23 10:01:25.776000,32.9,32.85,32.95,7372047.0
2018-01-23 10:01:28.998000,32.9,32.85,32.95,7372047.0
2018-01-23 10:01:32.152000,32.9,32.85,32.95,7372047.0
2018-01-23 10:01:35.913000,32.9,32.85,32.95,7372047.0
2018-01-23 10:01:39.373000,32.9,32.85,32.9,7606027.0
2018-01-23 10:01:42.528000,32.9,32.85,32.9,7606027.0
2018-01-23 10:01:45.875000,32.9,32.85,32.9,7606027.0
2018-01-23 10:01:49.527000,32.9,32.85,32.9,7606027.0
2018-01-23 10:01:52.717000,32.9,32.85,32.9,7606027.0
2018-01-23 10:01:56.025000,32.9,32.85,32.9,7606027.0
2018-01-23 10:01:59.235000,32.9,32.85,32.9,7606027.0
2018-01-23 10:02:02.670000,32.9,32.85,32.9,7606027.0
2018-01-23 10:02:06.208000,32.9,32.85,32.9,7606027.0
2018-01-23 10:02:09.488000,32.9,32.85,32.9,7606027.0
2018-01-23 10:02:12.942000,32.9,32.85,32.9,7606027.0
2018-01-23 10:02:16.874000,32.9,32.85,32.9,7606027.0
2018-01-23 10:02:20.068000,32.9,32.85,32.9,7606027.0
2018-01-23 10:02:23.396000,32.9,32.85,32.9,7696027.0
2018-01-23 10:02:26.771000,32.9,32.85,32.9,7696027.0
2018-01-23 10:02:30.052000,32.9,32.85,32.9,7696027.0
2018-01-23 10:02:33.242000,32.9,32.85,32.9,7696027.0
2018-01-23 10:02:36.587000,32.9,32.85,32.9,7696027.0
2018-01-23 10:02:39.744000,32.9,32.85,32.9,7696027.0
2018-01-23 10:02:43.226000,32.9,32.85,32.9,7696027.0
2018-01-23 10:02:46.757000,32.9,32.85,32.9,7696027.0
2018-01-23 10:02:50.121000,32.9,32.85,32.9,7696027.0
2018-01-23 10:02:53.693000,32.9,32.85,32.9,7696027.0
2018-01-23 10:02:57.454000,32.9,32.85,32.9,7696027.0
2018-01-23 10:03:01.336000,32.9,32.85,32.9,7696027.0
2018-01-23 10:03:05.240000,32.9,32.85,32.9,7696027.0
2018-01-23 10:03:09.252000,32.9,32.85,32.9,7696027.0
2018-01-23 10:03:12.842000,32.9,32.85,32.9,7696027.0
2018-01-23 10:03:16.322000,32.9,32.85,32.9,7696027.0
2018-01-23 10:03:20.089000,32.9,32.85,32.9,7696027.0
2018-01-23 10:03:23.857000,32.9,32.85,32.9,7696027.0
2018-01-23 10:03:27.077000,32.9,32.85,32.9,7696027.0
2018-01-23 10:03:30.569000,32.9,32.85,32.9,7696027.0
2018-01-23 10:03:36.603000,32.9,32.85,32.9,7696027.0
2018-01-23 10:03:40.166000,32.9,32.85,32.9,7696027.0
2018-01-23 10:03:43.649000,32.9,32.85,32.9,7696027.0
2018-01-23 10:03:47.470000,32.9,32.85,32.9,7696027.0
2018-01-23 10:03:50.648000,32.9,32.85,32.9,7696027.0
2018-01-23 10:03:54.174000,32.9,32.85,32.9,7696027.0
2018-01-23 10:03:57.221000,32.9,32.85,32.9,7696027.0
2018-01-23 10:04:00.510000,32.9,32.85,32.9,7696027.0
2018-01-23 10:04:04.173000,32.9,32.85,32.9,7754927.0
2018-01-23 10:04:07.251000,32.9,32.85,32.9,7754927.0
2018-01-23 10:04:10.961000,32.9,32.85,32.9,7754927.0
2018-01-23 10:04:14.405000,32.9,32.85,32.9,7754927.0
2018-01-23 10:04:18.162000,32.9,32.85,32.9,7754927.0
2018-01-23 10:04:21.309000,32.9,32.85,32.9,7754927.0
2018-01-23 10:04:24.508000,32.9,32.85,32.9,7754927.0
2018-01-23 10:04:28.571000,32.9,32.85,32.9,7754927.0
2018-01-23 10:04:32.158000,32.9,32.85,32.9,7754927.0
2018-01-23 10:04:35.544000,32.9,32.85,32.9,7754927.0
2018-01-23 10:04:38.846000,32.85,32.85,32.9,7760927.0
2018-01-23 10:04:41.525000,32.85,32.85,32.9,7760927.0
2018-01-23 10:04:43.617000,32.85,32.85,32.9,7760927.0
2018-01-23 10:04:45.810000,32.85,32.85,32.9,7760927.0
2018-01-23 10:04:48.072000,32.85,32.85,32.9,7760927.0
2018-01-23 10:04:50.259000,32.85,32.85,32.9,7760927.0
2018-01-23 10:04:52.472000,32.85,32.85,32.9,7949427.0
2018-01-23 10:04:54.706000,32.85,32.85,32.9,7949427.0
2018-01-23 10:04:56.818000,32.85,32.85,32.9,7949427.0
2018-01-23 10:04:59.052000,32.85,32.85,32.9,7949427.0
2018-01-23 10:05:01.154000,32.85,32.85,32.9,7949427.0
2018-01-23 10:05:03.261000,32.85,32.85,32.9,7949427.0
2018-01-23 10:05:05.432000,32.85,32.8,32.85,8105927.0
2018-01-23 10:05:07.614000,32.85,32.8,32.85,8105927.0
2018-01-23 10:05:09.787000,32.85,32.8,32.85,8105927.0
2018-01-23 10:05:11.762000,32.85,32.8,32.85,8105927.0
2018-01-23 10:05:13.939000,32.85,32.8,32.85,8105927.0
2018-01-23 10:05:16.070000,32.85,32.8,32.85,8105927.0
2018-01-23 10:05:18.169000,32.85,32.8,32.85,8105927.0
2018-01-23 10:05:20.301000,32.85,32.8,32.85,8105927.0
2018-01-23 10:05:22.565000,32.85,32.8,32.85,8105927.0
2018-01-23 10:05:24.962000,32.85,32.8,32.85,8105927.0
2018-01-23 10:05:27.065000,32.85,32.8,32.85,8105927.0
2018-01-23 10:05:29.424000,32.85,32.8,32.85,8105927.0
2018-01-23 10:05:31.732000,32.85,32.8,32.85,8105927.0
2018-01-23 10:05:35.103000,32.85,32.8,32.85,8105927.0
2018-01-23 10:05:38.865000,32.85,32.8,32.85,8105927.0
2018-01-23 10:05:42.952000,32.85,32.8,32.85,8105927.0
2018-01-23 10:05:46.543000,32.85,32.85,32.9,8243905.0
2018-01-23 10:05:49.992000,32.85,32.85,32.9,8243905.0
2018-01-23 10:05:53.414000,32.85,32.85,32.9,8243905.0
2018-01-23 10:05:57.892000,32.85,32.85,32.9,8243905.0
2018-01-23 10:06:01.192000,32.85,32.85,32.9,8243905.0
2018-01-23 10:06:05.414000,32.85,32.85,32.9,8243905.0
2018-01-23 10:06:08.950000,32.85,32.85,32.9,8243905.0
2018-01-23 10:06:13.482000,32.85,32.85,32.9,8243905.0
2018-01-23 10:06:16.889000,32.85,32.85,32.9,8243905.0
2018-01-23 10:06:20.798000,32.85,32.85,32.9,8243905.0
2018-01-23 10:06:24.449000,32.85,32.85,32.9,8243905.0
2018-01-23 10:06:28.184000,32.85,32.85,32.9,8243905.0
2018-01-23 10:06:32.389000,32.85,32.85,32.9,8243905.0
2018-01-23 10:06:36.185000,32.85,32.85,32.9,8243905.0
2018-01-23 10:06:40.417000,32.85,32.85,32.9,8243905.0
2018-01-23 10:06:43.679000,32.85,32.85,32.9,8243905.0
2018-01-23 10:06:47.357000,32.9,32.85,32.9,8254905.0
2018-01-23 10:06:51.102000,32.9,32.85,32.9,8254905.0
2018-01-23 10:06:54.597000,32.9,32.85,32.9,8254905.0
2018-01-23 10:06:58.369000,32.9,32.85,32.9,8254905.0
2018-01-23 10:07:01.609000,32.9,32.85,32.9,8254905.0
2018-01-23 10:07:05.248000,32.9,32.85,32.9,8254905.0
2018-01-23 10:07:08.783000,32.9,32.85,32.9,8254905.0
2018-01-23 10:07:12.939000,32.9,32.85,32.9,8254905.0
2018-01-23 10:07:16.428000,32.9,32.85,32.9,8254905.0
2018-01-23 10:07:19.723000,32.9,32.85,32.9,8254905.0
2018-01-23 10:07:23.422000,32.9,32.85,32.9,8254905.0
2018-01-23 10:07:27.797000,32.9,32.85,32.9,8254905.0
2018-01-23 10:07:31.983000,32.9,32.85,32.9,8254905.0
2018-01-23 10:07:36.091000,32.9,32.85,32.9,8254905.0
2018-01-23 10:07:40.248000,32.9,32.85,32.9,8254905.0
2018-01-23 10:07:43.796000,32.9,32.85,32.9,8254905.0
2018-01-23 10:07:47.329000,32.9,32.85,32.9,8267905.0
2018-01-23 10:07:51.212000,32.9,32.85,32.9,8267905.0
2018-01-23 10:07:55.235000,32.9,32.85,32.9,8267905.0
2018-01-23 10:07:59.265000,32.9,32.85,32.9,8267905.0
2018-01-23 10:08:02.995000,32.9,32.85,32.9,8267905.0
2018-01-23 10:08:06.497000,32.9,32.85,32.9,8267905.0
2018-01-23 10:08:10.224000,32.9,32.85,32.9,8267905.0
2018-01-23 10:08:13.805000,32.9,32.85,32.9,8267905.0
2018-01-23 10:08:17.225000,32.9,32.85,32.9,8267905.0
2018-01-23 10:08:21.484000,32.9,32.85,32.9,8267905.0
2018-01-23 10:08:24.883000,32.9,32.85,32.9,8267905.0
2018-01-23 10:08:28.462000,32.9,32.85,32.9,8267905.0
2018-01-23 10:08:31.955000,32.9,32.85,32.9,8267905.0
2018-01-23 10:08:35.543000,32.9,32.85,32.9,8267905.0
2018-01-23 10:08:39.711000,32.9,32.85,32.9,8267905.0
2018-01-23 10:08:43.196000,32.9,32.85,32.9,8269461.0
2018-01-23 10:08:47.286000,32.9,32.85,32.9,8269461.0
2018-01-23 10:08:51.673000,32.9,32.85,32.9,8269461.0
2018-01-23 10:08:55.439000,32.9,32.85,32.9,8269461.0
2018-01-23 10:08:59.534000,32.9,32.85,32.9,8269461.0
2018-01-23 10:09:03.024000,32.9,32.85,32.9,8269461.0
2018-01-23 10:09:06.040000,32.9,32.85,32.9,8269461.0
2018-01-23 10:09:08.640000,32.9,32.85,32.9,8269461.0
2018-01-23 10:09:11.069000,32.9,32.85,32.9,8269461.0
2018-01-23 10:09:13.398000,32.9,32.85,32.9,8269461.0
2018-01-23 10:09:16.325000,32.9,32.85,32.9,8269461.0
2018-01-23 10:09:19.600000,32.9,32.85,32.9,8269461.0
2018-01-23 10:09:23.713000,32.9,32.85,32.9,8269461.0
2018-01-23 10:09:27.361000,32.9,32.85,32.9,8269461.0
2018-01-23 10:09:30.666000,32.9,32.85,32.9,8269461.0
2018-01-23 10:09:34.199000,32.9,32.85,32.9,8269461.0
2018-01-23 10:09:37.294000,32.9,32.85,32.9,8269461.0
2018-01-23 10:09:40.273000,32.9,32.85,32.9,8269461.0
2018-01-23 10:09:44.098000,32.9,32.85,32.9,8269461.0
2018-01-23 10:09:48.020000,32.9,32.85,32.9,8269461.0
2018-01-23 10:09:51.021000,32.9,32.85,32.9,8269461.0
2018-01-23 10:09:54.336000,32.9,32.85,32.9,8269461.0
2018-01-23 10:09:57.523000,32.9,32.85,32.9,8269461.0
2018-01-23 10:10:01.067000,32.9,32.85,32.9,8271961.0
2018-01-23 10:10:04.355000,32.9,32.85,32.9,8271961.0
2018-01-23 10:10:07.839000,32.9,32.85,32.9,8271961.0
2018-01-23 10:10:11.904000,32.9,32.85,32.9,8271961.0
2018-01-23 10:10:15.317000,32.9,32.85,32.9,8271961.0
2018-01-23 10:10:18.829000,32.9,32.85,32.9,8271961.0
2018-01-23 10:10:21.985000,32.9,32.85,32.9,8271961.0
2018-01-23 10:10:25.148000,32.9,32.85,32.9,8271961.0
2018-01-23 10:10:28.219000,32.9,32.85,32.9,8271961.0
2018-01-23 10:10:31.421000,32.9,32.85,32.9,8271961.0
2018-01-23 10:10:35.120000,32.9,32.85,32.9,8271961.0
2018-01-23 10:10:39.476000,32.9,32.85,32.9,8271961.0
2018-01-23 10:10:43.820000,32.9,32.85,32.9,8271961.0
2018-01-23 10:10:47.605000,32.9,32.85,32.9,8271961.0
2018-01-23 10:10:51.103000,32.9,32.85,32.9,8271961.0
2018-01-23 10:10:54.433000,32.9,32.85,32.9,8271961.0
2018-01-23 10:10:57.990000,32.9,32.85,32.9,8271961.0
2018-01-23 10:11:01.252000,32.9,32.85,32.9,8271961.0
2018-01-23 10:11:04.795000,32.9,32.85,32.9,8271961.0
2018-01-23 10:11:08.489000,32.9,32.85,32.9,8271961.0
2018-01-23 10:11:12.522000,32.9,32.85,32.9,8271961.0
2018-01-23 10:11:16.392000,32.9,32.85,32.9,8271961.0
2018-01-23 10:11:19.887000,32.9,32.85,32.9,8271961.0
2018-01-23 10:11:23.429000,32.9,32.85,32.9,8271961.0
2018-01-23 10:11:26.658000,32.9,32.85,32.9,8271961.0
2018-01-23 10:11:30.100000,32.9,32.85,32.9,8271961.0
2018-01-23 10:11:33.927000,32.85,32.85,32.9,8277161.0
2018-01-23 10:11:37.256000,32.85,32.85,32.9,8277161.0
2018-01-23 10:11:40.642000,32.85,32.85,32.9,8277161.0
2018-01-23 10:11:43.934000,32.85,32.85,32.9,8277161.0
2018-01-23 10:11:47.426000,32.85,32.85,32.9,8277161.0
2018-01-23 10:11:51.052000,32.85,32.85,32.9,8277161.0
2018-01-23 10:11:54.538000,32.85,32.85,32.9,8277161.0
2018-01-23 10:11:58.631000,32.85,32.85,32.9,8277161.0
2018-01-23 10:12:01.018000,32.85,32.85,32.9,8277161.0
2018-01-23 10:12:03.295000,32.85,32.85,32.9,8277161.0
2018-01-23 10:12:06.702000,32.85,32.85,32.9,8277161.0
2018-01-23 10:12:09.789000,32.85,32.85,32.9,8277161.0
2018-01-23 10:12:12.991000,32.85,32.85,32.9,8277161.0
2018-01-23 10:12:16.343000,32.85,32.85,32.9,8277161.0
2018-01-23 10:12:19.395000,32.85,32.85,32.9,8277161.0
2018-01-23 10:12:22.771000,32.85,32.85,32.9,8277161.0
2018-01-23 10:12:26.205000,32.85,32.85,32.9,8277161.0
2018-01-23 10:12:29.493000,32.85,32.85,32.9,8277161.0
2018-01-23 10:12:31.919000,32.85,32.85,32.9,8277161.0
2018-01-23 10:12:34.419000,32.85,32.85,32.9,8314661.0
2018-01-23 10:12:37.102000,32.85,32.85,32.9,8314661.0
2018-01-23 10:12:40.024000,32.85,32.85,32.9,8314661.0
2018-01-23 10:12:42.772000,32.85,32.85,32.9,8314661.0
2018-01-23 10:12:45.350000,32.85,32.85,32.9,8314661.0
2018-01-23 10:12:47.899000,32.85,32.85,32.9,8314661.0
2018-01-23 10:12:50.807000,32.85,32.85,32.9,8314661.0
2018-01-23 10:12:53.336000,32.85,32.85,32.9,8314661.0
2018-01-23 10:12:56.033000,32.85,32.85,32.9,8314661.0
2018-01-23 10:12:58.522000,32.85,32.85,32.9,8314661.0
2018-01-23 10:13:01.172000,32.85,32.85,32.9,8314661.0
2018-01-23 10:13:03.883000,32.85,32.85,32.9,8314661.0
2018-01-23 10:13:06.446000,32.85,32.85,32.9,8314661.0
2018-01-23 10:13:09.020000,32.85,32.85,32.9,8314661.0
2018-01-23 10:13:11.521000,32.85,32.85,32.9,8314661.0
2018-01-23 10:13:14.243000,32.85,32.85,32.9,8314661.0
2018-01-23 10:13:16.833000,32.85,32.85,32.9,8314661.0
2018-01-23 10:13:19.319000,32.85,32.85,32.9,8314661.0
2018-01-23 10:13:21.834000,32.85,32.85,32.9,8314661.0
2018-01-23 10:13:24.321000,32.85,32.85,32.9,8314661.0
2018-01-23 10:13:26.811000,32.85,32.85,32.9,8314661.0
2018-01-23 10:13:29.463000,32.85,32.85,32.9,8314661.0
2018-01-23 10:13:32.151000,32.85,32.85,32.9,8314661.0
2018-01-23 10:13:34.667000,32.85,32.85,32.9,8314661.0
2018-01-23 10:13:37.163000,32.85,32.85,32.9,8314661.0
2018-01-23 10:13:39.789000,32.85,32.85,32.9,8314661.0
2018-01-23 10:13:42.524000,32.85,32.85,32.9,8314661.0
2018-01-23 10:13:44.989000,32.85,32.85,32.9,8314661.0
2018-01-23 10:13:47.793000,32.85,32.85,32.9,8314661.0
2018-01-23 10:13:50.403000,32.85,32.85,32.9,8314661.0
2018-01-23 10:13:53.481000,32.85,32.85,32.9,8314661.0
2018-01-23 10:13:56.213000,32.85,32.85,32.9,8314661.0
2018-01-23 10:13:59.101000,32.85,32.85,32.9,8314661.0
2018-01-23 10:14:01.879000,32.85,32.85,32.9,8314661.0
2018-01-23 10:14:04.627000,32.85,32.85,32.9,8314661.0
2018-01-23 10:14:07.353000,32.85,32.85,32.9,8314661.0
2018-01-23 10:14:10.338000,32.85,32.85,32.9,8314661.0
2018-01-23 10:14:13.150000,32.85,32.85,32.9,8336168.0
2018-01-23 10:14:16.213000,32.85,32.85,32.9,8336168.0
2018-01-23 10:14:18.916000,32.85,32.85,32.9,8336168.0
2018-01-23 10:14:21.339000,32.85,32.85,32.9,8336168.0
2018-01-23 10:14:24.017000,32.85,32.85,32.9,8336168.0
2018-01-23 10:14:26.805000,32.85,32.85,32.9,8336168.0
2018-01-23 10:14:29.307000,32.85,32.85,32.9,8336168.0
2018-01-23 10:14:31.727000,32.85,32.85,32.9,8336168.0
2018-01-23 10:14:34.307000,32.85,32.85,32.9,8336168.0
2018-01-23 10:14:36.943000,32.85,32.85,32.9,8336168.0
2018-01-23 10:14:39.574000,32.85,32.85,32.9,8336168.0
2018-01-23 10:14:42.230000,32.85,32.85,32.9,8336168.0
2018-01-23 10:14:44.803000,32.85,32.85,32.9,8336168.0
2018-01-23 10:14:47.415000,32.85,32.85,32.9,8336168.0
2018-01-23 10:14:49.915000,32.85,32.85,32.9,8336168.0
2018-01-23 10:14:52.371000,32.85,32.85,32.9,8336168.0
2018-01-23 10:14:54.727000,32.85,32.85,32.9,8336168.0
2018-01-23 10:14:57.168000,32.85,32.85,32.9,8336168.0
2018-01-23 10:14:59.543000,32.85,32.85,32.9,8336168.0
2018-01-23 10:15:01.837000,32.85,32.85,32.9,8336168.0
2018-01-23 10:15:04.369000,32.85,32.85,32.9,8336168.0
2018-01-23 10:15:07.094000,32.85,32.85,32.9,8336168.0
2018-01-23 10:15:09.699000,32.85,32.85,32.9,8336168.0
2018-01-23 10:15:12.463000,32.85,32.85,32.9,8336168.0
2018-01-23 10:15:15.026000,32.85,32.85,32.9,8336168.0
2018-01-23 10:15:17.559000,32.85,32.85,32.9,8336168.0
2018-01-23 10:15:20.357000,32.85,32.85,32.9,8336168.0
2018-01-23 10:15:22.903000,32.85,32.85,32.9,8336168.0
2018-01-23 10:15:25.873000,32.85,32.85,32.9,8336168.0
2018-01-23 10:15:28.386000,32.85,32.85,32.9,8336168.0
2018-01-23 10:15:30.920000,32.85,32.85,32.9,8336168.0
2018-01-23 10:15:33.936000,32.85,32.85,32.9,8336168.0
2018-01-23 10:15:36.539000,32.85,32.85,32.9,8336168.0
2018-01-23 10:15:39.157000,32.85,32.85,32.9,8336168.0
2018-01-23 10:15:41.583000,32.85,32.85,32.9,8336168.0
2018-01-23 10:15:44.075000,32.85,32.85,32.9,8336168.0
2018-01-23 10:15:46.376000,32.85,32.85,32.9,8336168.0
2018-01-23 10:15:48.939000,32.85,32.85,32.9,8336168.0
2018-01-23 10:15:51.395000,32.85,32.85,32.9,8336168.0
2018-01-23 10:15:53.980000,32.85,32.85,32.9,8336168.0
2018-01-23 10:15:56.467000,32.85,32.85,32.9,8336168.0
2018-01-23 10:15:59.170000,32.85,32.85,32.9,8336168.0
2018-01-23 10:16:01.709000,32.85,32.85,32.9,8336168.0
2018-01-23 10:16:04.081000,32.85,32.85,32.9,8336168.0
2018-01-23 10:16:06.759000,32.85,32.85,32.9,8336168.0
2018-01-23 10:16:09.406000,32.85,32.85,32.9,8336168.0
2018-01-23 10:16:12.079000,32.85,32.85,32.9,8340668.0
2018-01-23 10:16:14.745000,32.85,32.85,32.9,8340668.0
2018-01-23 10:16:17.355000,32.85,32.85,32.9,8340668.0
2018-01-23 10:16:20.047000,32.85,32.85,32.9,8340668.0
2018-01-23 10:16:22.511000,32.85,32.85,32.9,8340668.0
2018-01-23 10:16:24.993000,32.85,32.85,32.9,8340668.0
2018-01-23 10:16:27.375000,32.85,32.85,32.9,8340668.0
2018-01-23 10:16:29.481000,32.85,32.85,32.9,8340668.0
2018-01-23 10:16:31.812000,32.85,32.85,32.9,8340668.0
2018-01-23 10:16:34.027000,32.85,32.85,32.9,8340668.0
2018-01-23 10:16:36.261000,32.85,32.85,32.9,8340668.0
2018-01-23 10:16:38.491000,32.85,32.85,32.9,8340668.0
2018-01-23 10:16:40.630000,32.85,32.85,32.9,8340668.0
2018-01-23 10:16:42.940000,32.9,32.85,32.9,8349668.0
2018-01-23 10:16:45.129000,32.9,32.85,32.9,8349668.0
2018-01-23 10:16:47.357000,32.9,32.85,32.9,8349668.0
2018-01-23 10:16:49.510000,32.9,32.85,32.9,8349668.0
2018-01-23 10:16:51.618000,32.9,32.85,32.9,8349668.0
2018-01-23 10:16:53.828000,32.9,32.85,32.9,8349668.0
2018-01-23 10:16:55.919000,32.9,32.85,32.9,8349668.0
2018-01-23 10:16:58.332000,32.9,32.85,32.9,8349668.0
2018-01-23 10:17:00.424000,32.9,32.85,32.9,8349668.0
2018-01-23 10:17:03.088000,32.9,32.85,32.9,8349668.0
2018-01-23 10:17:06.267000,32.9,32.85,32.9,8349668.0
2018-01-23 10:17:09.470000,32.9,32.85,32.9,8349668.0
2018-01-23 10:17:13.093000,32.9,32.85,32.9,8349668.0
2018-01-23 10:17:16.489000,32.85,32.85,32.9,8372168.0
2018-01-23 10:17:19.918000,32.85,32.85,32.9,8372168.0
2018-01-23 10:17:23.233000,32.85,32.85,32.9,8372168.0
2018-01-23 10:17:26.528000,32.85,32.85,32.9,8372168.0
2018-01-23 10:17:30.551000,32.85,32.8,32.85,8742668.0
2018-01-23 10:17:33.891000,32.85,32.8,32.85,8742668.0
2018-01-23 10:17:37.276000,32.85,32.8,32.85,8742668.0
2018-01-23 10:17:40.406000,32.85,32.8,32.85,8742668.0
2018-01-23 10:17:43.514000,32.85,32.8,32.85,8742668.0
2018-01-23 10:17:46.873000,32.85,32.8,32.85,8742668.0
2018-01-23 10:17:50.186000,32.85,32.8,32.85,8742668.0
2018-01-23 10:17:53.272000,32.85,32.8,32.85,8742668.0
2018-01-23 10:17:56.400000,32.85,32.8,32.85,8742668.0
2018-01-23 10:17:59.709000,32.85,32.8,32.85,8742668.0
2018-01-23 10:18:03.083000,32.85,32.8,32.85,8742668.0
2018-01-23 10:18:06.325000,32.85,32.8,32.85,8742668.0
2018-01-23 10:18:09.756000,32.85,32.8,32.85,8742668.0
2018-01-23 10:18:13.021000,32.85,32.8,32.85,8742668.0
2018-01-23 10:18:16.244000,32.85,32.8,32.85,8742668.0
2018-01-23 10:18:19.455000,32.85,32.8,32.85,8742668.0
2018-01-23 10:18:22.719000,32.85,32.8,32.85,8742668.0
2018-01-23 10:18:26.108000,32.85,32.8,32.85,8946768.0
2018-01-23 10:18:29.349000,32.85,32.8,32.85,8946768.0
2018-01-23 10:18:32.486000,32.85,32.8,32.85,8946768.0
2018-01-23 10:18:35.717000,32.85,32.8,32.85,8946768.0
2018-01-23 10:18:38.714000,32.85,32.8,32.85,8946768.0
2018-01-23 10:18:41.769000,32.85,32.8,32.85,8946768.0
2018-01-23 10:18:45.219000,32.85,32.8,32.85,8946768.0
2018-01-23 10:18:48.880000,32.85,32.8,32.85,8946768.0
2018-01-23 10:18:52.057000,32.85,32.8,32.85,8946768.0
2018-01-23 10:18:55.880000,32.85,32.8,32.85,8946768.0
2018-01-23 10:18:59.035000,32.85,32.8,32.85,8946768.0
2018-01-23 10:19:02.398000,32.85,32.8,32.85,8946768.0
2018-01-23 10:19:05.523000,32.85,32.8,32.85,8946768.0
2018-01-23 10:19:09.193000,32.85,32.8,32.85,8946768.0
2018-01-23 10:19:12.550000,32.85,32.8,32.85,8946768.0
2018-01-23 10:19:15.824000,32.85,32.8,32.85,8946768.0
2018-01-23 10:19:18.993000,32.85,32.8,32.85,8946768.0
2018-01-23 10:19:22.164000,32.85,32.8,32.85,8946768.0
2018-01-23 10:19:25.272000,32.85,32.8,32.85,8946768.0
2018-01-23 10:19:29.003000,32.85,32.8,32.85,8946768.0
2018-01-23 10:19:32.304000,32.85,32.8,32.85,8946768.0
2018-01-23 10:19:35.052000,32.85,32.8,32.85,8946768.0
2018-01-23 10:19:38.741000,32.85,32.8,32.85,8946768.0
2018-01-23 10:19:42.753000,32.85,32.8,32.85,8946768.0
2018-01-23 10:19:45.668000,32.85,32.8,32.85,8946768.0
2018-01-23 10:19:49.245000,32.85,32.8,32.85,8946768.0
2018-01-23 10:19:53.166000,32.85,32.8,32.85,8946768.0
2018-01-23 10:19:57.151000,32.85,32.8,32.85,8946768.0
2018-01-23 10:20:01.484000,32.85,32.8,32.85,8946768.0
2018-01-23 10:20:05.801000,32.85,32.8,32.85,8946768.0
2018-01-23 10:20:09.740000,32.85,32.8,32.85,8946768.0
2018-01-23 10:20:13.522000,32.85,32.8,32.85,8946768.0
2018-01-23 10:20:18.224000,32.85,32.8,32.85,8946768.0
2018-01-23 10:20:22.337000,32.85,32.8,32.85,8946768.0
2018-01-23 10:20:26.192000,32.85,32.8,32.85,8946768.0
2018-01-23 10:20:30.124000,32.85,32.8,32.85,8946768.0
2018-01-23 10:20:33.753000,32.85,32.8,32.85,8946768.0
2018-01-23 10:20:37.414000,32.85,32.8,32.85,8946768.0
2018-01-23 10:20:42.035000,32.85,32.8,32.85,8946768.0
2018-01-23 10:20:46.075000,32.85,32.8,32.85,8946768.0
2018-01-23 10:20:49.586000,32.85,32.8,32.85,8946768.0
2018-01-23 10:20:53.342000,32.85,32.8,32.85,9372768.0
2018-01-23 10:20:56.764000,32.85,32.8,32.85,9372768.0
2018-01-23 10:21:00.652000,32.85,32.8,32.85,9372768.0
2018-01-23 10:21:04.385000,32.85,32.8,32.85,9372768.0
2018-01-23 10:21:08.524000,32.85,32.8,32.85,9372768.0
2018-01-23 10:21:12.197000,32.85,32.8,32.85,9372768.0
2018-01-23 10:21:16.057000,32.85,32.8,32.85,9372768.0
2018-01-23 10:21:20.102000,32.85,32.8,32.85,9372768.0
2018-01-23 10:21:23.942000,32.85,32.8,32.85,9372768.0
2018-01-23 10:21:28.442000,32.85,32.8,32.85,9372768.0
2018-01-23 10:21:32.725000,32.85,32.8,32.85,9372768.0
2018-01-23 10:21:36.562000,32.85,32.8,32.85,9372768.0
2018-01-23 10:21:40.514000,32.85,32.8,32.85,9372768.0
2018-01-23 10:21:44.376000,32.85,32.8,32.85,9372768.0
2018-01-23 10:21:48.275000,32.85,32.8,32.85,9372768.0
2018-01-23 10:21:52.348000,32.9,32.85,32.9,9437300.0
2018-01-23 10:21:55.941000,32.9,32.85,32.9,9437300.0
2018-01-23 10:21:59.570000,32.9,32.85,32.9,9437300.0
2018-01-23 10:22:03.153000,32.9,32.85,32.9,9437300.0
2018-01-23 10:22:07.259000,32.9,32.85,32.9,9437300.0
2018-01-23 10:22:11.190000,32.9,32.85,32.9,9437300.0
2018-01-23 10:22:14.885000,32.9,32.85,32.9,9437300.0
2018-01-23 10:22:18.996000,32.9,32.85,32.9,9437300.0
2018-01-23 10:22:22.822000,32.85,32.8,32.85,9675300.0
2018-01-23 10:22:25.693000,32.85,32.8,32.85,9675300.0
2018-01-23 10:22:28.540000,32.85,32.8,32.85,9675300.0
2018-01-23 10:22:32.363000,32.85,32.8,32.85,9675300.0
2018-01-23 10:22:36.999000,32.85,32.8,32.85,9675300.0
2018-01-23 10:22:41.025000,32.85,32.8,32.85,9675300.0
2018-01-23 10:22:45.187000,32.85,32.8,32.85,9675300.0
2018-01-23 10:22:49.149000,32.85,32.8,32.85,9675300.0
2018-01-23 10:22:53.861000,32.85,32.8,32.85,9675300.0
2018-01-23 10:22:57.976000,32.85,32.8,32.85,9675300.0
2018-01-23 10:23:01.796000,32.85,32.8,32.85,9675300.0
2018-01-23 10:23:05.691000,32.85,32.8,32.85,9675300.0
2018-01-23 10:23:09.578000,32.85,32.8,32.85,9675300.0
2018-01-23 10:23:13.336000,32.85,32.8,32.85,9675300.0
2018-01-23 10:23:17.649000,32.85,32.8,32.85,9675300.0
2018-01-23 10:23:21.583000,32.85,32.8,32.85,9675300.0
2018-01-23 10:23:26.060000,32.85,32.8,32.85,9675300.0
2018-01-23 10:23:29.619000,32.8,32.8,32.85,9681314.0
2018-01-23 10:23:33.539000,32.8,32.8,32.85,9681314.0
2018-01-23 10:23:37.304000,32.8,32.8,32.85,9681314.0
2018-01-23 10:23:41.004000,32.8,32.8,32.85,9681314.0
2018-01-23 10:23:45.371000,32.8,32.8,32.85,9681314.0
2018-01-23 10:23:49.339000,32.8,32.8,32.85,9681314.0
2018-01-23 10:23:53.730000,32.8,32.8,32.85,9681314.0
2018-01-23 10:23:57.648000,32.8,32.8,32.85,9681314.0
2018-01-23 10:24:01.556000,32.8,32.8,32.85,9681314.0
2018-01-23 10:24:05.401000,32.8,32.8,32.85,9681314.0
2018-01-23 10:24:09.139000,32.8,32.8,32.85,9681314.0
2018-01-23 10:24:12.925000,32.8,32.8,32.85,9681314.0
2018-01-23 10:24:17.121000,32.8,32.8,32.85,9681314.0
2018-01-23 10:24:21.285000,32.8,32.8,32.85,9681314.0
2018-01-23 10:24:25.162000,32.85,32.8,32.85,9704314.0
2018-01-23 10:24:29.091000,32.85,32.8,32.85,9704314.0
2018-01-23 10:24:32.776000,32.85,32.8,32.85,9704314.0
2018-01-23 10:24:36.325000,32.85,32.8,32.85,9704314.0
2018-01-23 10:24:39.994000,32.85,32.8,32.85,9704314.0
2018-01-23 10:24:43.712000,32.85,32.8,32.85,9704314.0
2018-01-23 10:24:47.500000,32.85,32.8,32.85,9704314.0
2018-01-23 10:24:51.127000,32.85,32.8,32.85,9704314.0
2018-01-23 10:24:54.909000,32.85,32.8,32.85,9704314.0
2018-01-23 10:24:58.714000,32.85,32.8,32.85,9704314.0
2018-01-23 10:25:02.675000,32.85,32.8,32.85,9704314.0
2018-01-23 10:25:06.283000,32.85,32.8,32.85,9704390.0
2018-01-23 10:25:09.201000,32.85,32.8,32.85,9704390.0
2018-01-23 10:25:12.267000,32.85,32.8,32.85,9704390.0
2018-01-23 10:25:18.072000,32.85,32.8,32.85,9704390.0
2018-01-23 10:25:20.975000,32.85,32.8,32.85,9704390.0
2018-01-23 10:25:23.857000,32.85,32.8,32.85,9704390.0
2018-01-23 10:25:26.724000,32.85,32.8,32.85,9704390.0
2018-01-23 10:25:29.813000,32.8,32.75,32.85,9910890.0
2018-01-23 10:25:32.811000,32.8,32.8,32.85,10091390.0
2018-01-23 10:25:36.188000,32.8,32.8,32.85,10091390.0
2018-01-23 10:25:38.997000,32.8,32.8,32.85,10091390.0
2018-01-23 10:25:41.954000,32.8,32.8,32.85,10091390.0
2018-01-23 10:25:44.856000,32.8,32.8,32.85,10091390.0
2018-01-23 10:25:47.901000,32.8,32.8,32.85,10091390.0
2018-01-23 10:25:50.937000,32.8,32.8,32.85,10091390.0
2018-01-23 10:25:54.083000,32.8,32.8,32.85,10091390.0
2018-01-23 10:25:57.351000,32.8,32.8,32.85,10091390.0
2018-01-23 10:26:01.026000,32.8,32.8,32.85,10091390.0
2018-01-23 10:26:03.828000,32.8,32.8,32.85,11872390.0
2018-01-23 10:26:06.733000,32.8,32.8,32.85,11872390.0
2018-01-23 10:26:09.734000,32.8,32.8,32.85,11872390.0
2018-01-23 10:26:12.820000,32.8,32.8,32.85,11872390.0
2018-01-23 10:26:17.015000,32.8,32.8,32.85,11872390.0
2018-01-23 10:26:19.872000,32.8,32.8,32.85,11872390.0
2018-01-23 10:26:23.184000,32.8,32.8,32.85,11872390.0
2018-01-23 10:26:26.260000,32.8,32.8,32.85,11872390.0
2018-01-23 10:26:29.662000,32.8,32.8,32.85,11872390.0
2018-01-23 10:26:32.746000,32.8,32.8,32.85,11872390.0
2018-01-23 10:26:35.609000,32.8,32.8,32.85,11872390.0
2018-01-23 10:26:38.512000,32.8,32.8,32.85,11872390.0
2018-01-23 10:26:41.390000,32.8,32.8,32.85,11872390.0
2018-01-23 10:26:44.326000,32.8,32.8,32.85,11872390.0
2018-01-23 10:26:47.483000,32.8,32.8,32.85,11872390.0
2018-01-23 10:26:50.310000,32.8,32.8,32.85,11872390.0
2018-01-23 10:26:53.230000,32.8,32.8,32.85,11872390.0
2018-01-23 10:26:56.316000,32.8,32.8,32.85,11872390.0
2018-01-23 10:26:59.232000,32.8,32.8,32.85,11872390.0
2018-01-23 10:27:02.117000,32.8,32.8,32.85,11872390.0
2018-01-23 10:27:05.046000,32.8,32.8,32.85,11872390.0
2018-01-23 10:27:08.127000,32.8,32.8,32.85,11872390.0
2018-01-23 10:27:11.262000,32.8,32.8,32.85,11872390.0
2018-01-23 10:27:14.342000,32.8,32.8,32.85,11872390.0
2018-01-23 10:27:17.407000,32.8,32.75,32.8,11925390.0
2018-01-23 10:27:20.202000,32.8,32.75,32.8,11925390.0
2018-01-23 10:27:23.079000,32.8,32.75,32.8,11925390.0
2018-01-23 10:27:26.799000,32.8,32.75,32.8,11925390.0
2018-01-23 10:27:30.167000,32.8,32.75,32.8,11925390.0
2018-01-23 10:27:33.105000,32.8,32.75,32.8,11925390.0
2018-01-23 10:27:38.780000,32.8,32.75,32.8,11925390.0
2018-01-23 10:27:42.823000,32.8,32.75,32.8,11925390.0
2018-01-23 10:27:45.924000,32.8,32.75,32.8,11925390.0
2018-01-23 10:27:49.172000,32.8,32.75,32.8,11925390.0
2018-01-23 10:27:52.216000,32.8,32.75,32.8,11925390.0
2018-01-23 10:27:55.206000,32.8,32.75,32.8,11925390.0
2018-01-23 10:27:58.039000,32.8,32.75,32.8,11925390.0
2018-01-23 10:28:00.893000,32.8,32.75,32.8,11925390.0
2018-01-23 10:28:03.765000,32.8,32.75,32.8,11925390.0
2018-01-23 10:28:06.497000,32.8,32.75,32.8,11925390.0
2018-01-23 10:28:09.423000,32.8,32.75,32.8,11925390.0
2018-01-23 10:28:12.241000,32.8,32.75,32.8,11925390.0
2018-01-23 10:28:15.064000,32.8,32.75,32.8,11925390.0
2018-01-23 10:28:18.081000,32.8,32.75,32.8,11925390.0
2018-01-23 10:28:20.887000,32.8,32.75,32.8,11925390.0
2018-01-23 10:28:23.767000,32.8,32.75,32.8,11925390.0
2018-01-23 10:28:27.012000,32.8,32.75,32.8,11925390.0
2018-01-23 10:28:30.128000,32.8,32.75,32.8,11925390.0
2018-01-23 10:28:33.319000,32.8,32.75,32.8,11925390.0
2018-01-23 10:28:36.410000,32.8,32.75,32.8,11925390.0
2018-01-23 10:28:39.406000,32.8,32.75,32.8,11925390.0
2018-01-23 10:28:42.409000,32.8,32.75,32.8,11925390.0
2018-01-23 10:28:45.282000,32.8,32.75,32.8,11925390.0
2018-01-23 10:28:48.351000,32.8,32.75,32.8,11925390.0
2018-01-23 10:28:51.838000,32.8,32.75,32.8,11925390.0
2018-01-23 10:28:54.532000,32.8,32.75,32.8,11925390.0
2018-01-23 10:28:57.370000,32.8,32.75,32.8,11925390.0
2018-01-23 10:29:00.315000,32.8,32.75,32.8,11925390.0
2018-01-23 10:29:03.376000,32.8,32.75,32.8,11925390.0
2018-01-23 10:29:06.291000,32.8,32.75,32.8,11925390.0
2018-01-23 10:29:09.152000,32.8,32.75,32.8,11925390.0
2018-01-23 10:29:11.983000,32.8,32.75,32.8,11925390.0
2018-01-23 10:29:15.026000,32.8,32.75,32.8,11925390.0
2018-01-23 10:29:17.807000,32.8,32.75,32.8,11925390.0
2018-01-23 10:29:20.781000,32.8,32.8,32.85,12139590.0
2018-01-23 10:29:23.642000,32.8,32.8,32.85,12139590.0
2018-01-23 10:29:26.599000,32.8,32.8,32.85,12139590.0
2018-01-23 10:29:29.486000,32.8,32.8,32.85,12139590.0
2018-01-23 10:29:32.351000,32.8,32.8,32.85,12139590.0
2018-01-23 10:29:35.162000,32.8,32.8,32.85,12139590.0
2018-01-23 10:29:37.929000,32.8,32.8,32.85,12139590.0
2018-01-23 10:29:40.739000,32.8,32.8,32.85,12139590.0
2018-01-23 10:29:43.474000,32.8,32.8,32.85,12139590.0
2018-01-23 10:29:46.336000,32.8,32.8,32.85,12139590.0
2018-01-23 10:29:49.205000,32.8,32.8,32.85,12139590.0
2018-01-23 10:29:52.271000,32.8,32.8,32.85,12139590.0
2018-01-23 10:29:54.946000,32.8,32.8,32.85,12139590.0
2018-01-23 10:29:57.763000,32.8,32.8,32.85,12139590.0
2018-01-23 10:30:00.609000,32.8,32.8,32.85,12139590.0
2018-01-23 10:30:03.738000,32.8,32.8,32.85,12139590.0
2018-01-23 10:30:06.620000,32.8,32.8,32.85,12139590.0
2018-01-23 10:30:09.580000,32.8,32.8,32.85,12151985.0
2018-01-23 10:30:12.286000,32.8,32.8,32.85,12151985.0
2018-01-23 10:30:15.197000,32.8,32.8,32.85,12151985.0
2018-01-23 10:30:17.982000,32.8,32.8,32.85,12151985.0
2018-01-23 10:30:20.900000,32.8,32.8,32.85,12151985.0
2018-01-23 10:30:23.723000,32.8,32.8,32.85,12151985.0
2018-01-23 10:30:26.445000,32.8,32.8,32.85,12151985.0
2018-01-23 10:30:29.299000,32.8,32.8,32.85,12151985.0
2018-01-23 10:30:32.259000,32.8,32.8,32.85,12151985.0
2018-01-23 10:30:35.208000,32.8,32.8,32.85,12151985.0
2018-01-23 10:30:38.301000,32.8,32.8,32.85,12151985.0
2018-01-23 10:30:41.215000,32.8,32.8,32.85,12151985.0
2018-01-23 10:30:44.190000,32.8,32.8,32.85,12151985.0
2018-01-23 10:30:47.528000,32.8,32.8,32.85,12317985.0
2018-01-23 10:30:50.487000,32.8,32.8,32.85,12317985.0
2018-01-23 10:30:53.488000,32.8,32.8,32.85,12317985.0
2018-01-23 10:30:56.400000,32.8,32.8,32.85,12317985.0
2018-01-23 10:30:59.351000,32.8,32.8,32.85,12317985.0
2018-01-23 10:31:02.307000,32.8,32.8,32.85,12317985.0
2018-01-23 10:31:05.274000,32.8,32.8,32.85,12317985.0
2018-01-23 10:31:08.418000,32.8,32.8,32.85,12317985.0
2018-01-23 10:31:11.197000,32.8,32.8,32.85,12317985.0
2018-01-23 10:31:13.992000,32.8,32.8,32.85,12317985.0
2018-01-23 10:31:16.790000,32.8,32.8,32.85,12317985.0
2018-01-23 10:31:19.738000,32.8,32.8,32.85,12317985.0
2018-01-23 10:31:22.670000,32.8,32.8,32.85,12317985.0
2018-01-23 10:31:25.506000,32.8,32.8,32.85,12317985.0
2018-01-23 10:31:28.550000,32.8,32.8,32.85,12317985.0
2018-01-23 10:31:31.882000,32.8,32.8,32.85,12317985.0
2018-01-23 10:31:34.852000,32.8,32.8,32.85,12317985.0
2018-01-23 10:31:37.841000,32.8,32.8,32.85,12317985.0
2018-01-23 10:31:40.570000,32.8,32.8,32.85,12317985.0
2018-01-23 10:31:43.475000,32.8,32.8,32.85,12317985.0
2018-01-23 10:31:46.478000,32.8,32.8,32.85,12317985.0
2018-01-23 10:31:49.476000,32.8,32.8,32.85,12317985.0
2018-01-23 10:31:52.292000,32.8,32.8,32.85,12317985.0
2018-01-23 10:31:55.294000,32.8,32.8,32.85,12317985.0
2018-01-23 10:31:58.179000,32.8,32.8,32.85,12317985.0
2018-01-23 10:32:00.993000,32.8,32.8,32.85,12317985.0
2018-01-23 10:32:04.223000,32.8,32.8,32.85,12517937.0
2018-01-23 10:32:07.568000,32.8,32.8,32.85,12517937.0
2018-01-23 10:32:10.480000,32.8,32.8,32.85,12517937.0
2018-01-23 10:32:13.365000,32.8,32.8,32.85,12517937.0
2018-01-23 10:32:16.487000,32.8,32.8,32.85,12517937.0
2018-01-23 10:32:19.303000,32.8,32.8,32.85,12517937.0
2018-01-23 10:32:22.257000,32.8,32.8,32.85,12517937.0
2018-01-23 10:32:25.049000,32.8,32.8,32.85,12517937.0
2018-01-23 10:32:27.882000,32.8,32.8,32.85,12517937.0
2018-01-23 10:32:30.802000,32.8,32.8,32.85,12517937.0
2018-01-23 10:32:33.901000,32.8,32.8,32.85,12517937.0
2018-01-23 10:32:36.683000,32.8,32.8,32.85,12517937.0
2018-01-23 10:32:39.790000,32.8,32.8,32.85,12517937.0
2018-01-23 10:32:42.684000,32.8,32.8,32.85,12517937.0
2018-01-23 10:32:45.415000,32.8,32.8,32.85,12517937.0
2018-01-23 10:32:48.169000,32.8,32.8,32.85,12517937.0
2018-01-23 10:32:51.121000,32.8,32.8,32.85,12517937.0
2018-01-23 10:32:54.070000,32.8,32.8,32.85,12517937.0
2018-01-23 10:32:56.865000,32.8,32.8,32.85,12517937.0
2018-01-23 10:32:59.885000,32.8,32.8,32.85,12517937.0
2018-01-23 10:33:02.784000,32.8,32.8,32.85,12517937.0
2018-01-23 10:33:05.794000,32.8,32.8,32.85,12517937.0
2018-01-23 10:33:08.672000,32.8,32.8,32.85,12517937.0
2018-01-23 10:33:11.401000,32.8,32.8,32.85,12517937.0
2018-01-23 10:33:14.306000,32.8,32.8,32.85,12517937.0
2018-01-23 10:33:17.326000,32.8,32.8,32.85,12517937.0
2018-01-23 10:33:20.213000,32.8,32.8,32.85,12517937.0
2018-01-23 10:33:22.982000,32.8,32.8,32.85,12517937.0
2018-01-23 10:33:25.970000,32.8,32.8,32.85,12517937.0
2018-01-23 10:33:28.916000,32.8,32.8,32.85,12517937.0
2018-01-23 10:33:31.937000,32.8,32.8,32.85,12517937.0
2018-01-23 10:33:34.759000,32.8,32.8,32.85,12518297.0
2018-01-23 10:33:37.684000,32.8,32.8,32.85,12518297.0
2018-01-23 10:33:40.588000,32.8,32.8,32.85,12518297.0
2018-01-23 10:33:43.492000,32.8,32.8,32.85,12518297.0
2018-01-23 10:33:46.347000,32.8,32.8,32.85,12518297.0
2018-01-23 10:33:49.290000,32.8,32.8,32.85,12524797.0
2018-01-23 10:33:52.210000,32.8,32.8,32.85,12524797.0
2018-01-23 10:33:55.018000,32.8,32.8,32.85,12524797.0
2018-01-23 10:33:57.808000,32.8,32.8,32.85,12524797.0
2018-01-23 10:34:00.590000,32.8,32.8,32.85,12524797.0
2018-01-23 10:34:03.461000,32.8,32.8,32.85,12524797.0
2018-01-23 10:34:06.247000,32.8,32.8,32.85,12524797.0
2018-01-23 10:34:09.289000,32.8,32.8,32.85,12524797.0
2018-01-23 10:34:12.152000,32.8,32.8,32.85,12524797.0
2018-01-23 10:34:15.026000,32.8,32.8,32.85,12524797.0
2018-01-23 10:34:17.888000,32.8,32.8,32.85,12524797.0
2018-01-23 10:34:20.696000,32.8,32.8,32.85,12524797.0
2018-01-23 10:34:23.558000,32.8,32.8,32.85,12524797.0
2018-01-23 10:34:26.447000,32.8,32.8,32.85,12524797.0
2018-01-23 10:34:29.275000,32.8,32.8,32.85,12524797.0
2018-01-23 10:34:32.215000,32.8,32.8,32.85,12524797.0
2018-01-23 10:34:34.993000,32.8,32.8,32.85,12524797.0
2018-01-23 10:34:37.842000,32.8,32.8,32.85,12524797.0
2018-01-23 10:34:40.822000,32.8,32.8,32.85,12524797.0
2018-01-23 10:34:43.684000,32.8,32.8,32.85,12524797.0
2018-01-23 10:34:46.565000,32.8,32.8,32.85,12524797.0
2018-01-23 10:34:49.340000,32.8,32.8,32.85,12524797.0
2018-01-23 10:34:52.368000,32.8,32.8,32.85,12524797.0
2018-01-23 10:34:54.989000,32.8,32.8,32.85,12524797.0
2018-01-23 10:34:58.034000,32.8,32.8,32.85,12524797.0
2018-01-23 10:35:01.136000,32.8,32.8,32.85,12524797.0
2018-01-23 10:35:04.134000,32.8,32.8,32.85,12524797.0
2018-01-23 10:35:06.946000,32.8,32.8,32.85,12524797.0
2018-01-23 10:35:09.777000,32.8,32.8,32.85,12524797.0
2018-01-23 10:35:12.531000,32.8,32.8,32.85,12524797.0
2018-01-23 10:35:15.595000,32.8,32.8,32.85,12524797.0
2018-01-23 10:35:18.536000,32.8,32.8,32.85,12524797.0
2018-01-23 10:35:21.575000,32.8,32.8,32.85,12524797.0
2018-01-23 10:35:24.481000,32.8,32.8,32.85,12524797.0
2018-01-23 10:35:27.304000,32.8,32.8,32.85,12524797.0
2018-01-23 10:35:30.239000,32.8,32.8,32.85,12524797.0
2018-01-23 10:35:33.075000,32.8,32.8,32.85,12524797.0
2018-01-23 10:35:35.912000,32.8,32.8,32.85,12524797.0
2018-01-23 10:35:38.865000,32.8,32.8,32.85,12524797.0
2018-01-23 10:35:41.714000,32.8,32.8,32.85,12524797.0
2018-01-23 10:35:44.619000,32.8,32.8,32.85,12524797.0
2018-01-23 10:35:47.372000,32.8,32.8,32.85,12524797.0
2018-01-23 10:35:50.152000,32.8,32.8,32.85,12524797.0
2018-01-23 10:35:53.172000,32.8,32.8,32.85,12524797.0
2018-01-23 10:35:56.282000,32.8,32.8,32.85,12524797.0
2018-01-23 10:35:59.167000,32.8,32.8,32.85,12524797.0
2018-01-23 10:36:01.937000,32.8,32.8,32.85,12524797.0
2018-01-23 10:36:04.901000,32.75,32.75,32.8,12532297.0
2018-01-23 10:36:07.998000,32.75,32.75,32.8,12532297.0
2018-01-23 10:36:10.799000,32.75,32.75,32.8,12532297.0
2018-01-23 10:36:13.506000,32.75,32.75,32.8,12532297.0
2018-01-23 10:36:16.264000,32.75,32.75,32.8,12532297.0
2018-01-23 10:36:19.230000,32.75,32.75,32.8,12532297.0
2018-01-23 10:36:22.333000,32.75,32.75,32.8,12532297.0
2018-01-23 10:36:25.184000,32.75,32.75,32.8,12532297.0
2018-01-23 10:36:28.140000,32.75,32.75,32.8,12532297.0
2018-01-23 10:36:31.076000,32.75,32.75,32.8,12532297.0
2018-01-23 10:36:33.594000,,,,
2018-01-23 10:36:36.374000,32.75,32.75,32.8,12532297.0
2018-01-23 10:36:39.373000,32.75,32.75,32.8,12532297.0
2018-01-23 10:36:42.525000,32.75,32.75,32.8,12532297.0
2018-01-23 10:36:45.593000,32.75,32.75,32.8,12532297.0
2018-01-23 10:36:48.403000,32.75,32.75,32.8,12532297.0
2018-01-23 10:36:51.353000,32.75,32.75,32.8,12532297.0
2018-01-23 10:36:54.233000,32.75,32.75,32.8,12532297.0
2018-01-23 10:36:57.111000,32.75,32.75,32.8,12532297.0
2018-01-23 10:36:59.903000,32.75,32.75,32.8,12532297.0
2018-01-23 10:37:02.734000,32.75,32.75,32.8,12532297.0
2018-01-23 10:37:05.658000,32.75,32.75,32.8,12532297.0
2018-01-23 10:37:08.423000,32.75,32.75,32.8,12532297.0
2018-01-23 10:37:11.172000,32.75,32.75,32.8,12532297.0
2018-01-23 10:37:13.906000,32.75,32.75,32.8,12532297.0
2018-01-23 10:37:16.938000,32.75,32.75,32.8,12532297.0
2018-01-23 10:37:19.763000,32.75,32.75,32.8,12532297.0
2018-01-23 10:37:22.754000,32.75,32.75,32.8,12532297.0
2018-01-23 10:37:25.794000,32.75,32.75,32.8,12532297.0
2018-01-23 10:37:28.689000,32.75,32.75,32.8,12568297.0
2018-01-23 10:37:31.317000,32.75,32.75,32.8,12568297.0
2018-01-23 10:37:34.138000,32.75,32.75,32.8,12568297.0
2018-01-23 10:37:36.954000,32.75,32.75,32.8,12568297.0
2018-01-23 10:37:39.876000,32.75,32.75,32.8,12568297.0
2018-01-23 10:37:42.629000,32.75,32.75,32.8,12568297.0
2018-01-23 10:37:45.516000,32.75,32.75,32.8,12568297.0
2018-01-23 10:37:48.535000,32.75,32.75,32.8,12568297.0
2018-01-23 10:37:51.422000,32.75,32.75,32.8,12568297.0
2018-01-23 10:37:54.249000,32.75,32.75,32.8,12568297.0
2018-01-23 10:37:56.939000,32.75,32.75,32.8,12568297.0
2018-01-23 10:37:59.896000,32.75,32.75,32.8,12568297.0
2018-01-23 10:38:02.868000,32.75,32.75,32.8,12568297.0
2018-01-23 10:38:05.765000,32.75,32.75,32.8,12568297.0
2018-01-23 10:38:08.484000,32.75,32.75,32.8,12568297.0
2018-01-23 10:38:11.325000,32.75,32.75,32.8,12568297.0
2018-01-23 10:38:14.175000,32.75,32.75,32.8,12568297.0
2018-01-23 10:38:17.049000,32.75,32.75,32.8,12568297.0
2018-01-23 10:38:19.532000,32.75,32.75,32.8,12568297.0
2018-01-23 10:38:22.170000,32.75,32.75,32.8,12568297.0
2018-01-23 10:38:24.843000,32.75,32.75,32.8,12568297.0
2018-01-23 10:38:27.240000,32.75,32.75,32.8,12568297.0
2018-01-23 10:38:29.827000,32.75,32.75,32.8,12568297.0
2018-01-23 10:38:32.377000,32.75,32.75,32.8,12568297.0
2018-01-23 10:38:34.812000,32.75,32.75,32.8,12568297.0
2018-01-23 10:38:37.471000,32.75,32.75,32.8,12568297.0
2018-01-23 10:38:40.032000,32.75,32.75,32.8,12568297.0
2018-01-23 10:38:42.636000,32.75,32.75,32.8,12568297.0
2018-01-23 10:38:45.094000,32.75,32.75,32.8,12568297.0
2018-01-23 10:38:47.589000,32.75,32.75,32.8,12568297.0
2018-01-23 10:38:50.047000,32.75,32.75,32.8,12568297.0
2018-01-23 10:38:52.644000,32.75,32.75,32.8,12568297.0
2018-01-23 10:38:55.203000,32.8,32.75,32.8,12571477.0
2018-01-23 10:38:57.707000,32.8,32.75,32.8,12571477.0
2018-01-23 10:39:00.220000,32.8,32.75,32.8,12571477.0
2018-01-23 10:39:02.770000,32.8,32.75,32.8,12571477.0
2018-01-23 10:39:05.222000,32.8,32.75,32.8,12571477.0
2018-01-23 10:39:07.652000,32.8,32.75,32.8,12571477.0
2018-01-23 10:39:10.047000,32.8,32.75,32.8,12571477.0
2018-01-23 10:39:12.535000,32.8,32.75,32.8,12571477.0
2018-01-23 10:39:15.131000,32.8,32.75,32.8,12571477.0
2018-01-23 10:39:17.977000,32.8,32.75,32.8,12571477.0
2018-01-23 10:39:20.611000,32.8,32.75,32.8,12571477.0
2018-01-23 10:39:23.051000,32.8,32.75,32.8,12571477.0
2018-01-23 10:39:25.518000,32.8,32.75,32.8,12571477.0
2018-01-23 10:39:27.991000,32.8,32.75,32.8,12571477.0
2018-01-23 10:39:30.364000,32.8,32.75,32.8,12571477.0
2018-01-23 10:39:32.795000,32.8,32.75,32.8,12571477.0
2018-01-23 10:39:35.157000,32.8,32.75,32.8,12571477.0
2018-01-23 10:39:37.566000,32.8,32.75,32.8,12571477.0
2018-01-23 10:39:39.942000,32.8,32.75,32.8,12571477.0
2018-01-23 10:39:42.367000,32.8,32.75,32.8,12571477.0
2018-01-23 10:39:44.831000,32.8,32.75,32.8,12571477.0
2018-01-23 10:39:47.677000,32.8,32.75,32.8,12571477.0
2018-01-23 10:39:50.137000,32.8,32.75,32.8,12571477.0
2018-01-23 10:39:52.786000,32.8,32.75,32.8,12571477.0
2018-01-23 10:39:55.316000,32.8,32.75,32.8,12571477.0
2018-01-23 10:39:57.891000,32.8,32.75,32.8,12571477.0
2018-01-23 10:40:00.545000,32.8,32.75,32.8,12571477.0
2018-01-23 10:40:03.068000,32.75,32.75,32.8,12576977.0
2018-01-23 10:40:05.753000,32.75,32.75,32.8,12576977.0
2018-01-23 10:40:08.440000,32.75,32.75,32.8,12576977.0
2018-01-23 10:40:11.008000,32.75,32.75,32.8,12576977.0
2018-01-23 10:40:13.537000,32.75,32.75,32.8,12576977.0
2018-01-23 10:40:16.087000,32.75,32.75,32.8,12576977.0
2018-01-23 10:40:18.487000,32.75,32.75,32.8,12576977.0
2018-01-23 10:40:20.870000,32.75,32.75,32.8,12576977.0
2018-01-23 10:40:23.344000,32.75,32.75,32.8,12576977.0
2018-01-23 10:40:25.887000,32.75,32.75,32.8,12576977.0
2018-01-23 10:40:28.334000,32.75,32.75,32.8,12576977.0
2018-01-23 10:40:31.084000,32.75,32.75,32.8,12576977.0
2018-01-23 10:40:33.610000,32.75,32.75,32.8,12576977.0
2018-01-23 10:40:36.038000,32.75,32.75,32.8,12576977.0
2018-01-23 10:40:38.460000,32.75,32.75,32.8,12576977.0
2018-01-23 10:40:41.144000,32.75,32.75,32.8,12576977.0
2018-01-23 10:40:43.616000,32.75,32.75,32.8,12576977.0
2018-01-23 10:40:46.179000,32.75,32.75,32.8,12576977.0
2018-01-23 10:40:48.523000,32.75,32.75,32.8,12576977.0
2018-01-23 10:40:51.227000,32.75,32.75,32.8,12576977.0
2018-01-23 10:40:53.953000,32.75,32.75,32.8,12576977.0
2018-01-23 10:40:56.901000,32.75,32.75,32.8,12576977.0
2018-01-23 10:40:59.318000,32.75,32.75,32.8,12576977.0
2018-01-23 10:41:01.818000,32.75,32.75,32.8,12576977.0
2018-01-23 10:41:04.373000,32.75,32.75,32.8,12576977.0
2018-01-23 10:41:06.711000,32.75,32.75,32.8,12576977.0
2018-01-23 10:41:09.010000,32.75,32.75,32.8,12576977.0
2018-01-23 10:41:11.528000,32.75,32.75,32.8,12576977.0
2018-01-23 10:41:14.267000,32.75,32.75,32.8,12576977.0
2018-01-23 10:41:16.710000,32.75,32.75,32.8,12576977.0
2018-01-23 10:41:19.504000,32.75,32.75,32.8,12576977.0
2018-01-23 10:41:22.041000,32.75,32.75,32.8,12576977.0
2018-01-23 10:41:24.661000,32.75,32.75,32.8,12576977.0
2018-01-23 10:41:27.171000,32.75,32.75,32.8,12576977.0
2018-01-23 10:41:29.661000,32.75,32.75,32.8,12576977.0
2018-01-23 10:41:32.018000,32.75,32.75,32.8,12576977.0
2018-01-23 10:41:34.524000,32.75,32.75,32.8,12576977.0
2018-01-23 10:41:37.103000,32.75,32.75,32.8,12576977.0
2018-01-23 10:41:39.631000,32.75,32.75,32.8,12576977.0
2018-01-23 10:41:42.478000,32.75,32.75,32.8,12576977.0
2018-01-23 10:41:44.930000,32.75,32.75,32.8,12576977.0
2018-01-23 10:41:47.386000,32.75,32.75,32.8,12576977.0
2018-01-23 10:41:49.915000,32.75,32.75,32.8,12576977.0
2018-01-23 10:41:52.450000,32.75,32.75,32.8,12576977.0
2018-01-23 10:41:55.036000,32.75,32.75,32.8,12576977.0
2018-01-23 10:41:57.621000,32.75,32.75,32.8,12576977.0
2018-01-23 10:42:00.225000,32.75,32.75,32.8,12580477.0
2018-01-23 10:42:02.971000,32.75,32.75,32.8,12580477.0
2018-01-23 10:42:05.811000,32.75,32.75,32.8,12580477.0
2018-01-23 10:42:08.367000,32.75,32.75,32.8,12580477.0
2018-01-23 10:42:10.840000,32.75,32.75,32.8,12580477.0
2018-01-23 10:42:13.367000,32.75,32.75,32.8,12580477.0
2018-01-23 10:42:16.071000,32.75,32.75,32.8,12580477.0
2018-01-23 10:42:18.713000,32.8,32.8,32.85,12656477.0
2018-01-23 10:42:21.321000,32.8,32.8,32.85,12656477.0
2018-01-23 10:42:23.963000,32.8,32.8,32.85,12656477.0
2018-01-23 10:42:26.635000,32.8,32.8,32.85,12656477.0
2018-01-23 10:42:29.376000,32.8,32.8,32.85,12656477.0
2018-01-23 10:42:31.845000,32.8,32.8,32.85,12656477.0
2018-01-23 10:42:34.615000,32.8,32.8,32.85,12656477.0
2018-01-23 10:42:37.432000,32.8,32.8,32.85,12656477.0
2018-01-23 10:42:40.087000,32.8,32.8,32.85,12656477.0
2018-01-23 10:42:42.871000,32.8,32.8,32.85,12656477.0
2018-01-23 10:42:45.584000,32.8,32.8,32.85,12656477.0
2018-01-23 10:42:48.502000,32.8,32.8,32.85,12656477.0
2018-01-23 10:42:51.116000,32.8,32.8,32.85,12656477.0
2018-01-23 10:42:53.651000,32.8,32.8,32.85,12656477.0
2018-01-23 10:42:56.261000,32.8,32.8,32.85,12656477.0
2018-01-23 10:42:58.811000,32.8,32.8,32.85,12656477.0
2018-01-23 10:43:01.338000,32.8,32.8,32.85,12656477.0
2018-01-23 10:43:03.873000,32.8,32.8,32.85,12656477.0
2018-01-23 10:43:06.474000,32.8,32.8,32.85,12656477.0
2018-01-23 10:43:09.461000,32.8,32.8,32.85,12656477.0
2018-01-23 10:43:12.126000,32.8,32.8,32.85,12656477.0
2018-01-23 10:43:14.975000,32.8,32.8,32.85,12656477.0
2018-01-23 10:43:17.541000,32.8,32.8,32.85,12656477.0
2018-01-23 10:43:20.337000,32.8,32.8,32.85,12656477.0
2018-01-23 10:43:23.231000,32.8,32.8,32.85,12656477.0
2018-01-23 10:43:25.870000,32.8,32.8,32.85,12656477.0
2018-01-23 10:43:28.880000,32.8,32.8,32.85,12656477.0
2018-01-23 10:43:31.433000,32.8,32.8,32.85,12656477.0
2018-01-23 10:43:34.062000,32.8,32.8,32.85,12656477.0
2018-01-23 10:43:36.637000,32.8,32.8,32.85,12656477.0
2018-01-23 10:43:39.281000,32.8,32.8,32.85,12656477.0
2018-01-23 10:43:41.991000,32.8,32.8,32.85,12656477.0
2018-01-23 10:43:44.529000,32.8,32.8,32.85,12656477.0
2018-01-23 10:43:47.356000,32.8,32.8,32.85,12656477.0
2018-01-23 10:43:50.071000,32.8,32.8,32.85,12656477.0
2018-01-23 10:43:52.840000,32.8,32.8,32.85,12656477.0
2018-01-23 10:43:55.545000,32.8,32.8,32.85,12656477.0
2018-01-23 10:43:57.891000,32.8,32.8,32.85,12656477.0
2018-01-23 10:44:00.430000,32.8,32.8,32.85,12656477.0
2018-01-23 10:44:02.824000,32.8,32.8,32.85,12720717.0
2018-01-23 10:44:05.357000,32.8,32.8,32.85,12720717.0
2018-01-23 10:44:08.266000,32.8,32.8,32.85,12720717.0
2018-01-23 10:44:10.778000,32.8,32.75,32.85,12758717.0
2018-01-23 10:44:13.390000,32.8,32.75,32.85,12758717.0
2018-01-23 10:44:16.232000,32.8,32.75,32.85,12758717.0
2018-01-23 10:44:18.852000,32.8,32.75,32.85,12758717.0
2018-01-23 10:44:21.699000,32.8,32.75,32.85,12758717.0
2018-01-23 10:44:24.500000,32.8,32.75,32.85,12758717.0
2018-01-23 10:44:27.280000,32.8,32.75,32.85,12758717.0
2018-01-23 10:44:30.010000,32.8,32.75,32.85,12758717.0
2018-01-23 10:44:32.810000,32.8,32.75,32.85,12758717.0
2018-01-23 10:44:35.587000,32.8,32.75,32.85,12758717.0
2018-01-23 10:44:38.138000,32.8,32.75,32.85,12758717.0
2018-01-23 10:44:40.727000,32.8,32.75,32.85,12758717.0
2018-01-23 10:44:43.030000,32.8,32.75,32.85,12758717.0
2018-01-23 10:44:45.400000,32.8,32.75,32.85,12758717.0
2018-01-23 10:44:47.919000,32.8,32.8,32.85,12758717.0
2018-01-23 10:44:50.338000,32.8,32.8,32.85,12758717.0
2018-01-23 10:44:52.843000,32.8,32.8,32.85,12758717.0
2018-01-23 10:44:55.338000,32.8,32.8,32.85,12758717.0
2018-01-23 10:44:57.859000,32.8,32.8,32.85,12758717.0
2018-01-23 10:45:00.482000,32.8,32.8,32.85,12758717.0
2018-01-23 10:45:03.189000,32.8,32.8,32.85,12758717.0
2018-01-23 10:45:05.825000,32.8,32.8,32.85,12758717.0
2018-01-23 10:45:08.291000,32.8,32.8,32.85,12758717.0
2018-01-23 10:45:11.056000,32.8,32.8,32.85,12758717.0
2018-01-23 10:45:13.606000,32.8,32.8,32.85,12758717.0
2018-01-23 10:45:16.416000,32.8,32.8,32.85,12758717.0
2018-01-23 10:45:18.851000,32.8,32.8,32.85,12758717.0
2018-01-23 10:45:21.419000,32.8,32.8,32.85,12758717.0
2018-01-23 10:45:24.273000,32.8,32.8,32.85,12758717.0
2018-01-23 10:45:27.344000,32.8,32.8,32.85,12758717.0
2018-01-23 10:45:29.711000,32.8,32.8,32.85,12758717.0
2018-01-23 10:45:32.016000,32.8,32.8,32.85,12758717.0
2018-01-23 10:45:34.418000,32.8,32.8,32.85,12758717.0
2018-01-23 10:45:37.156000,32.8,32.8,32.85,12758717.0
2018-01-23 10:45:39.500000,32.8,32.8,32.85,12758717.0
2018-01-23 10:45:42.136000,32.8,32.8,32.85,12758717.0
2018-01-23 10:45:44.671000,32.8,32.8,32.85,12758717.0
2018-01-23 10:45:47.399000,32.8,32.8,32.85,12758717.0
2018-01-23 10:45:50.027000,32.8,32.8,32.85,12758717.0
2018-01-23 10:45:52.600000,32.8,32.8,32.85,12760217.0
2018-01-23 10:45:55.137000,32.8,32.8,32.85,12760217.0
2018-01-23 10:45:58.016000,32.8,32.8,32.85,12760217.0
2018-01-23 10:46:00.638000,32.8,32.8,32.85,12760217.0
2018-01-23 10:46:03.238000,32.8,32.8,32.85,12760217.0
2018-01-23 10:46:05.824000,32.8,32.8,32.85,12760217.0
2018-01-23 10:46:08.609000,32.8,32.8,32.85,12760217.0
2018-01-23 10:46:11.310000,32.8,32.8,32.85,12760217.0
2018-01-23 10:46:14.130000,32.8,32.8,32.85,12760217.0
2018-01-23 10:46:16.928000,32.8,32.8,32.85,12760217.0
2018-01-23 10:46:19.717000,32.85,32.8,32.85,12767964.0
2018-01-23 10:46:22.266000,32.85,32.8,32.85,12767964.0
2018-01-23 10:46:24.846000,32.85,32.8,32.85,12767964.0
2018-01-23 10:46:27.542000,32.85,32.8,32.85,12767964.0
2018-01-23 10:46:30.155000,32.85,32.8,32.85,12767964.0
2018-01-23 10:46:32.805000,32.85,32.8,32.85,12767964.0
2018-01-23 10:46:35.639000,32.85,32.8,32.85,12767964.0
2018-01-23 10:46:38.627000,32.85,32.8,32.85,12767964.0
2018-01-23 10:46:41.335000,32.85,32.8,32.85,12767964.0
2018-01-23 10:46:44.026000,32.85,32.8,32.85,12767964.0
2018-01-23 10:46:47.015000,32.85,32.8,32.85,12767964.0
2018-01-23 10:46:49.677000,32.85,32.8,32.85,12767964.0
2018-01-23 10:46:52.209000,32.85,32.8,32.85,12767964.0
2018-01-23 10:46:54.922000,32.85,32.8,32.85,12767964.0
2018-01-23 10:46:57.588000,32.85,32.8,32.85,12767964.0
2018-01-23 10:47:00.202000,32.85,32.8,32.85,12767964.0
2018-01-23 10:47:02.827000,32.85,32.8,32.85,12767964.0
2018-01-23 10:47:05.481000,32.85,32.8,32.85,12767964.0
2018-01-23 10:47:08.114000,32.85,32.8,32.85,12767964.0
2018-01-23 10:47:10.795000,32.85,32.8,32.85,12767964.0
2018-01-23 10:47:13.426000,32.85,32.8,32.85,12767964.0
2018-01-23 10:47:16.609000,32.85,32.8,32.85,12767964.0
2018-01-23 10:47:19.143000,32.85,32.8,32.85,12767964.0
2018-01-23 10:47:21.579000,32.85,32.8,32.85,12767964.0
2018-01-23 10:47:24.505000,32.85,32.8,32.85,12767964.0
2018-01-23 10:47:27.218000,32.85,32.8,32.85,12767964.0
2018-01-23 10:47:30.185000,32.85,32.8,32.85,12767964.0
2018-01-23 10:47:32.766000,32.85,32.8,32.85,12767964.0
2018-01-23 10:47:35.528000,32.85,32.8,32.85,12767964.0
2018-01-23 10:47:38.275000,32.85,32.8,32.85,12767964.0
2018-01-23 10:47:40.924000,32.85,32.8,32.85,12767964.0
2018-01-23 10:47:43.561000,32.85,32.8,32.85,12767964.0
2018-01-23 10:47:46.252000,32.85,32.8,32.85,12767964.0
2018-01-23 10:47:49.248000,32.85,32.8,32.85,12767964.0
2018-01-23 10:47:51.826000,32.85,32.8,32.85,12767964.0
2018-01-23 10:47:54.689000,32.85,32.8,32.85,12767964.0
2018-01-23 10:47:57.332000,32.85,32.8,32.85,12767964.0
2018-01-23 10:48:00.074000,32.85,32.8,32.85,12767964.0
2018-01-23 10:48:02.855000,32.85,32.8,32.85,12767964.0
2018-01-23 10:48:05.765000,32.85,32.8,32.85,12767964.0
2018-01-23 10:48:08.412000,32.85,32.8,32.85,12767964.0
2018-01-23 10:48:11.077000,32.85,32.8,32.85,12767964.0
2018-01-23 10:48:14.018000,32.85,32.8,32.85,12767964.0
2018-01-23 10:48:16.788000,32.85,32.8,32.85,12767964.0
2018-01-23 10:48:19.535000,32.85,32.8,32.85,12767964.0
2018-01-23 10:48:22.142000,32.85,32.8,32.85,12767964.0
2018-01-23 10:48:24.752000,32.85,32.8,32.85,12803964.0
2018-01-23 10:48:27.644000,32.85,32.8,32.85,12803964.0
2018-01-23 10:48:30.360000,32.85,32.8,32.85,12803964.0
2018-01-23 10:48:33.266000,32.85,32.8,32.85,12803964.0
2018-01-23 10:48:36.099000,32.85,32.8,32.85,12803964.0
2018-01-23 10:48:38.633000,32.85,32.8,32.85,12803964.0
2018-01-23 10:48:41.078000,32.85,32.8,32.85,12803964.0
2018-01-23 10:48:43.883000,32.85,32.8,32.85,12803964.0
2018-01-23 10:48:46.456000,32.85,32.8,32.85,12803964.0
2018-01-23 10:48:49.179000,32.85,32.8,32.85,12803964.0
2018-01-23 10:48:51.766000,32.85,32.8,32.85,12803964.0
2018-01-23 10:48:54.423000,32.85,32.8,32.85,12803964.0
2018-01-23 10:48:56.972000,32.85,32.8,32.85,12803964.0
2018-01-23 10:48:59.622000,32.85,32.8,32.85,12803964.0
2018-01-23 10:49:02.113000,32.85,32.8,32.85,12803964.0
2018-01-23 10:49:04.832000,32.85,32.8,32.85,12803964.0
2018-01-23 10:49:07.426000,32.85,32.8,32.85,12803964.0
2018-01-23 10:49:10.105000,32.85,32.8,32.85,12803964.0
2018-01-23 10:49:12.833000,32.85,32.8,32.85,12803964.0
2018-01-23 10:49:15.486000,32.85,32.8,32.85,12815964.0
2018-01-23 10:49:18.133000,32.85,32.8,32.85,12815964.0
2018-01-23 10:49:20.721000,32.85,32.8,32.85,12815964.0
2018-01-23 10:49:23.365000,32.85,32.8,32.85,12815964.0
2018-01-23 10:49:26.255000,32.85,32.8,32.85,12815964.0
2018-01-23 10:49:28.852000,32.85,32.8,32.85,12815964.0
2018-01-23 10:49:31.723000,32.85,32.8,32.85,12815964.0
2018-01-23 10:49:34.476000,32.85,32.8,32.85,12815964.0
2018-01-23 10:49:37.305000,32.85,32.8,32.85,12815964.0
2018-01-23 10:49:39.755000,32.85,32.8,32.85,12815964.0
2018-01-23 10:49:42.276000,32.85,32.8,32.85,12815964.0
2018-01-23 10:49:44.951000,32.85,32.8,32.85,12815964.0
2018-01-23 10:49:47.674000,32.85,32.8,32.85,12815964.0
2018-01-23 10:49:50.209000,32.85,32.8,32.85,12815964.0
2018-01-23 10:49:52.872000,32.85,32.8,32.85,12815964.0
2018-01-23 10:49:55.549000,32.85,32.8,32.85,12815964.0
2018-01-23 10:49:58.180000,32.85,32.8,32.85,12815964.0
2018-01-23 10:50:00.861000,32.85,32.8,32.85,12815964.0
2018-01-23 10:50:03.930000,32.85,32.8,32.85,12815964.0
2018-01-23 10:50:06.533000,32.85,32.8,32.85,12815964.0
2018-01-23 10:50:09.443000,32.85,32.8,32.85,12815964.0
2018-01-23 10:50:12.457000,32.85,32.8,32.85,12815964.0
2018-01-23 10:50:15.253000,32.85,32.8,32.85,12815964.0
2018-01-23 10:50:18.046000,32.85,32.8,32.85,12815964.0
2018-01-23 10:50:20.644000,32.85,32.8,32.85,12815964.0
2018-01-23 10:50:23.162000,32.85,32.8,32.85,12815964.0
2018-01-23 10:50:26.096000,32.85,32.8,32.85,12815964.0
2018-01-23 10:50:28.787000,32.85,32.8,32.85,12815964.0
2018-01-23 10:50:31.550000,32.85,32.8,32.85,12815964.0
2018-01-23 10:50:34.085000,32.85,32.8,32.85,12815964.0
2018-01-23 10:50:36.908000,32.85,32.8,32.85,12815964.0
2018-01-23 10:50:39.443000,32.85,32.8,32.85,12815964.0
2018-01-23 10:50:41.869000,32.85,32.8,32.85,12815964.0
2018-01-23 10:50:44.514000,32.85,32.8,32.85,12815964.0
2018-01-23 10:50:46.882000,32.85,32.8,32.85,12815964.0
2018-01-23 10:50:49.479000,32.85,32.8,32.85,12815964.0
2018-01-23 10:50:52.208000,32.85,32.8,32.85,12815964.0
2018-01-23 10:50:54.962000,32.85,32.8,32.85,12815964.0
2018-01-23 10:50:57.784000,32.85,32.8,32.85,12815964.0
2018-01-23 10:51:00.362000,32.85,32.8,32.85,12820464.0
2018-01-23 10:51:03.023000,32.85,32.8,32.85,12820464.0
2018-01-23 10:51:05.660000,32.85,32.8,32.85,12820464.0
2018-01-23 10:51:08.304000,32.85,32.8,32.85,12820464.0
2018-01-23 10:51:11.288000,32.85,32.8,32.85,12820464.0
2018-01-23 10:51:13.732000,32.85,32.8,32.85,12820464.0
2018-01-23 10:51:16.451000,32.85,32.8,32.85,12820464.0
2018-01-23 10:51:19.096000,32.85,32.8,32.85,12820464.0
2018-01-23 10:51:21.646000,32.85,32.8,32.85,12820464.0
2018-01-23 10:51:24.156000,32.85,32.8,32.85,12820464.0
2018-01-23 10:51:26.930000,32.85,32.8,32.85,12820464.0
2018-01-23 10:51:29.559000,32.85,32.8,32.85,12820464.0
2018-01-23 10:51:32.226000,32.85,32.8,32.85,12820464.0
2018-01-23 10:51:35.066000,32.85,32.8,32.85,12820464.0
2018-01-23 10:51:37.789000,32.85,32.8,32.85,12820464.0
2018-01-23 10:51:40.537000,32.85,32.85,32.9,13017464.0
2018-01-23 10:51:43.419000,32.85,32.85,32.9,13017464.0
2018-01-23 10:51:46.071000,32.85,32.85,32.9,13017464.0
2018-01-23 10:51:48.424000,32.85,32.85,32.9,13017464.0
2018-01-23 10:51:50.933000,32.85,32.85,32.9,13017464.0
2018-01-23 10:51:53.494000,32.85,32.85,32.9,13017464.0
2018-01-23 10:51:55.889000,32.85,32.85,32.9,13017464.0
2018-01-23 10:51:58.074000,32.85,32.85,32.9,13017464.0
2018-01-23 10:52:00.407000,32.85,32.85,32.9,13017464.0
2018-01-23 10:52:02.800000,32.85,32.85,32.9,13017464.0
2018-01-23 10:52:05.200000,32.85,32.85,32.9,13017464.0
2018-01-23 10:52:07.659000,32.85,32.85,32.9,13017464.0
2018-01-23 10:52:09.976000,32.85,32.85,32.9,13017464.0
2018-01-23 10:52:12.300000,32.85,32.85,32.9,13017464.0
2018-01-23 10:52:14.563000,32.85,32.85,32.9,13017464.0
2018-01-23 10:52:16.793000,32.85,32.85,32.9,13017464.0
2018-01-23 10:52:18.990000,32.85,32.8,32.9,13031964.0
2018-01-23 10:52:21.246000,32.85,32.8,32.9,13031964.0
2018-01-23 10:52:23.845000,32.85,32.8,32.9,13031964.0
2018-01-23 10:52:27.165000,32.85,32.8,32.9,13031964.0
2018-01-23 10:52:30.307000,32.85,32.8,32.9,13031964.0
2018-01-23 10:52:33.759000,32.85,32.8,32.9,13031964.0
2018-01-23 10:52:37.216000,32.85,32.8,32.9,13031964.0
2018-01-23 10:52:41.115000,32.85,32.8,32.9,13031964.0
2018-01-23 10:52:44.390000,32.85,32.8,32.9,13031964.0
2018-01-23 10:52:47.630000,32.85,32.8,32.9,13031964.0
2018-01-23 10:52:51.468000,32.85,32.8,32.9,13031964.0
2018-01-23 10:52:54.625000,32.85,32.8,32.9,13031964.0
2018-01-23 10:52:57.921000,32.85,32.8,32.9,13031964.0
2018-01-23 10:53:01.327000,32.85,32.8,32.9,13031964.0
2018-01-23 10:53:04.666000,32.85,32.8,32.9,13031964.0
2018-01-23 10:53:07.697000,32.85,32.8,32.9,13031964.0
2018-01-23 10:53:11.069000,32.85,32.8,32.9,13031964.0
2018-01-23 10:53:14.937000,32.85,32.8,32.9,13031964.0
2018-01-23 10:53:18.272000,32.85,32.8,32.9,13031964.0
2018-01-23 10:53:21.862000,32.85,32.8,32.9,13031964.0
2018-01-23 10:53:25.269000,32.85,32.8,32.9,13031964.0
2018-01-23 10:53:28.694000,32.85,32.8,32.9,13031964.0
2018-01-23 10:53:32.053000,32.85,32.8,32.9,13031964.0
2018-01-23 10:53:35.350000,32.85,32.8,32.9,13031964.0
2018-01-23 10:53:38.762000,32.85,32.8,32.9,13031964.0
2018-01-23 10:53:42.336000,32.85,32.8,32.9,13031964.0
2018-01-23 10:53:45.833000,32.85,32.8,32.9,13031964.0
2018-01-23 10:53:49.371000,32.85,32.85,32.9,13049964.0
2018-01-23 10:53:52.938000,32.85,32.85,32.9,13049964.0
2018-01-23 10:53:56.195000,32.85,32.85,32.9,13049964.0
2018-01-23 10:53:59.537000,32.85,32.85,32.9,13049964.0
2018-01-23 10:54:03.024000,32.85,32.85,32.9,13049964.0
2018-01-23 10:54:06.209000,32.85,32.85,32.9,13049964.0
2018-01-23 10:54:09.619000,32.85,32.85,32.9,13049964.0
2018-01-23 10:54:12.871000,32.85,32.85,32.9,13049964.0
2018-01-23 10:54:16.663000,32.85,32.85,32.9,13049964.0
2018-01-23 10:54:20.374000,32.85,32.85,32.9,13049964.0
2018-01-23 10:54:23.527000,32.85,32.85,32.9,13049964.0
2018-01-23 10:54:26.679000,32.85,32.85,32.9,13049964.0
2018-01-23 10:54:30.260000,32.85,32.85,32.9,13246464.0
2018-01-23 10:54:33.604000,32.85,32.85,32.9,13246464.0
2018-01-23 10:54:36.892000,32.85,32.85,32.9,13246464.0
2018-01-23 10:54:40.098000,32.85,32.85,32.9,13246464.0
2018-01-23 10:54:43.354000,32.85,32.85,32.9,13246464.0
2018-01-23 10:54:46.687000,32.85,32.85,32.9,13246464.0
2018-01-23 10:54:50.048000,32.85,32.85,32.9,13246464.0
2018-01-23 10:54:53.050000,32.85,32.85,32.9,13246464.0
2018-01-23 10:54:55.586000,32.85,32.85,32.9,13246464.0
2018-01-23 10:54:57.945000,32.85,32.85,32.9,13246464.0
2018-01-23 10:55:00.346000,32.85,32.85,32.9,13246464.0
2018-01-23 10:55:02.838000,32.85,32.85,32.9,13246464.0
2018-01-23 10:55:05.776000,32.85,32.85,32.9,13473464.0
2018-01-23 10:55:08.513000,32.85,32.85,32.9,13473464.0
2018-01-23 10:55:11.147000,32.85,32.85,32.9,13473464.0
2018-01-23 10:55:14.058000,32.85,32.85,32.9,13473464.0
2018-01-23 10:55:16.590000,32.85,32.85,32.9,13473464.0
2018-01-23 10:55:19.120000,32.85,32.85,32.9,13473464.0
2018-01-23 10:55:21.777000,32.85,32.85,32.9,13473464.0
2018-01-23 10:55:24.651000,32.85,32.85,32.9,13473464.0
2018-01-23 10:55:27.084000,32.85,32.85,32.9,13473464.0
2018-01-23 10:55:29.554000,32.85,32.85,32.9,13473464.0
2018-01-23 10:55:32.128000,32.85,32.85,32.9,13473464.0
2018-01-23 10:55:34.533000,32.85,32.85,32.9,13473464.0
2018-01-23 10:55:36.871000,32.85,32.85,32.9,13926964.0
2018-01-23 10:55:39.506000,32.85,32.85,32.9,13926964.0
2018-01-23 10:55:42.357000,32.85,32.85,32.9,13926964.0
2018-01-23 10:55:44.879000,32.85,32.85,32.9,13926964.0
2018-01-23 10:55:47.479000,32.85,32.85,32.9,13926964.0
2018-01-23 10:55:50.326000,32.85,32.85,32.9,13926964.0
2018-01-23 10:55:52.795000,32.85,32.85,32.9,13926964.0
2018-01-23 10:55:55.854000,32.85,32.85,32.9,13926964.0
2018-01-23 10:55:58.475000,32.85,32.85,32.9,13926964.0
2018-01-23 10:56:01.042000,32.85,32.85,32.9,13926964.0
2018-01-23 10:56:05.180000,32.85,32.85,32.9,13926964.0
2018-01-23 10:56:07.616000,32.85,32.85,32.9,13926964.0
2018-01-23 10:56:09.756000,32.85,32.85,32.9,13926964.0
2018-01-23 10:56:12.100000,32.85,32.85,32.9,13926964.0
2018-01-23 10:56:14.365000,32.85,32.85,32.9,13926964.0
2018-01-23 10:56:16.765000,32.85,32.85,32.9,13926964.0
2018-01-23 10:56:19.009000,32.85,32.85,32.9,13926964.0
2018-01-23 10:56:21.172000,32.85,32.85,32.9,13926964.0
2018-01-23 10:56:23.412000,32.85,32.85,32.9,13926964.0
2018-01-23 10:56:26.015000,32.85,32.85,32.9,13926964.0
2018-01-23 10:56:28.279000,32.85,32.85,32.9,13926964.0
2018-01-23 10:56:30.622000,32.85,32.85,32.9,13926964.0
2018-01-23 10:56:32.892000,32.85,32.85,32.9,13926964.0
2018-01-23 10:56:35.046000,32.9,32.85,32.9,14152964.0
2018-01-23 10:56:37.211000,32.9,32.85,32.9,14152964.0
2018-01-23 10:56:40.164000,32.9,32.85,32.9,14152964.0
2018-01-23 10:56:43.567000,32.9,32.85,32.9,14152964.0
2018-01-23 10:56:47.954000,32.9,32.85,32.9,14152964.0
2018-01-23 10:56:51.212000,,,,
2018-01-23 10:56:55.129000,32.9,32.85,32.9,14152964.0
2018-01-23 10:56:58.580000,32.9,32.85,32.9,14152964.0
2018-01-23 10:57:01.730000,32.9,32.85,32.9,14152964.0
2018-01-23 10:57:05.203000,32.9,32.85,32.9,14152964.0
2018-01-23 10:57:08.675000,32.9,32.85,32.9,14152964.0
2018-01-23 10:57:11.417000,,,,
2018-01-23 10:57:14.548000,32.9,32.85,32.9,14152964.0
2018-01-23 10:57:17.887000,32.9,32.85,32.9,14152964.0
2018-01-23 10:57:21.090000,32.9,32.85,32.9,14152964.0
2018-01-23 10:57:24.294000,32.9,32.85,32.9,14152964.0
2018-01-23 10:57:27.560000,32.9,32.85,32.9,14152964.0
2018-01-23 10:57:30.711000,32.9,32.85,32.9,14152964.0
2018-01-23 10:57:33.860000,32.9,32.85,32.9,14152964.0
2018-01-23 10:57:37.230000,32.9,32.85,32.9,14152964.0
2018-01-23 10:57:40.966000,32.9,32.85,32.9,14152964.0
2018-01-23 10:57:44.097000,32.9,32.85,32.9,14152964.0
2018-01-23 10:57:47.636000,32.9,32.85,32.9,14152964.0
2018-01-23 10:57:51.154000,32.85,32.85,32.9,14154464.0
2018-01-23 10:57:54.530000,32.85,32.85,32.9,14154464.0
2018-01-23 10:57:57.855000,32.85,32.85,32.9,14154464.0
2018-01-23 10:58:01.217000,32.85,32.85,32.9,14154464.0
2018-01-23 10:58:04.364000,32.85,32.85,32.9,14154464.0
2018-01-23 10:58:07.680000,32.85,32.85,32.9,14154464.0
2018-01-23 10:58:11.200000,32.85,32.85,32.9,14154464.0
2018-01-23 10:58:14.668000,32.85,32.85,32.9,14154464.0
2018-01-23 10:58:17.844000,32.85,32.85,32.9,14154464.0
2018-01-23 10:58:21,32.85,32.85,32.9,14154464.0
2018-01-23 10:58:24.236000,32.85,32.85,32.9,14154464.0
2018-01-23 10:58:27.497000,32.85,32.85,32.9,14154464.0
2018-01-23 10:58:30.610000,32.85,32.85,32.9,14154464.0
2018-01-23 10:58:33.700000,32.85,32.85,32.9,14154464.0
2018-01-23 10:58:36.874000,32.85,32.85,32.9,14154464.0
2018-01-23 10:58:40.049000,32.85,32.85,32.9,14154464.0
2018-01-23 10:58:43.383000,32.85,32.85,32.9,14154464.0
2018-01-23 10:58:46.484000,32.85,32.85,32.9,14154464.0
2018-01-23 10:58:50.272000,32.85,32.85,32.9,14154464.0
2018-01-23 10:58:53.735000,32.85,32.85,32.9,14154464.0
2018-01-23 10:58:57.356000,32.85,32.85,32.9,14157464.0
2018-01-23 10:59:00.178000,32.85,32.85,32.9,14157464.0
2018-01-23 10:59:03.425000,32.85,32.85,32.9,14157464.0
2018-01-23 10:59:06.341000,32.85,32.85,32.9,14157464.0
2018-01-23 10:59:09.470000,32.85,32.85,32.9,14157464.0
2018-01-23 10:59:13.299000,32.85,32.85,32.9,14157464.0
2018-01-23 10:59:16.984000,32.85,32.85,32.9,14157464.0
2018-01-23 10:59:20.393000,32.85,32.85,32.9,14157464.0
2018-01-23 10:59:23.846000,32.85,32.85,32.9,14157464.0
2018-01-23 10:59:27.109000,32.85,32.85,32.9,14157464.0
2018-01-23 10:59:30.143000,32.85,32.85,32.9,14157464.0
2018-01-23 10:59:33.476000,32.85,32.85,32.9,14157464.0
2018-01-23 10:59:37.015000,32.85,32.85,32.9,14157464.0
2018-01-23 10:59:40.501000,32.85,32.85,32.9,14157464.0
2018-01-23 10:59:43.908000,32.85,32.85,32.9,14157464.0
2018-01-23 10:59:47.946000,32.9,32.85,32.9,14177464.0
2018-01-23 10:59:51.375000,32.9,32.85,32.9,14177464.0
2018-01-23 10:59:54.770000,32.9,32.85,32.9,14177464.0
2018-01-23 10:59:57.986000,32.9,32.85,32.9,14177464.0
2018-01-23 11:00:01.266000,32.9,32.85,32.9,14177464.0
