time,price,bid,ask,volume
2018-01-26 09:51:25.725000,33.1,33.05,33.1,8771870.0
2018-01-26 09:51:28.305000,33.1,33.05,33.1,8771870.0
2018-01-26 09:51:30.851000,33.1,33.05,33.1,8822730.0
2018-01-26 09:51:33.478000,33.1,33.05,33.1,8822730.0
2018-01-26 09:51:36.055000,33.1,33.05,33.1,8822730.0
2018-01-26 09:51:38.881000,33.1,33.05,33.1,8822730.0
2018-01-26 09:51:41.511000,33.1,33.05,33.1,8822730.0
2018-01-26 09:51:44.190000,33.1,33.05,33.1,8822730.0
2018-01-26 09:51:47.093000,33.1,33.05,33.1,8822730.0
2018-01-26 09:51:49.628000,33.1,33.05,33.1,8822730.0
2018-01-26 09:51:52.261000,33.1,33.05,33.1,8822730.0
2018-01-26 09:51:54.901000,33.1,33.05,33.1,8822730.0
2018-01-26 09:51:57.421000,33.1,33.05,33.1,8822730.0
2018-01-26 09:52:00.034000,33.1,33.05,33.1,8822730.0
2018-01-26 09:52:02.879000,33.1,33.05,33.1,8822730.0
2018-01-26 09:52:05.728000,33.1,33.05,33.1,8822730.0
2018-01-26 09:52:08.261000,33.1,33.05,33.1,8822730.0
2018-01-26 09:52:10.853000,33.1,33.05,33.1,8822730.0
2018-01-26 09:52:13.864000,33.1,33.05,33.1,8822730.0
2018-01-26 09:52:16.648000,33.1,33.05,33.1,8822730.0
2018-01-26 09:52:19.167000,33.1,33.05,33.1,8837730.0
2018-01-26 09:52:21.572000,33.1,33.05,33.1,8837730.0
2018-01-26 09:52:24.276000,33.1,33.05,33.1,8837730.0
2018-01-26 09:52:27.167000,33.1,33.05,33.1,8837730.0
2018-01-26 09:52:29.637000,33.1,33.05,33.1,8837730.0
2018-01-26 09:52:32.849000,33.1,33.05,33.1,8837730.0
2018-01-26 09:52:35.494000,33.1,33.05,33.1,8837730.0
2018-01-26 09:52:38.231000,33.1,33.05,33.1,8837730.0
2018-01-26 09:52:40.804000,33.1,33.05,33.1,8837730.0
2018-01-26 09:52:43.332000,33.1,33.05,33.1,8837730.0
2018-01-26 09:52:45.852000,33.1,33.05,33.1,8837730.0
2018-01-26 09:52:48.464000,33.1,33.05,33.1,8837730.0
2018-01-26 09:52:51.464000,33.1,33.05,33.1,8837730.0
2018-01-26 09:52:53.887000,33.1,33.05,33.1,8837730.0
2018-01-26 09:52:56.602000,33.1,33.05,33.1,8837730.0
2018-01-26 09:52:59.230000,33.1,33.05,33.1,8837730.0
2018-01-26 09:53:01.980000,33.1,33.05,33.1,8837730.0
2018-01-26 09:53:04.437000,33.1,33.05,33.1,8837730.0
2018-01-26 09:53:07.066000,33.1,33.05,33.1,8837730.0
2018-01-26 09:53:09.901000,33.1,33.05,33.1,8837730.0
2018-01-26 09:53:12.434000,33.1,33.05,33.1,8837730.0
2018-01-26 09:53:15.011000,33.1,33.05,33.1,8837730.0
2018-01-26 09:53:17.418000,33.1,33.05,33.1,8837730.0
2018-01-26 09:53:20.137000,33.1,33.05,33.1,8837730.0
2018-01-26 09:53:22.968000,33.1,33.05,33.1,8837730.0
2018-01-26 09:53:26.085000,33.1,33.05,33.1,8837730.0
2018-01-26 09:53:28.666000,33.1,33.05,33.1,8837730.0
2018-01-26 09:53:31.493000,33.1,33.05,33.1,8837730.0
2018-01-26 09:53:33.997000,33.1,33.05,33.1,8837730.0
2018-01-26 09:53:36.448000,33.1,33.05,33.1,8837730.0
2018-01-26 09:53:39.260000,33.1,33.05,33.1,8837730.0
2018-01-26 09:53:41.927000,33.1,33.05,33.1,8837730.0
2018-01-26 09:53:44.595000,33.1,33.05,33.1,8837730.0
2018-01-26 09:53:46.919000,33.1,33.05,33.1,8837730.0
2018-01-26 09:53:49.635000,33.1,33.05,33.1,8837730.0
2018-01-26 09:53:52.120000,33.1,33.05,33.1,8837730.0
2018-01-26 09:53:54.638000,33.1,33.05,33.1,8837730.0
2018-01-26 09:53:57.279000,33.1,33.05,33.1,8837730.0
2018-01-26 09:53:59.901000,33.1,33.05,33.1,8837730.0
2018-01-26 09:54:02.434000,33.1,33.05,33.1,8837730.0
2018-01-26 09:54:04.920000,33.1,33.05,33.1,8837730.0
2018-01-26 09:54:07.474000,33.1,33.05,33.1,8837730.0
2018-01-26 09:54:10.388000,33.1,33.05,33.1,8837730.0
2018-01-26 09:54:13.029000,33.1,33.05,33.1,8837730.0
2018-01-26 09:54:15.697000,33.1,33.05,33.1,8837730.0
2018-01-26 09:54:18.263000,33.1,33.05,33.1,8837730.0
2018-01-26 09:54:20.761000,33.1,33.05,33.1,8837730.0
2018-01-26 09:54:23.280000,33.1,33.05,33.1,8837730.0
2018-01-26 09:54:26.256000,33.1,33.05,33.1,8837730.0
2018-01-26 09:54:30.120000,33.1,33.05,33.1,8837730.0
2018-01-26 09:54:34.921000,33.1,33.05,33.1,8837730.0
2018-01-26 09:54:37.796000,33.1,33.05,33.1,8837730.0
2018-01-26 09:54:40.381000,33.1,33.05,33.1,8837730.0
2018-01-26 09:54:42.781000,33.1,33.05,33.1,8837730.0
2018-01-26 09:54:45.636000,33.1,33.05,33.1,8837730.0
2018-01-26 09:54:50.901000,33.1,33.05,33.1,8837730.0
2018-01-26 09:55:00.965000,33.05,33.05,33.1,8857170.0
2018-01-26 09:55:03.782000,33.05,33.05,33.1,8857170.0
2018-01-26 09:55:06.496000,33.05,33.05,33.1,8857170.0
2018-01-26 09:55:09.250000,33.05,33.05,33.1,8857170.0
2018-01-26 09:55:11.729000,33.05,33.05,33.1,8857170.0
2018-01-26 09:55:18.047000,33.05,33.05,33.1,8857170.0
2018-01-26 09:55:28.164000,33.05,33.05,33.1,8857170.0
2018-01-26 09:55:39.192000,33.05,33.05,33.1,8857170.0
2018-01-26 09:55:44.102000,33.05,33.05,33.1,8857170.0
2018-01-26 09:55:47.431000,33.05,33.05,33.1,8857170.0
2018-01-26 09:55:50.856000,33.05,33.05,33.1,8857170.0
2018-01-26 09:55:53.930000,33.05,33.05,33.1,8857170.0
2018-01-26 09:55:57.126000,33.05,33.05,33.1,8857170.0
2018-01-26 09:56:01.285000,33.05,33.05,33.1,8857170.0
2018-01-26 09:56:04.653000,33.05,33.05,33.1,8857170.0
2018-01-26 09:56:07.959000,33.05,33.05,33.1,8857170.0
2018-01-26 09:56:11.552000,33.1,33.05,33.1,8885170.0
2018-01-26 09:56:14.761000,33.1,33.1,33.15,11380720.0
2018-01-26 09:56:17.829000,33.1,33.1,33.15,11380720.0
2018-01-26 09:56:21.468000,33.1,33.1,33.15,11380720.0
2018-01-26 09:56:24.720000,33.1,33.1,33.15,11380720.0
2018-01-26 09:56:27.815000,33.1,33.1,33.15,11380720.0
2018-01-26 09:56:30.889000,33.1,33.1,33.15,11380720.0
2018-01-26 09:56:34.178000,33.1,33.1,33.15,11380720.0
2018-01-26 09:56:37.188000,33.1,33.1,33.15,11380720.0
2018-01-26 09:56:40.241000,33.1,33.1,33.15,11380720.0
2018-01-26 09:56:43.193000,33.1,33.1,33.15,11380720.0
2018-01-26 09:56:46.486000,33.1,33.1,33.15,11380720.0
2018-01-26 09:56:49.924000,33.1,33.1,33.15,11380720.0
2018-01-26 09:56:53.251000,33.1,33.1,33.15,11380720.0
2018-01-26 09:56:56.519000,33.1,33.1,33.15,11682720.0
2018-01-26 09:56:59.630000,33.1,33.1,33.15,11682720.0
2018-01-26 09:57:02.801000,33.1,33.1,33.15,11682720.0
2018-01-26 09:57:06.015000,33.1,33.1,33.15,11682720.0
2018-01-26 09:57:09.674000,33.1,33.1,33.15,11682720.0
2018-01-26 09:57:12.838000,33.1,33.1,33.15,11682720.0
2018-01-26 09:57:16.176000,33.1,33.1,33.15,11682720.0
2018-01-26 09:57:19.393000,33.1,33.1,33.15,11682720.0
2018-01-26 09:57:22.497000,33.1,33.1,33.15,11682720.0
2018-01-26 09:57:25.717000,33.1,33.1,33.15,11682720.0
2018-01-26 09:57:28.950000,33.1,33.1,33.15,11682720.0
2018-01-26 09:57:31.909000,33.1,33.1,33.15,11682720.0
2018-01-26 09:57:35.074000,33.1,33.1,33.15,11682720.0
2018-01-26 09:57:38.394000,33.1,33.1,33.15,11682720.0
2018-01-26 09:57:41.527000,33.1,33.1,33.15,11682720.0
2018-01-26 09:57:44.642000,33.1,33.1,33.15,11682720.0
2018-01-26 09:57:47.670000,33.1,33.1,33.15,11682720.0
2018-01-26 09:57:50.796000,33.1,33.1,33.15,11682720.0
2018-01-26 09:57:53.978000,33.1,33.1,33.15,11682720.0
2018-01-26 09:57:57.728000,33.1,33.1,33.15,11682720.0
2018-01-26 09:58:00.814000,33.1,33.1,33.15,11682720.0
2018-01-26 09:58:03.940000,33.1,33.1,33.15,11682720.0
2018-01-26 09:58:07.038000,33.1,33.1,33.15,11682720.0
2018-01-26 09:58:10.206000,33.1,33.1,33.15,11682720.0
2018-01-26 09:58:13.348000,33.1,33.1,33.15,11682720.0
2018-01-26 09:58:16.392000,33.1,33.1,33.15,11682720.0
2018-01-26 09:58:19.941000,33.15,33.1,33.15,11784220.0
2018-01-26 09:58:23.286000,33.15,33.1,33.15,11784220.0
2018-01-26 09:58:26.738000,33.15,33.1,33.15,11784220.0
2018-01-26 09:58:29.902000,33.15,33.1,33.15,11784220.0
2018-01-26 09:58:32.948000,33.15,33.1,33.15,11784220.0
2018-01-26 09:58:36.290000,33.15,33.1,33.15,11784220.0
2018-01-26 09:58:39.535000,33.15,33.1,33.15,11784220.0
2018-01-26 09:58:42.693000,33.15,33.1,33.15,11784220.0
2018-01-26 09:58:46.207000,33.15,33.1,33.15,11784220.0
2018-01-26 09:58:49.368000,33.15,33.1,33.15,11784220.0
2018-01-26 09:58:52.396000,33.15,33.1,33.15,11784220.0
2018-01-26 09:58:55.506000,33.15,33.1,33.15,11784220.0
2018-01-26 09:58:58.724000,33.15,33.1,33.15,11784220.0
2018-01-26 09:59:02.131000,33.15,33.1,33.15,11784220.0
2018-01-26 09:59:05.398000,33.15,33.1,33.15,11784220.0
2018-01-26 09:59:08.600000,33.15,33.1,33.15,11784220.0
2018-01-26 09:59:11.707000,33.15,33.1,33.15,11793080.0
2018-01-26 09:59:14.855000,33.15,33.1,33.15,11793080.0
2018-01-26 09:59:18.426000,33.15,33.1,33.15,11793080.0
2018-01-26 09:59:21.472000,33.15,33.1,33.15,11793080.0
2018-01-26 09:59:24.856000,33.15,33.1,33.15,11793080.0
2018-01-26 09:59:27.904000,33.15,33.1,33.15,11793080.0
2018-01-26 09:59:31.162000,33.15,33.1,33.15,11793080.0
2018-01-26 09:59:34.353000,33.15,33.1,33.15,11793080.0
2018-01-26 09:59:37.488000,33.15,33.1,33.15,11793080.0
2018-01-26 09:59:40.611000,33.15,33.1,33.15,11793080.0
2018-01-26 09:59:43.670000,33.15,33.1,33.15,11793080.0
2018-01-26 09:59:46.919000,33.15,33.1,33.15,11793080.0
2018-01-26 09:59:50.108000,33.15,33.1,33.15,11793080.0
2018-01-26 09:59:53.135000,33.15,33.1,33.15,11793080.0
2018-01-26 09:59:56.162000,33.15,33.1,33.15,11793080.0
2018-01-26 09:59:59.400000,33.15,33.1,33.15,11793080.0
2018-01-26 10:00:02.715000,33.15,33.1,33.15,11793080.0
2018-01-26 10:00:06.178000,33.15,33.1,33.15,11793080.0
2018-01-26 10:00:09.480000,33.15,33.1,33.15,11793080.0
2018-01-26 10:00:12.863000,33.15,33.1,33.15,11793080.0
2018-01-26 10:00:16.047000,33.15,33.1,33.15,11793080.0
2018-01-26 10:00:19.041000,33.15,33.1,33.15,11793080.0
2018-01-26 10:00:22.441000,33.15,33.1,33.15,11793080.0
2018-01-26 10:00:25.706000,33.15,33.1,33.15,11793080.0
2018-01-26 10:00:28.849000,33.1,33.05,33.15,11982580.0
2018-01-26 10:00:32.132000,33.1,33.05,33.15,11982580.0
2018-01-26 10:00:35.304000,33.1,33.05,33.15,11982580.0
2018-01-26 10:00:38.508000,33.1,33.05,33.15,11982580.0
2018-01-26 10:00:41.881000,33.1,33.05,33.15,11982580.0
2018-01-26 10:00:45.026000,33.1,33.05,33.15,11982580.0
2018-01-26 10:00:48.552000,33.1,33.05,33.15,11982580.0
2018-01-26 10:00:51.662000,33.1,33.05,33.15,11982580.0
2018-01-26 10:00:54.982000,33.1,33.05,33.15,11982580.0
2018-01-26 10:00:57.962000,33.1,33.05,33.15,11982580.0
2018-01-26 10:01:01.193000,33.1,33.05,33.15,11982580.0
2018-01-26 10:01:04.268000,33.1,33.05,33.15,11982580.0
2018-01-26 10:01:07.524000,33.1,33.05,33.15,11982580.0
2018-01-26 10:01:10.640000,33.1,33.05,33.15,11982580.0
2018-01-26 10:01:14.173000,33.1,33.05,33.15,11982580.0
2018-01-26 10:01:17.645000,33.1,33.05,33.15,11982580.0
2018-01-26 10:01:20.805000,33.1,33.05,33.15,11982580.0
2018-01-26 10:01:24.071000,33.1,33.05,33.15,11982580.0
2018-01-26 10:01:27.258000,33.1,33.1,33.15,12136580.0
2018-01-26 10:01:30.524000,33.1,33.1,33.15,12136580.0
2018-01-26 10:01:33.587000,33.1,33.1,33.15,12136580.0
2018-01-26 10:01:36.788000,33.1,33.1,33.15,12136580.0
2018-01-26 10:01:40.015000,33.1,33.1,33.15,12136580.0
2018-01-26 10:01:43.387000,33.1,33.1,33.15,12136580.0
2018-01-26 10:01:46.727000,33.1,33.1,33.15,12136580.0
2018-01-26 10:01:49.871000,33.1,33.1,33.15,12136580.0
2018-01-26 10:01:53.080000,33.1,33.1,33.15,12136580.0
2018-01-26 10:01:56.381000,33.1,33.1,33.15,12136580.0
2018-01-26 10:01:59.614000,33.1,33.1,33.15,12136580.0
2018-01-26 10:02:02.843000,33.1,33.1,33.15,12136580.0
2018-01-26 10:02:06.099000,33.1,33.1,33.15,12136580.0
2018-01-26 10:02:09.169000,33.1,33.1,33.15,12136580.0
2018-01-26 10:02:12.275000,33.1,33.05,33.15,12136580.0
2018-01-26 10:02:15.564000,33.1,33.05,33.15,12136580.0
2018-01-26 10:02:18.635000,33.1,33.05,33.15,12136580.0
2018-01-26 10:02:21.805000,33.1,33.05,33.15,12136580.0
2018-01-26 10:02:24.842000,33.1,33.05,33.15,12136580.0
2018-01-26 10:02:28.188000,33.1,33.05,33.15,12136580.0
2018-01-26 10:02:31.368000,33.1,33.05,33.15,12136580.0
2018-01-26 10:02:34.736000,33.1,33.05,33.15,12136580.0
2018-01-26 10:02:37.772000,33.1,33.05,33.15,12136580.0
2018-01-26 10:02:40.900000,33.1,33.05,33.15,12136580.0
2018-01-26 10:02:44.372000,33.1,33.05,33.15,12136580.0
2018-01-26 10:02:47.585000,33.1,33.05,33.15,12136580.0
2018-01-26 10:02:50.714000,33.1,33.05,33.15,12136580.0
2018-01-26 10:02:53.922000,33.1,33.05,33.15,12136580.0
2018-01-26 10:02:57.058000,33.1,33.05,33.15,12136580.0
2018-01-26 10:03:00.153000,33.1,33.05,33.15,12136580.0
2018-01-26 10:03:03.231000,33.1,33.05,33.15,12136580.0
2018-01-26 10:03:06.383000,33.1,33.05,33.15,12136580.0
2018-01-26 10:03:09.699000,33.1,33.05,33.15,12136580.0
2018-01-26 10:03:13.162000,33.1,33.05,33.15,12136580.0
2018-01-26 10:03:16.384000,33.1,33.05,33.15,12136580.0
2018-01-26 10:03:19.872000,33.1,33.05,33.15,12136580.0
2018-01-26 10:03:23.332000,33.1,33.05,33.15,12136580.0
2018-01-26 10:03:26.416000,33.1,33.05,33.15,12136580.0
2018-01-26 10:03:29.620000,33.1,33.05,33.15,12136580.0
2018-01-26 10:03:32.955000,33.1,33.05,33.15,12136580.0
2018-01-26 10:03:36.286000,33.1,33.05,33.15,12136580.0
2018-01-26 10:03:39.464000,33.1,33.05,33.15,12136580.0
2018-01-26 10:03:42.549000,33.1,33.05,33.1,12141080.0
2018-01-26 10:03:45.709000,33.1,33.05,33.1,12141080.0
2018-01-26 10:03:48.704000,33.1,33.05,33.1,12141080.0
2018-01-26 10:03:52.040000,33.1,33.05,33.1,12141080.0
2018-01-26 10:03:55.133000,33.1,33.05,33.1,12141080.0
2018-01-26 10:03:58.384000,33.1,33.05,33.1,12141080.0
2018-01-26 10:04:01.997000,33.1,33.05,33.1,12141080.0
2018-01-26 10:04:05.235000,33.1,33.05,33.1,12141080.0
2018-01-26 10:04:08.601000,33.1,33.05,33.1,12141080.0
2018-01-26 10:04:12.106000,33.1,33.05,33.1,12141080.0
2018-01-26 10:04:15.457000,33.1,33.05,33.1,12141080.0
2018-01-26 10:04:19.185000,33.1,33.05,33.1,12141080.0
2018-01-26 10:04:22.634000,33.1,33.05,33.1,12141080.0
2018-01-26 10:04:25.748000,33.1,33.05,33.1,12141080.0
2018-01-26 10:04:28.997000,33.1,33.05,33.1,12141080.0
2018-01-26 10:04:32.292000,33.1,33.05,33.1,12141080.0
2018-01-26 10:04:35.568000,33.1,33.05,33.1,12177580.0
2018-01-26 10:04:38.538000,33.1,33.05,33.1,12177580.0
2018-01-26 10:04:41.808000,33.1,33.05,33.1,12177580.0
2018-01-26 10:04:44.989000,33.1,33.05,33.1,12177580.0
2018-01-26 10:04:48.202000,33.1,33.05,33.1,12177580.0
2018-01-26 10:04:51.510000,33.1,33.05,33.1,12177580.0
2018-01-26 10:04:54.848000,33.1,33.05,33.1,12177580.0
2018-01-26 10:04:58.143000,33.1,33.05,33.1,12177580.0
2018-01-26 10:05:01.308000,33.1,33.05,33.1,12177580.0
2018-01-26 10:05:04.400000,33.1,33.05,33.1,12177580.0
2018-01-26 10:05:07.608000,33.1,33.05,33.1,12177580.0
2018-01-26 10:05:10.819000,33.1,33.05,33.1,12177580.0
2018-01-26 10:05:13.980000,33.1,33.05,33.1,12177580.0
2018-01-26 10:05:17.278000,33.1,33.05,33.1,12177580.0
2018-01-26 10:05:20.335000,33.1,33.05,33.1,12177580.0
2018-01-26 10:05:23.779000,33.1,33.05,33.1,12177580.0
2018-01-26 10:05:26.998000,33.1,33.05,33.1,12177580.0
2018-01-26 10:05:30.749000,33.1,33.05,33.1,12177580.0
2018-01-26 10:05:34.075000,33.1,33.05,33.1,12177580.0
2018-01-26 10:05:38.201000,33.1,33.05,33.1,12177580.0
2018-01-26 10:05:41.302000,33.1,33.05,33.1,12177580.0
2018-01-26 10:05:44.752000,33.1,33.05,33.1,12177580.0
2018-01-26 10:05:47.930000,33.1,33.05,33.1,12177580.0
2018-01-26 10:05:51.061000,33.1,33.05,33.1,12177580.0
2018-01-26 10:05:54.087000,33.1,33.05,33.1,12177580.0
2018-01-26 10:05:57.306000,33.1,33.05,33.1,12177580.0
2018-01-26 10:06:00.394000,33.1,33.05,33.1,12177580.0
2018-01-26 10:06:03.579000,33.1,33.05,33.1,12177580.0
2018-01-26 10:06:06.670000,33.1,33.05,33.1,12177580.0
2018-01-26 10:06:09.803000,33.1,33.05,33.1,12177580.0
2018-01-26 10:06:12.873000,33.1,33.05,33.1,12177580.0
2018-01-26 10:06:16.427000,33.1,33.05,33.1,12177580.0
2018-01-26 10:06:19.224000,33.1,33.05,33.1,12177580.0
2018-01-26 10:06:22.514000,33.1,33.05,33.1,12177580.0
2018-01-26 10:06:25.766000,33.1,33.05,33.1,12177580.0
2018-01-26 10:06:28.973000,33.1,33.05,33.1,12177580.0
2018-01-26 10:06:32.036000,33.1,33.05,33.1,12216580.0
2018-01-26 10:06:34.899000,33.1,33.05,33.1,12216580.0
2018-01-26 10:06:38.057000,33.1,33.05,33.1,12216580.0
2018-01-26 10:06:41.174000,33.1,33.05,33.1,12216580.0
2018-01-26 10:06:44.325000,33.1,33.05,33.1,12216580.0
2018-01-26 10:06:47.511000,33.1,33.05,33.1,12216580.0
2018-01-26 10:06:50.642000,33.1,33.05,33.1,12216580.0
2018-01-26 10:06:53.678000,33.1,33.05,33.1,12216580.0
2018-01-26 10:06:56.874000,33.1,33.05,33.1,12216580.0
2018-01-26 10:06:59.934000,33.05,33.05,33.1,12239580.0
2018-01-26 10:07:02.992000,33.05,33.05,33.1,12239580.0
2018-01-26 10:07:06.037000,33.05,33.05,33.1,12239580.0
2018-01-26 10:07:09.135000,33.05,33.05,33.1,12239580.0
2018-01-26 10:07:12.514000,33.05,33.05,33.1,12239580.0
2018-01-26 10:07:15.424000,33.05,33.05,33.1,12239580.0
2018-01-26 10:07:18.703000,33.05,33.05,33.1,12239580.0
2018-01-26 10:07:21.797000,33.05,33.05,33.1,12239580.0
2018-01-26 10:07:25.454000,33.05,33.05,33.1,12239580.0
2018-01-26 10:07:28.393000,33.05,33.05,33.1,12239580.0
2018-01-26 10:07:31.565000,33.05,33.05,33.1,12239580.0
2018-01-26 10:07:34.627000,33.05,33.05,33.1,12239580.0
2018-01-26 10:07:37.610000,33.05,33.05,33.1,12239580.0
2018-01-26 10:07:40.475000,33.05,33.05,33.1,12239580.0
2018-01-26 10:07:43.643000,33.05,33.05,33.1,12239580.0
2018-01-26 10:07:46.569000,33.05,33.05,33.1,12239580.0
2018-01-26 10:07:49.869000,33.05,33.05,33.1,12239580.0
2018-01-26 10:07:53.088000,33.05,33.05,33.1,12239580.0
2018-01-26 10:07:56.284000,33.05,33.05,33.1,12239580.0
2018-01-26 10:07:59.622000,33.05,33.05,33.1,12255873.0
2018-01-26 10:08:02.513000,33.05,33.05,33.1,12255873.0
2018-01-26 10:08:05.587000,33.05,33.05,33.1,12255873.0
2018-01-26 10:08:08.909000,33.05,33.05,33.1,12255873.0
2018-01-26 10:08:11.892000,33.05,33.05,33.1,12255873.0
2018-01-26 10:08:15.023000,33.05,33.05,33.1,12255873.0
2018-01-26 10:08:17.830000,33.05,33.05,33.1,12255873.0
2018-01-26 10:08:21.015000,33.05,33.05,33.1,12255873.0
2018-01-26 10:08:24.338000,33.05,33.05,33.1,12255873.0
2018-01-26 10:08:27.377000,33.05,33.05,33.1,12255873.0
2018-01-26 10:08:30.457000,33.05,33.05,33.1,12255873.0
2018-01-26 10:08:33.645000,33.05,33.05,33.1,12255873.0
2018-01-26 10:08:36.759000,33.05,33.05,33.1,12255873.0
2018-01-26 10:08:40,33.05,33.05,33.1,12255873.0
2018-01-26 10:08:43.036000,33.05,33.05,33.1,12255873.0
2018-01-26 10:08:46.194000,33.05,33.05,33.1,12255873.0
2018-01-26 10:08:49.605000,33.05,33.0,33.1,12262373.0
2018-01-26 10:08:52.798000,33.05,33.0,33.1,12262373.0
2018-01-26 10:08:55.756000,33.05,33.0,33.1,12262373.0
2018-01-26 10:08:58.896000,33.05,33.0,33.1,12262373.0
2018-01-26 10:09:01.876000,33.05,33.0,33.1,12262373.0
2018-01-26 10:09:05.263000,33.05,33.0,33.1,12262373.0
2018-01-26 10:09:08.225000,33.05,33.0,33.1,12262373.0
2018-01-26 10:09:11.383000,33.05,33.0,33.1,12262373.0
2018-01-26 10:09:14.393000,33.05,33.0,33.1,12262373.0
2018-01-26 10:09:17.468000,33.05,33.0,33.1,12262373.0
2018-01-26 10:09:20.660000,33.05,33.0,33.1,12262373.0
2018-01-26 10:09:23.871000,33.05,33.0,33.1,12262373.0
2018-01-26 10:09:27.050000,33.05,33.0,33.1,12262373.0
2018-01-26 10:09:30.087000,33.05,33.0,33.1,12262373.0
2018-01-26 10:09:33.230000,33.05,33.0,33.1,12262373.0
2018-01-26 10:09:36.302000,33.05,33.0,33.1,12262373.0
2018-01-26 10:09:39.402000,33.05,33.0,33.1,12262373.0
2018-01-26 10:09:42.478000,33.05,33.0,33.1,12262373.0
2018-01-26 10:09:45.648000,33.05,33.0,33.1,12262373.0
2018-01-26 10:09:48.668000,33.05,33.0,33.1,12262373.0
2018-01-26 10:09:51.699000,33.05,33.0,33.1,12262373.0
2018-01-26 10:09:54.742000,33.05,33.0,33.1,12262373.0
2018-01-26 10:09:57.924000,33.05,33.0,33.1,12262373.0
2018-01-26 10:10:00.944000,33.05,33.0,33.1,12262373.0
2018-01-26 10:10:04.006000,33.05,33.0,33.1,12262373.0
2018-01-26 10:10:07.195000,33.05,33.0,33.1,12312373.0
2018-01-26 10:10:10.489000,33.05,33.0,33.1,12312373.0
2018-01-26 10:10:14.089000,33.05,33.0,33.1,12312373.0
2018-01-26 10:10:17.223000,33.05,33.0,33.1,12312373.0
2018-01-26 10:10:20.414000,33.05,33.0,33.1,12312373.0
2018-01-26 10:10:23.777000,33.05,33.0,33.1,12312373.0
2018-01-26 10:10:26.806000,33.05,33.0,33.1,12312373.0
2018-01-26 10:10:29.914000,33.05,33.0,33.1,12312373.0
2018-01-26 10:10:32.897000,33.05,33.0,33.1,12312373.0
2018-01-26 10:10:36.075000,33.05,33.0,33.1,12312373.0
2018-01-26 10:10:39.253000,33.05,33.0,33.1,12312373.0
2018-01-26 10:10:42.288000,33.05,33.0,33.1,12312373.0
2018-01-26 10:10:45.268000,33.05,33.0,33.1,12312373.0
2018-01-26 10:10:48.217000,33.05,33.0,33.1,12312373.0
2018-01-26 10:10:51.086000,33.05,33.0,33.1,12312373.0
2018-01-26 10:10:54.270000,33.05,33.0,33.1,12312373.0
2018-01-26 10:10:57.246000,33.05,33.0,33.1,12312373.0
2018-01-26 10:11:00.305000,33.05,33.0,33.1,12312373.0
2018-01-26 10:11:03.539000,33.05,33.0,33.1,12312373.0
2018-01-26 10:11:06.388000,33.05,33.0,33.1,12312373.0
2018-01-26 10:11:09.489000,33.05,33.0,33.1,12312373.0
2018-01-26 10:11:12.586000,33.05,33.0,33.1,12312373.0
2018-01-26 10:11:15.502000,33.05,33.0,33.1,12312373.0
2018-01-26 10:11:18.725000,33.05,33.0,33.1,12312373.0
2018-01-26 10:11:21.739000,33.05,33.0,33.1,12312373.0
2018-01-26 10:11:24.869000,33.05,33.0,33.05,12516373.0
2018-01-26 10:11:27.823000,33.05,33.0,33.05,12516373.0
2018-01-26 10:11:30.775000,33.05,33.0,33.05,12516373.0
2018-01-26 10:11:33.729000,33.05,33.0,33.05,12516373.0
2018-01-26 10:11:36.879000,33.05,33.0,33.05,12516373.0
2018-01-26 10:11:40.010000,33.05,33.0,33.05,12516373.0
2018-01-26 10:11:43.497000,33.05,33.0,33.05,12516373.0
2018-01-26 10:11:46.743000,33.05,33.0,33.05,12516373.0
2018-01-26 10:11:49.854000,33.05,33.0,33.05,12516373.0
2018-01-26 10:11:53.167000,33.05,33.0,33.05,12516373.0
2018-01-26 10:11:56.401000,33.05,33.0,33.05,12516373.0
2018-01-26 10:11:59.535000,33.05,33.0,33.05,12516373.0
2018-01-26 10:12:02.615000,33.05,33.0,33.05,12516373.0
2018-01-26 10:12:05.853000,33.05,33.0,33.05,12516373.0
2018-01-26 10:12:09.039000,33.05,33.0,33.05,12516373.0
2018-01-26 10:12:11.940000,33.05,33.0,33.05,12516373.0
2018-01-26 10:12:15.166000,33.05,33.0,33.05,12516373.0
2018-01-26 10:12:18.430000,33.05,33.0,33.05,12516373.0
2018-01-26 10:12:21.753000,33.05,33.0,33.05,12516373.0
2018-01-26 10:12:24.858000,33.05,33.0,33.05,12516373.0
2018-01-26 10:12:27.959000,33.05,33.0,33.05,12516373.0
2018-01-26 10:12:31.174000,33.05,33.0,33.05,12523873.0
2018-01-26 10:12:34.228000,33.05,33.0,33.05,12523873.0
2018-01-26 10:12:37.383000,33.05,33.0,33.05,12523873.0
2018-01-26 10:12:40.502000,33.05,33.0,33.05,12523873.0
2018-01-26 10:12:43.558000,33.05,33.0,33.05,12523873.0
2018-01-26 10:12:46.760000,33.05,33.0,33.05,12523873.0
2018-01-26 10:12:49.809000,33.05,33.0,33.05,12523873.0
2018-01-26 10:12:52.882000,33.05,33.0,33.05,12523873.0
2018-01-26 10:12:56.142000,33.05,33.0,33.05,12523873.0
2018-01-26 10:12:59.381000,33.05,33.0,33.05,12523873.0
2018-01-26 10:13:02.492000,33.05,33.0,33.05,12523873.0
2018-01-26 10:13:05.344000,33.05,33.0,33.05,12523873.0
2018-01-26 10:13:08.679000,33.05,33.0,33.05,12523873.0
2018-01-26 10:13:12.080000,33.05,33.0,33.05,12523873.0
2018-01-26 10:13:15.400000,33.05,33.0,33.05,12523873.0
2018-01-26 10:13:18.461000,33.05,33.0,33.05,12523873.0
2018-01-26 10:13:21.766000,33.05,33.0,33.05,12523873.0
2018-01-26 10:13:25.004000,33.05,33.0,33.05,12523873.0
2018-01-26 10:13:28.133000,33.05,33.0,33.05,12523873.0
2018-01-26 10:13:31.164000,33.05,33.0,33.05,12523873.0
2018-01-26 10:13:34.215000,33.05,33.0,33.05,12523873.0
2018-01-26 10:13:37.336000,33.05,33.0,33.05,12523873.0
2018-01-26 10:13:40.820000,33.05,33.0,33.05,12523873.0
2018-01-26 10:13:43.852000,33.05,33.0,33.05,12523873.0
2018-01-26 10:13:46.891000,33.05,33.0,33.05,12523873.0
2018-01-26 10:13:49.965000,33.05,33.0,33.05,12523873.0
2018-01-26 10:13:53.188000,33.05,33.0,33.05,12523873.0
2018-01-26 10:13:56.427000,33.05,33.0,33.05,12523873.0
2018-01-26 10:13:59.693000,33.05,33.0,33.05,12523873.0
2018-01-26 10:14:02.869000,33.0,33.0,33.05,12559873.0
2018-01-26 10:14:05.973000,33.0,33.0,33.05,12559873.0
2018-01-26 10:14:09.074000,33.0,33.0,33.05,12559873.0
2018-01-26 10:14:12.203000,33.0,33.0,33.05,12559873.0
2018-01-26 10:14:15.825000,33.0,33.0,33.05,12559873.0
2018-01-26 10:14:18.824000,33.0,33.0,33.05,12559873.0
2018-01-26 10:14:21.858000,33.0,33.0,33.05,12559873.0
2018-01-26 10:14:24.951000,33.0,33.0,33.05,12559873.0
2018-01-26 10:14:27.948000,33.0,33.0,33.05,12559873.0
2018-01-26 10:14:31.013000,33.0,33.0,33.05,12559873.0
2018-01-26 10:14:34.012000,33.0,33.0,33.05,12559873.0
2018-01-26 10:14:37.370000,33.0,33.0,33.05,12559873.0
2018-01-26 10:14:40.520000,33.05,33.0,33.1,12633373.0
2018-01-26 10:14:43.762000,33.05,33.0,33.1,12633373.0
2018-01-26 10:14:46.826000,33.05,33.0,33.1,12633373.0
2018-01-26 10:14:50.064000,33.05,33.0,33.1,12633373.0
2018-01-26 10:14:53.279000,33.05,33.0,33.1,12633373.0
2018-01-26 10:14:56.289000,33.05,33.0,33.1,12633373.0
2018-01-26 10:14:59.359000,33.05,33.0,33.1,12633373.0
2018-01-26 10:15:02.512000,33.05,33.0,33.1,12633373.0
2018-01-26 10:15:05.843000,33.05,33.0,33.1,12633373.0
2018-01-26 10:15:09.247000,33.05,33.0,33.1,12633373.0
2018-01-26 10:15:12.354000,33.05,33.0,33.1,12633373.0
2018-01-26 10:15:15.372000,33.05,33.0,33.1,12633373.0
2018-01-26 10:15:18.421000,33.1,33.05,33.1,12651873.0
2018-01-26 10:15:21.675000,33.1,33.05,33.1,12651873.0
2018-01-26 10:15:24.964000,33.1,33.05,33.1,12651873.0
2018-01-26 10:15:28.276000,33.1,33.05,33.1,12651873.0
2018-01-26 10:15:31.602000,33.1,33.05,33.1,12651873.0
2018-01-26 10:15:34.893000,33.1,33.05,33.1,12651873.0
2018-01-26 10:15:38.195000,33.1,33.05,33.1,12651873.0
2018-01-26 10:15:41.471000,33.1,33.05,33.1,12651873.0
2018-01-26 10:15:44.636000,33.1,33.05,33.1,12651873.0
2018-01-26 10:15:47.414000,33.1,33.05,33.1,12651873.0
2018-01-26 10:15:50.523000,33.1,33.05,33.1,12651873.0
2018-01-26 10:15:53.815000,33.1,33.05,33.1,12651873.0
2018-01-26 10:15:56.983000,33.1,33.05,33.1,12665873.0
2018-01-26 10:16:00.610000,33.1,33.05,33.1,12665873.0
2018-01-26 10:16:04.124000,33.1,33.05,33.1,12665873.0
2018-01-26 10:16:07.592000,33.1,33.05,33.1,12665873.0
2018-01-26 10:16:10.953000,33.1,33.05,33.1,12665873.0
2018-01-26 10:16:14.791000,33.1,33.05,33.1,12665873.0
2018-01-26 10:16:18.327000,33.1,33.05,33.1,12665873.0
2018-01-26 10:16:22.222000,33.1,33.05,33.1,12665873.0
2018-01-26 10:16:25.378000,33.1,33.05,33.1,12665873.0
2018-01-26 10:16:28.638000,33.1,33.05,33.1,12665873.0
2018-01-26 10:16:32.274000,33.1,33.05,33.1,12665873.0
2018-01-26 10:16:35.906000,33.1,33.05,33.1,12665873.0
2018-01-26 10:16:39.220000,33.1,33.05,33.1,12665873.0
2018-01-26 10:16:42.382000,33.1,33.05,33.1,12665873.0
2018-01-26 10:16:45.812000,33.1,33.05,33.1,12665873.0
2018-01-26 10:16:49.267000,33.1,33.05,33.1,12665873.0
2018-01-26 10:16:52.440000,33.1,33.05,33.1,12665873.0
2018-01-26 10:16:55.729000,33.1,33.05,33.1,12665873.0
2018-01-26 10:16:58.936000,33.1,33.05,33.1,12665873.0
2018-01-26 10:17:02.253000,33.1,33.05,33.1,12665873.0
2018-01-26 10:17:05.486000,33.1,33.05,33.1,12665873.0
2018-01-26 10:17:08.565000,33.1,33.05,33.1,12665873.0
2018-01-26 10:17:11.791000,33.1,33.05,33.1,12665873.0
2018-01-26 10:17:15.296000,33.1,33.05,33.1,12665873.0
2018-01-26 10:17:18.544000,33.1,33.05,33.1,12665873.0
2018-01-26 10:17:21.837000,33.1,33.05,33.1,12665873.0
2018-01-26 10:17:24.986000,33.1,33.05,33.1,12665873.0
2018-01-26 10:17:28.174000,33.1,33.05,33.1,12665873.0
2018-01-26 10:17:31.328000,33.1,33.05,33.1,12665873.0
2018-01-26 10:17:34.453000,33.1,33.05,33.1,12665873.0
2018-01-26 10:17:37.450000,33.1,33.05,33.1,12665873.0
2018-01-26 10:17:40.635000,33.1,33.05,33.1,12665873.0
2018-01-26 10:17:43.769000,33.1,33.05,33.1,12668468.0
2018-01-26 10:17:47.005000,33.1,33.05,33.1,12668468.0
2018-01-26 10:17:50.099000,33.1,33.05,33.1,12668468.0
2018-01-26 10:17:53.495000,33.1,33.05,33.1,12668468.0
2018-01-26 10:17:56.855000,33.1,33.05,33.1,12668468.0
2018-01-26 10:18:00.022000,33.1,33.05,33.1,12668468.0
2018-01-26 10:18:03.577000,33.1,33.05,33.1,12668468.0
2018-01-26 10:18:06.814000,33.1,33.05,33.1,12668468.0
2018-01-26 10:18:10.409000,33.1,33.05,33.1,12668468.0
2018-01-26 10:18:13.649000,33.1,33.05,33.1,12668468.0
2018-01-26 10:18:16.712000,33.1,33.05,33.1,12668468.0
2018-01-26 10:18:19.832000,33.1,33.05,33.1,12668468.0
2018-01-26 10:18:22.891000,33.1,33.05,33.1,12668468.0
2018-01-26 10:18:26.291000,33.1,33.05,33.1,12668468.0
2018-01-26 10:18:29.635000,33.1,33.05,33.1,12668468.0
2018-01-26 10:18:32.732000,33.1,33.05,33.1,12668468.0
2018-01-26 10:18:35.837000,33.1,33.05,33.1,12668468.0
2018-01-26 10:18:38.909000,33.1,33.05,33.1,12668468.0
2018-01-26 10:18:41.860000,33.1,33.05,33.1,12668468.0
2018-01-26 10:18:44.818000,33.1,33.05,33.1,12668468.0
2018-01-26 10:18:47.892000,33.1,33.05,33.1,12668468.0
2018-01-26 10:18:50.892000,33.1,33.05,33.1,12668468.0
2018-01-26 10:18:53.975000,33.1,33.05,33.1,12668468.0
2018-01-26 10:18:57.181000,33.1,33.05,33.1,12668468.0
2018-01-26 10:19:00.142000,33.1,33.05,33.1,12668468.0
2018-01-26 10:19:03.048000,33.1,33.05,33.1,12668468.0
2018-01-26 10:19:06.216000,33.1,33.05,33.1,12668468.0
2018-01-26 10:19:09.334000,33.1,33.05,33.1,12668468.0
2018-01-26 10:19:12.705000,33.1,33.05,33.1,12668468.0
2018-01-26 10:19:15.781000,33.1,33.05,33.1,12668468.0
2018-01-26 10:19:18.892000,33.05,33.05,33.1,12681968.0
2018-01-26 10:19:21.973000,33.05,33.05,33.1,12681968.0
2018-01-26 10:19:24.975000,33.05,33.05,33.1,12681968.0
2018-01-26 10:19:28.136000,33.05,33.05,33.1,12681968.0
2018-01-26 10:19:31.198000,33.05,33.05,33.1,12681968.0
2018-01-26 10:19:34.285000,33.05,33.05,33.1,12681968.0
2018-01-26 10:19:37.085000,33.05,33.05,33.1,12681968.0
2018-01-26 10:19:40.082000,33.05,33.05,33.1,12681968.0
2018-01-26 10:19:43.127000,33.05,33.05,33.1,12681968.0
2018-01-26 10:19:46.208000,33.05,33.05,33.1,12681968.0
2018-01-26 10:19:49.391000,33.05,33.05,33.1,12681968.0
2018-01-26 10:19:52.829000,33.05,33.05,33.1,12681968.0
2018-01-26 10:19:56.025000,33.05,33.05,33.1,12681968.0
2018-01-26 10:19:59.215000,33.05,33.05,33.1,12681968.0
2018-01-26 10:20:02.349000,33.05,33.05,33.1,12681968.0
2018-01-26 10:20:05.550000,33.05,33.05,33.1,12681968.0
2018-01-26 10:20:08.661000,33.05,33.05,33.1,12681968.0
2018-01-26 10:20:11.766000,33.05,33.05,33.1,12681968.0
2018-01-26 10:20:14.792000,33.05,33.05,33.1,12681968.0
2018-01-26 10:20:18.034000,33.05,33.05,33.1,12681968.0
2018-01-26 10:20:21.069000,33.05,33.05,33.1,12681968.0
2018-01-26 10:20:24.049000,33.05,33.05,33.1,12681968.0
2018-01-26 10:20:27.067000,33.05,33.05,33.1,12681968.0
2018-01-26 10:20:30.206000,33.05,33.05,33.1,12681968.0
2018-01-26 10:20:33.310000,33.05,33.05,33.1,12681968.0
2018-01-26 10:20:36.408000,33.05,33.05,33.1,12681968.0
2018-01-26 10:20:39.539000,33.05,33.05,33.1,12681968.0
2018-01-26 10:20:42.607000,33.05,33.05,33.1,12681968.0
2018-01-26 10:20:45.657000,33.05,33.05,33.1,12681968.0
2018-01-26 10:20:48.895000,33.1,33.05,33.1,12689468.0
2018-01-26 10:20:51.898000,33.1,33.05,33.1,12689468.0
2018-01-26 10:20:55.025000,33.1,33.05,33.1,12689468.0
2018-01-26 10:20:58.113000,33.1,33.05,33.1,12689468.0
2018-01-26 10:21:01.233000,33.1,33.05,33.1,12689468.0
2018-01-26 10:21:04.176000,33.1,33.05,33.1,12689468.0
2018-01-26 10:21:07.272000,33.1,33.05,33.1,12689468.0
2018-01-26 10:21:10.382000,33.1,33.05,33.1,12689468.0
2018-01-26 10:21:13.475000,33.1,33.05,33.1,12689468.0
2018-01-26 10:21:16.538000,33.1,33.05,33.1,12689468.0
2018-01-26 10:21:19.565000,33.1,33.05,33.1,12689468.0
2018-01-26 10:21:22.665000,33.1,33.05,33.1,12689468.0
2018-01-26 10:21:25.602000,33.1,33.05,33.1,12689468.0
2018-01-26 10:21:28.785000,33.1,33.05,33.1,12689468.0
2018-01-26 10:21:31.820000,33.1,33.05,33.1,12689468.0
2018-01-26 10:21:35.282000,33.1,33.05,33.1,12689468.0
2018-01-26 10:21:38.370000,33.1,33.05,33.1,12689468.0
2018-01-26 10:21:41.621000,33.1,33.05,33.1,12689468.0
2018-01-26 10:21:44.687000,33.1,33.05,33.1,12689468.0
2018-01-26 10:21:47.796000,33.05,33.05,33.1,12694968.0
2018-01-26 10:21:51.036000,33.05,33.05,33.1,12694968.0
2018-01-26 10:21:54.289000,33.05,33.05,33.1,12694968.0
2018-01-26 10:21:57.387000,33.05,33.05,33.1,12694968.0
2018-01-26 10:22:00.501000,33.05,33.05,33.1,12694968.0
2018-01-26 10:22:07.150000,33.05,33.05,33.1,12694968.0
2018-01-26 10:22:10.417000,33.1,33.05,33.1,12769968.0
2018-01-26 10:22:13.458000,33.1,33.05,33.1,12769968.0
2018-01-26 10:22:16.453000,33.1,33.05,33.1,12769968.0
2018-01-26 10:22:19.494000,33.1,33.05,33.1,12769968.0
2018-01-26 10:22:22.642000,33.1,33.05,33.1,12769968.0
2018-01-26 10:22:25.666000,33.1,33.05,33.1,12769968.0
2018-01-26 10:22:28.896000,33.1,33.05,33.1,12769968.0
2018-01-26 10:22:32.152000,33.1,33.05,33.1,12769968.0
2018-01-26 10:22:34.963000,33.1,33.05,33.1,12769968.0
2018-01-26 10:22:45.075000,,,,
2018-01-26 10:22:48.140000,33.1,33.05,33.1,12769968.0
2018-01-26 10:22:51.328000,33.1,33.05,33.1,12769968.0
2018-01-26 10:22:54.385000,33.1,33.05,33.1,12769968.0
2018-01-26 10:22:57.368000,33.1,33.05,33.1,12769968.0
2018-01-26 10:23:00.256000,33.1,33.05,33.1,12769968.0
2018-01-26 10:23:03.367000,33.1,33.05,33.1,12769968.0
2018-01-26 10:23:06.375000,33.1,33.1,33.15,12797168.0
2018-01-26 10:23:09.542000,33.1,33.1,33.15,12797168.0
2018-01-26 10:23:12.621000,33.1,33.1,33.15,12797168.0
2018-01-26 10:23:15.756000,33.1,33.1,33.15,12797168.0
2018-01-26 10:23:18.773000,33.1,33.05,33.1,12798168.0
2018-01-26 10:23:22.078000,33.1,33.05,33.1,12798168.0
2018-01-26 10:23:25.041000,33.1,33.05,33.1,12798168.0
2018-01-26 10:23:28.048000,33.1,33.05,33.1,12798168.0
2018-01-26 10:23:30.934000,33.1,33.05,33.1,12798168.0
2018-01-26 10:23:34.008000,33.1,33.05,33.1,12798168.0
2018-01-26 10:23:37.301000,33.1,33.05,33.1,12798168.0
2018-01-26 10:23:40.299000,33.1,33.05,33.1,12798168.0
2018-01-26 10:23:43.461000,33.1,33.05,33.1,12798168.0
2018-01-26 10:23:46.704000,33.1,33.05,33.15,12903168.0
2018-01-26 10:23:49.757000,33.1,33.05,33.15,12903168.0
2018-01-26 10:23:52.852000,33.1,33.05,33.15,12903168.0
2018-01-26 10:23:56.008000,33.1,33.05,33.15,12903168.0
2018-01-26 10:23:59.139000,33.1,33.05,33.15,12903168.0
2018-01-26 10:24:03.123000,33.1,33.05,33.15,12903168.0
2018-01-26 10:24:06.470000,33.1,33.05,33.15,12903168.0
2018-01-26 10:24:09.666000,33.1,33.05,33.15,12903168.0
2018-01-26 10:24:12.772000,33.1,33.05,33.15,12903168.0
2018-01-26 10:24:15.801000,33.1,33.05,33.15,12903168.0
2018-01-26 10:24:18.866000,33.1,33.05,33.15,12903168.0
2018-01-26 10:24:21.721000,33.1,33.05,33.15,12903168.0
2018-01-26 10:24:24.868000,33.1,33.05,33.15,12903168.0
2018-01-26 10:24:28.177000,33.1,33.05,33.15,12903168.0
2018-01-26 10:24:31.309000,33.1,33.05,33.15,12903168.0
2018-01-26 10:24:34.301000,33.1,33.05,33.15,12903168.0
2018-01-26 10:24:37.200000,33.1,33.05,33.15,12903168.0
2018-01-26 10:24:40.138000,33.1,33.05,33.15,12903168.0
2018-01-26 10:24:43.213000,33.1,33.1,33.15,12993718.0
2018-01-26 10:24:46.316000,33.1,33.1,33.15,12993718.0
2018-01-26 10:24:49.229000,33.1,33.1,33.15,12993718.0
2018-01-26 10:24:52.581000,33.1,33.1,33.15,12993718.0
2018-01-26 10:24:55.714000,33.1,33.1,33.15,12993718.0
2018-01-26 10:24:58.586000,33.1,33.1,33.15,12993718.0
2018-01-26 10:25:01.657000,33.1,33.1,33.15,12993718.0
2018-01-26 10:25:04.577000,33.1,33.1,33.15,12993718.0
2018-01-26 10:25:07.775000,33.1,33.1,33.15,12993718.0
2018-01-26 10:25:11.080000,33.1,33.1,33.15,12993718.0
2018-01-26 10:25:14.600000,33.1,33.1,33.15,12993718.0
2018-01-26 10:25:17.535000,33.1,33.1,33.15,12993718.0
2018-01-26 10:25:20.710000,33.1,33.1,33.15,12993718.0
2018-01-26 10:25:23.824000,33.1,33.1,33.15,12993718.0
2018-01-26 10:25:27.032000,33.1,33.1,33.15,12993718.0
2018-01-26 10:25:30.209000,33.1,33.1,33.15,12993718.0
2018-01-26 10:25:33.031000,33.1,33.1,33.15,12993718.0
2018-01-26 10:25:36.019000,33.1,33.1,33.15,12993718.0
2018-01-26 10:25:39.012000,33.1,33.1,33.15,12993718.0
2018-01-26 10:25:42.138000,33.1,33.1,33.15,12993718.0
2018-01-26 10:25:45.264000,33.1,33.1,33.15,12993718.0
2018-01-26 10:25:48.324000,33.1,33.1,33.15,12993718.0
2018-01-26 10:25:51.385000,33.1,33.1,33.15,12993718.0
2018-01-26 10:25:54.481000,33.1,33.1,33.15,12993718.0
2018-01-26 10:25:57.490000,33.1,33.1,33.15,12993718.0
2018-01-26 10:26:00.204000,33.1,33.1,33.15,12994718.0
2018-01-26 10:26:03.249000,33.1,33.1,33.15,12994718.0
2018-01-26 10:26:06.216000,33.1,33.1,33.15,12994718.0
2018-01-26 10:26:09.182000,33.1,33.1,33.15,12994718.0
2018-01-26 10:26:12.388000,33.1,33.1,33.15,12994718.0
2018-01-26 10:26:15.484000,33.1,33.1,33.15,12994718.0
2018-01-26 10:26:18.589000,33.1,33.1,33.15,12994718.0
2018-01-26 10:26:21.659000,33.1,33.1,33.15,12994718.0
2018-01-26 10:26:24.842000,33.1,33.1,33.15,12994718.0
2018-01-26 10:26:28.341000,33.1,33.1,33.15,12994718.0
2018-01-26 10:26:31.594000,33.1,33.1,33.15,12994718.0
2018-01-26 10:26:34.653000,33.1,33.1,33.15,12994718.0
2018-01-26 10:26:37.640000,33.1,33.05,33.1,13096218.0
2018-01-26 10:26:40.575000,33.1,33.05,33.1,13096218.0
2018-01-26 10:26:43.592000,33.1,33.05,33.1,13096218.0
2018-01-26 10:26:46.564000,33.1,33.05,33.1,13096218.0
2018-01-26 10:26:49.738000,33.1,33.05,33.1,13096218.0
2018-01-26 10:26:52.890000,33.1,33.05,33.1,13096218.0
2018-01-26 10:26:55.924000,33.1,33.05,33.1,13096218.0
2018-01-26 10:26:59.081000,33.1,33.05,33.1,13096218.0
2018-01-26 10:27:02.334000,33.1,33.05,33.1,13096218.0
2018-01-26 10:27:05.344000,33.1,33.05,33.1,13096218.0
2018-01-26 10:27:08.435000,33.1,33.05,33.1,13096218.0
2018-01-26 10:27:11.577000,33.1,33.05,33.1,13096218.0
2018-01-26 10:27:14.548000,33.1,33.05,33.1,13096218.0
2018-01-26 10:27:17.671000,33.1,33.05,33.1,13096218.0
2018-01-26 10:27:20.976000,33.1,33.05,33.1,13096218.0
2018-01-26 10:27:24.171000,33.1,33.05,33.1,13096218.0
2018-01-26 10:27:27.282000,33.1,33.05,33.1,13096218.0
2018-01-26 10:27:30.452000,33.1,33.05,33.1,13096218.0
2018-01-26 10:27:33.606000,33.1,33.05,33.1,13096218.0
2018-01-26 10:27:36.750000,33.1,33.05,33.1,13096218.0
2018-01-26 10:27:39.785000,33.1,33.05,33.1,13096218.0
2018-01-26 10:27:42.776000,33.1,33.05,33.1,13096218.0
2018-01-26 10:27:45.926000,33.1,33.05,33.1,13096218.0
2018-01-26 10:27:48.950000,33.1,33.05,33.1,13096218.0
2018-01-26 10:27:51.907000,33.1,33.05,33.1,13096218.0
2018-01-26 10:27:54.982000,33.1,33.05,33.1,13552969.0
2018-01-26 10:27:57.973000,33.1,33.05,33.1,13552969.0
2018-01-26 10:28:01.237000,33.1,33.05,33.1,13552969.0
2018-01-26 10:28:04.327000,33.1,33.05,33.1,13552969.0
2018-01-26 10:28:07.321000,33.1,33.05,33.1,13552969.0
2018-01-26 10:28:10.406000,33.1,33.05,33.1,13552969.0
2018-01-26 10:28:13.349000,33.1,33.05,33.1,13552969.0
2018-01-26 10:28:16.629000,33.1,33.05,33.1,13552969.0
2018-01-26 10:28:19.766000,33.1,33.05,33.1,13552969.0
2018-01-26 10:28:22.864000,33.1,33.05,33.1,13552969.0
2018-01-26 10:28:25.754000,33.1,33.05,33.1,13552969.0
2018-01-26 10:28:28.938000,33.1,33.05,33.1,13552969.0
2018-01-26 10:28:31.999000,33.1,33.05,33.1,13552969.0
2018-01-26 10:28:34.894000,33.1,33.05,33.1,13552969.0
2018-01-26 10:28:38.935000,33.1,33.05,33.1,13552969.0
2018-01-26 10:28:41.850000,33.1,33.05,33.1,13552969.0
2018-01-26 10:28:44.829000,33.1,33.05,33.1,13552969.0
2018-01-26 10:28:47.924000,33.1,33.05,33.1,13552969.0
2018-01-26 10:28:50.798000,33.1,33.05,33.1,13552969.0
2018-01-26 10:28:53.673000,33.1,33.05,33.1,13552969.0
2018-01-26 10:28:56.668000,33.1,33.05,33.1,13552969.0
2018-01-26 10:29:01.478000,33.1,33.05,33.1,13552969.0
2018-01-26 10:29:04.406000,33.1,33.05,33.1,13552969.0
2018-01-26 10:29:07.570000,33.15,33.1,33.15,13614969.0
2018-01-26 10:29:10.768000,33.15,33.1,33.15,13614969.0
2018-01-26 10:29:13.611000,33.15,33.1,33.15,13614969.0
2018-01-26 10:29:16.714000,33.15,33.1,33.15,13614969.0
2018-01-26 10:29:21.331000,33.15,33.1,33.15,13614969.0
2018-01-26 10:29:24.578000,33.15,33.1,33.15,13614969.0
2018-01-26 10:29:27.800000,33.15,33.1,33.15,13614969.0
2018-01-26 10:29:30.805000,33.15,33.1,33.15,13614969.0
2018-01-26 10:29:34,33.15,33.1,33.15,13614969.0
2018-01-26 10:29:37.036000,33.15,33.1,33.15,13614969.0
2018-01-26 10:29:40.178000,33.15,33.1,33.15,13614969.0
2018-01-26 10:29:43.233000,33.15,33.1,33.15,13614969.0
2018-01-26 10:29:46.167000,33.15,33.1,33.15,13614969.0
2018-01-26 10:29:49.500000,33.15,33.1,33.15,13614969.0
2018-01-26 10:29:52.620000,33.15,33.1,33.15,13614969.0
2018-01-26 10:29:55.682000,33.15,33.1,33.15,13614969.0
2018-01-26 10:29:58.954000,33.15,33.1,33.15,13614969.0
2018-01-26 10:30:02.129000,33.15,33.1,33.15,13614969.0
2018-01-26 10:30:05.192000,33.1,33.1,33.15,13625469.0
2018-01-26 10:30:08.285000,33.1,33.1,33.15,13625469.0
2018-01-26 10:30:11.255000,33.1,33.1,33.15,13625469.0
2018-01-26 10:30:14.521000,33.1,33.1,33.15,13625469.0
2018-01-26 10:30:17.737000,33.1,33.1,33.15,13625469.0
2018-01-26 10:30:20.743000,33.1,33.1,33.15,13625469.0
2018-01-26 10:30:23.798000,33.1,33.1,33.15,13625469.0
2018-01-26 10:30:26.949000,33.1,33.1,33.15,13625469.0
2018-01-26 10:30:29.927000,33.1,33.1,33.15,13625469.0
2018-01-26 10:30:33.068000,33.1,33.1,33.15,13625469.0
2018-01-26 10:30:36.116000,33.1,33.1,33.15,13625469.0
2018-01-26 10:30:39.065000,33.1,33.1,33.15,13625469.0
2018-01-26 10:30:42.037000,33.1,33.1,33.15,13625469.0
2018-01-26 10:30:45.209000,33.1,33.1,33.15,13625469.0
2018-01-26 10:30:48.306000,33.1,33.1,33.15,13625469.0
2018-01-26 10:30:51.609000,33.1,33.1,33.15,13625469.0
2018-01-26 10:30:54.612000,33.1,33.1,33.15,13625469.0
2018-01-26 10:30:57.897000,33.1,33.1,33.15,13625469.0
2018-01-26 10:31:00.850000,33.1,33.1,33.15,13625469.0
2018-01-26 10:31:04.002000,33.1,33.1,33.15,13625469.0
2018-01-26 10:31:07.084000,33.1,33.1,33.15,13625469.0
2018-01-26 10:31:10.147000,33.1,33.1,33.15,13625469.0
2018-01-26 10:31:13.077000,33.1,33.1,33.15,13625469.0
2018-01-26 10:31:16.095000,33.1,33.1,33.15,13625469.0
2018-01-26 10:31:18.972000,33.05,33.05,33.1,13635469.0
2018-01-26 10:31:22.013000,33.05,33.05,33.1,13635469.0
2018-01-26 10:31:25.085000,33.05,33.05,33.1,13635469.0
2018-01-26 10:31:27.879000,33.05,33.05,33.1,13635469.0
2018-01-26 10:31:31.216000,33.05,33.05,33.1,13635469.0
2018-01-26 10:31:34.504000,33.05,33.05,33.1,13635469.0
2018-01-26 10:31:37.456000,33.05,33.05,33.1,13635469.0
2018-01-26 10:31:40.716000,33.05,33.05,33.1,13635469.0
2018-01-26 10:31:43.802000,33.05,33.05,33.1,13635469.0
2018-01-26 10:31:46.695000,33.05,33.05,33.1,13635469.0
2018-01-26 10:31:51.136000,33.05,33.05,33.1,13635469.0
2018-01-26 10:31:54.261000,33.05,33.05,33.1,13635469.0
2018-01-26 10:31:57.206000,33.05,33.05,33.1,13635469.0
2018-01-26 10:32:00.379000,33.05,33.05,33.1,13635469.0
2018-01-26 10:32:03.263000,33.05,33.05,33.1,13635469.0
2018-01-26 10:32:06.269000,33.05,33.05,33.1,13635469.0
2018-01-26 10:32:09.555000,33.05,33.05,33.1,13635469.0
2018-01-26 10:32:12.737000,33.05,33.05,33.1,13635469.0
2018-01-26 10:32:15.816000,33.1,33.05,33.15,13644664.0
2018-01-26 10:32:18.798000,33.1,33.05,33.15,13644664.0
2018-01-26 10:32:21.853000,33.1,33.05,33.15,13644664.0
2018-01-26 10:32:24.989000,33.1,33.05,33.15,13644664.0
2018-01-26 10:32:28.012000,33.1,33.05,33.15,13644664.0
2018-01-26 10:32:31.181000,33.1,33.05,33.15,13644664.0
2018-01-26 10:32:34.115000,33.1,33.05,33.15,13644664.0
2018-01-26 10:32:37.305000,33.1,33.05,33.15,13644664.0
2018-01-26 10:32:40.323000,33.1,33.05,33.15,13644664.0
2018-01-26 10:32:43.416000,33.1,33.05,33.15,13644664.0
2018-01-26 10:32:46.410000,33.1,33.05,33.15,13644664.0
2018-01-26 10:32:49.709000,33.1,33.05,33.15,13644664.0
2018-01-26 10:32:53.189000,33.1,33.05,33.15,13644664.0
2018-01-26 10:32:56.487000,33.1,33.05,33.15,13644664.0
2018-01-26 10:32:59.502000,33.1,33.05,33.15,13644664.0
2018-01-26 10:33:02.431000,33.1,33.05,33.15,13644664.0
2018-01-26 10:33:05.525000,33.1,33.05,33.15,13644664.0
2018-01-26 10:33:08.670000,33.1,33.05,33.15,13644664.0
2018-01-26 10:33:11.997000,33.05,33.05,33.1,14088164.0
2018-01-26 10:33:15.025000,33.05,33.05,33.1,14088164.0
2018-01-26 10:33:18.025000,33.05,33.05,33.1,14088164.0
2018-01-26 10:33:20.977000,33.05,33.05,33.1,14088164.0
2018-01-26 10:33:23.827000,33.05,33.05,33.1,14088164.0
2018-01-26 10:33:27.013000,33.05,33.05,33.1,14088164.0
2018-01-26 10:33:30.153000,33.05,33.05,33.1,14088164.0
2018-01-26 10:33:33.146000,33.05,33.05,33.1,14088164.0
2018-01-26 10:33:36.267000,33.05,33.05,33.1,14088164.0
2018-01-26 10:33:39.290000,33.05,33.05,33.1,14088164.0
2018-01-26 10:33:42.422000,33.05,33.05,33.1,14088164.0
2018-01-26 10:33:45.533000,33.05,33.05,33.1,14088164.0
2018-01-26 10:33:48.862000,33.05,33.05,33.1,14088164.0
2018-01-26 10:33:51.886000,33.05,33.05,33.1,14088164.0
2018-01-26 10:33:55.010000,33.05,33.05,33.1,14088164.0
2018-01-26 10:33:58.081000,33.05,33.05,33.1,14088164.0
2018-01-26 10:34:01.224000,33.05,33.05,33.1,14088164.0
2018-01-26 10:34:04.320000,33.05,33.05,33.1,14088164.0
2018-01-26 10:34:07.417000,33.05,33.05,33.1,14088164.0
2018-01-26 10:34:10.883000,33.05,33.05,33.1,14088164.0
2018-01-26 10:34:18.819000,33.05,33.05,33.1,14088164.0
2018-01-26 10:34:21.781000,33.05,33.05,33.1,14088164.0
2018-01-26 10:34:24.867000,33.05,33.05,33.1,14088164.0
2018-01-26 10:34:27.857000,33.05,33.05,33.1,14088164.0
2018-01-26 10:34:31.350000,33.05,33.05,33.1,14088164.0
2018-01-26 10:34:34.805000,33.05,33.05,33.1,14088164.0
2018-01-26 10:34:37.965000,33.05,33.05,33.1,14088164.0
2018-01-26 10:34:41.493000,33.05,33.05,33.1,14088164.0
2018-01-26 10:34:44.669000,33.05,33.05,33.1,14088164.0
2018-01-26 10:34:47.667000,33.05,33.05,33.1,14088164.0
2018-01-26 10:34:50.731000,33.05,33.05,33.1,14088164.0
2018-01-26 10:34:53.845000,33.05,33.05,33.1,14088164.0
2018-01-26 10:34:57.154000,33.05,33.05,33.1,14088164.0
2018-01-26 10:35:00.648000,33.05,33.05,33.1,14088164.0
2018-01-26 10:35:03.686000,33.05,33.05,33.1,14088164.0
2018-01-26 10:35:06.748000,33.05,33.05,33.1,14088164.0
2018-01-26 10:35:09.715000,33.05,33.05,33.1,14088164.0
2018-01-26 10:35:12.903000,33.05,33.05,33.1,14088164.0
2018-01-26 10:35:15.992000,33.05,33.05,33.1,14088164.0
2018-01-26 10:35:24.449000,33.05,33.05,33.1,14088164.0
2018-01-26 10:35:28.128000,33.1,33.05,33.1,14102664.0
2018-01-26 10:35:31.435000,33.1,33.05,33.1,14102664.0
2018-01-26 10:35:34.682000,33.1,33.05,33.1,14102664.0
2018-01-26 10:35:38.101000,33.1,33.05,33.1,14102664.0
2018-01-26 10:35:41.606000,33.1,33.05,33.1,14102664.0
2018-01-26 10:35:49.184000,33.1,33.05,33.1,14102664.0
2018-01-26 10:35:54.792000,33.1,33.05,33.1,14102664.0
2018-01-26 10:36:14.308000,33.1,33.05,33.1,14102664.0
2018-01-26 10:36:18.866000,33.1,33.05,33.1,14102664.0
2018-01-26 10:36:21.866000,33.1,33.05,33.1,14102664.0
2018-01-26 10:36:24.963000,33.1,33.05,33.1,14102664.0
2018-01-26 10:36:28.175000,33.1,33.05,33.1,14102664.0
2018-01-26 10:36:31.498000,33.1,33.05,33.1,14102664.0
2018-01-26 10:36:34.559000,33.1,33.05,33.1,14102664.0
2018-01-26 10:36:37.500000,33.1,33.05,33.1,14109664.0
2018-01-26 10:36:40.469000,33.1,33.05,33.1,14109664.0
2018-01-26 10:36:43.562000,33.1,33.05,33.1,14109664.0
2018-01-26 10:36:46.656000,33.1,33.05,33.1,14109664.0
2018-01-26 10:36:49.903000,33.1,33.05,33.1,14109664.0
2018-01-26 10:36:52.890000,33.1,33.05,33.1,14109664.0
2018-01-26 10:36:56.066000,33.1,33.05,33.1,14109664.0
2018-01-26 10:36:59.219000,33.1,33.05,33.1,14109664.0
2018-01-26 10:37:02.156000,33.1,33.05,33.1,14109664.0
2018-01-26 10:37:05.050000,33.1,33.05,33.1,14109664.0
2018-01-26 10:37:07.928000,33.1,33.05,33.1,14109664.0
2018-01-26 10:37:10.860000,33.1,33.05,33.1,14109664.0
2018-01-26 10:37:13.994000,33.1,33.05,33.1,14109664.0
2018-01-26 10:37:16.846000,33.1,33.05,33.15,14315164.0
2018-01-26 10:37:19.872000,33.1,33.05,33.15,14315164.0
2018-01-26 10:37:22.967000,33.1,33.05,33.15,14315164.0
2018-01-26 10:37:25.999000,33.1,33.05,33.15,14315164.0
2018-01-26 10:37:29.115000,33.1,33.05,33.15,14315164.0
2018-01-26 10:37:32.065000,33.1,33.05,33.15,14315164.0
2018-01-26 10:37:35.035000,33.1,33.05,33.15,14315164.0
2018-01-26 10:37:38.052000,33.1,33.05,33.15,14315164.0
2018-01-26 10:37:40.982000,33.1,33.05,33.15,14315164.0
2018-01-26 10:37:43.764000,33.1,33.05,33.15,14315164.0
2018-01-26 10:37:46.726000,33.1,33.05,33.15,14315164.0
2018-01-26 10:37:49.732000,33.1,33.05,33.15,14315164.0
2018-01-26 10:37:52.673000,33.1,33.05,33.15,14315164.0
2018-01-26 10:37:56.037000,33.1,33.05,33.15,14315164.0
2018-01-26 10:37:59.068000,33.1,33.05,33.15,14315164.0
2018-01-26 10:38:02.084000,33.1,33.05,33.15,14315164.0
2018-01-26 10:38:05.172000,33.1,33.05,33.15,14315164.0
2018-01-26 10:38:08.783000,33.1,33.05,33.15,14315164.0
2018-01-26 10:38:12.096000,33.1,33.05,33.15,14315164.0
2018-01-26 10:38:15.247000,33.1,33.05,33.15,14315164.0
2018-01-26 10:38:18.414000,33.1,33.05,33.15,14315164.0
2018-01-26 10:38:21.493000,33.1,33.05,33.15,14315164.0
2018-01-26 10:38:24.391000,33.1,33.05,33.15,14315164.0
2018-01-26 10:38:27.352000,33.1,33.05,33.15,14315164.0
2018-01-26 10:38:30.482000,33.1,33.05,33.15,14315164.0
2018-01-26 10:38:33.562000,33.1,33.05,33.15,14315164.0
2018-01-26 10:38:36.476000,33.1,33.05,33.15,14315164.0
2018-01-26 10:38:39.577000,33.1,33.05,33.15,14315164.0
2018-01-26 10:38:42.617000,33.1,33.05,33.15,14315164.0
2018-01-26 10:38:45.642000,33.1,33.05,33.15,14315164.0
2018-01-26 10:38:48.721000,33.1,33.05,33.15,14315164.0
2018-01-26 10:38:51.887000,33.1,33.05,33.15,14315164.0
2018-01-26 10:38:55.079000,33.1,33.05,33.15,14315164.0
2018-01-26 10:38:58.175000,33.1,33.05,33.15,14315164.0
2018-01-26 10:39:01.220000,33.1,33.05,33.15,14315164.0
2018-01-26 10:39:04.306000,33.1,33.1,33.15,14367664.0
2018-01-26 10:39:07.487000,33.1,33.1,33.15,14367664.0
2018-01-26 10:39:10.549000,33.1,33.1,33.15,14367664.0
2018-01-26 10:39:13.587000,33.1,33.1,33.15,14367664.0
2018-01-26 10:39:16.610000,33.1,33.1,33.15,14367664.0
2018-01-26 10:39:19.641000,33.1,33.1,33.15,14367664.0
2018-01-26 10:39:22.537000,33.1,33.1,33.15,14367664.0
2018-01-26 10:39:25.611000,33.1,33.1,33.15,14367664.0
2018-01-26 10:39:28.644000,33.1,33.1,33.15,14367664.0
2018-01-26 10:39:31.793000,33.1,33.1,33.15,14367664.0
2018-01-26 10:39:34.719000,33.1,33.1,33.15,14367664.0
2018-01-26 10:39:37.889000,33.1,33.1,33.15,14367664.0
2018-01-26 10:39:40.877000,33.1,33.1,33.15,14367664.0
2018-01-26 10:39:43.862000,33.1,33.1,33.15,14367664.0
2018-01-26 10:39:46.939000,33.1,33.1,33.15,14367664.0
2018-01-26 10:39:50.128000,33.1,33.1,33.15,14367664.0
2018-01-26 10:39:53.056000,33.1,33.1,33.15,14367664.0
2018-01-26 10:39:56.270000,33.1,33.1,33.15,14367664.0
2018-01-26 10:39:59.366000,33.1,33.1,33.15,14367664.0
2018-01-26 10:40:02.160000,33.1,33.1,33.15,14367664.0
2018-01-26 10:40:05.144000,33.1,33.1,33.15,14367664.0
2018-01-26 10:40:08.223000,33.1,33.1,33.15,14367664.0
2018-01-26 10:40:11.146000,33.1,33.1,33.15,14367664.0
2018-01-26 10:40:13.897000,33.1,33.1,33.15,14367664.0
2018-01-26 10:40:16.956000,33.1,33.1,33.15,14367664.0
2018-01-26 10:40:19.800000,33.1,33.1,33.15,14367664.0
2018-01-26 10:40:22.990000,33.1,33.1,33.15,14367664.0
2018-01-26 10:40:25.998000,33.1,33.1,33.15,14367664.0
2018-01-26 10:40:29.002000,33.1,33.1,33.15,14367664.0
2018-01-26 10:40:32.212000,33.1,33.1,33.15,14367664.0
2018-01-26 10:40:35.278000,33.1,33.1,33.15,14367664.0
2018-01-26 10:40:38.482000,33.1,33.1,33.15,14367664.0
2018-01-26 10:40:41.520000,33.1,33.1,33.15,14367664.0
2018-01-26 10:40:44.565000,33.1,33.1,33.15,14367664.0
2018-01-26 10:40:47.467000,33.1,33.1,33.15,14367664.0
2018-01-26 10:40:50.499000,33.1,33.1,33.15,14369664.0
2018-01-26 10:40:53.618000,33.1,33.1,33.15,14369664.0
2018-01-26 10:40:56.569000,33.1,33.1,33.15,14369664.0
2018-01-26 10:40:59.494000,33.1,33.1,33.15,14369664.0
2018-01-26 10:41:02.448000,33.1,33.1,33.15,14369664.0
2018-01-26 10:41:05.662000,33.1,33.1,33.15,14369664.0
2018-01-26 10:41:08.722000,33.1,33.1,33.15,14369664.0
2018-01-26 10:41:11.551000,33.1,33.1,33.15,14369664.0
2018-01-26 10:41:14.495000,33.1,33.1,33.15,14369664.0
2018-01-26 10:41:17.418000,33.1,33.1,33.15,14369664.0
2018-01-26 10:41:20.413000,33.1,33.1,33.15,14369664.0
2018-01-26 10:41:23.598000,33.1,33.1,33.15,14369664.0
2018-01-26 10:41:26.693000,33.1,33.1,33.15,14369664.0
2018-01-26 10:41:29.628000,33.1,33.1,33.15,14369664.0
2018-01-26 10:41:32.585000,33.1,33.1,33.15,14369664.0
2018-01-26 10:41:35.693000,33.1,33.1,33.15,14369664.0
2018-01-26 10:41:38.844000,33.1,33.1,33.15,14369664.0
2018-01-26 10:41:41.870000,33.1,33.1,33.15,14369664.0
2018-01-26 10:41:44.881000,33.1,33.1,33.15,14369664.0
2018-01-26 10:41:47.985000,33.1,33.1,33.15,14369664.0
2018-01-26 10:41:51.111000,33.1,33.1,33.15,14369664.0
2018-01-26 10:41:54.054000,33.1,33.1,33.15,14369664.0
2018-01-26 10:41:57.028000,33.1,33.1,33.15,14369664.0
2018-01-26 10:42:00.021000,33.1,33.1,33.15,14369664.0
2018-01-26 10:42:02.995000,33.1,33.1,33.15,14369664.0
2018-01-26 10:42:06.107000,33.1,33.1,33.15,14369664.0
2018-01-26 10:42:09.179000,33.1,33.1,33.15,14369664.0
2018-01-26 10:42:12.241000,33.1,33.1,33.15,14369664.0
2018-01-26 10:42:15.476000,33.1,33.1,33.15,14369664.0
2018-01-26 10:42:18.602000,33.1,33.1,33.15,14369664.0
2018-01-26 10:42:21.655000,33.1,33.1,33.15,14369664.0
2018-01-26 10:42:24.693000,33.1,33.1,33.15,14369664.0
2018-01-26 10:42:27.546000,33.1,33.1,33.15,14369664.0
2018-01-26 10:42:30.571000,33.1,33.1,33.15,14369664.0
2018-01-26 10:42:33.590000,33.1,33.1,33.15,14380150.0
2018-01-26 10:42:36.809000,33.1,33.1,33.15,14380150.0
2018-01-26 10:42:39.691000,33.1,33.1,33.15,14380150.0
2018-01-26 10:42:42.723000,33.1,33.1,33.15,14380150.0
2018-01-26 10:42:45.842000,33.1,33.1,33.15,14380150.0
2018-01-26 10:42:48.827000,33.1,33.1,33.15,14380150.0
2018-01-26 10:42:51.746000,33.1,33.1,33.15,14380150.0
2018-01-26 10:42:54.624000,33.1,33.1,33.15,14380150.0
2018-01-26 10:42:57.642000,33.1,33.1,33.15,14380150.0
2018-01-26 10:43:00.476000,33.1,33.1,33.15,14380150.0
2018-01-26 10:43:03.420000,33.1,33.1,33.15,14380150.0
2018-01-26 10:43:06.384000,33.1,33.1,33.15,14380150.0
2018-01-26 10:43:09.298000,33.1,33.1,33.15,14380150.0
2018-01-26 10:43:12.260000,33.1,33.1,33.15,14436150.0
2018-01-26 10:43:15.068000,33.1,33.1,33.15,14436150.0
2018-01-26 10:43:18.681000,33.1,33.05,33.15,14504150.0
2018-01-26 10:43:21.807000,33.1,33.05,33.15,14504150.0
2018-01-26 10:43:24.819000,33.1,33.05,33.15,14504150.0
2018-01-26 10:43:27.832000,33.1,33.05,33.15,14504150.0
2018-01-26 10:43:31.040000,33.1,33.05,33.15,14504150.0
2018-01-26 10:43:33.995000,33.1,33.05,33.15,14504150.0
2018-01-26 10:43:37.070000,33.1,33.05,33.15,14504150.0
2018-01-26 10:43:40.102000,33.1,33.05,33.15,14504150.0
2018-01-26 10:43:43.141000,33.1,33.05,33.15,14504150.0
2018-01-26 10:43:46.053000,33.1,33.05,33.15,14504150.0
2018-01-26 10:43:48.950000,33.1,33.05,33.15,14504150.0
2018-01-26 10:43:51.786000,33.1,33.05,33.15,14504150.0
2018-01-26 10:43:54.835000,33.1,33.05,33.15,14504150.0
2018-01-26 10:43:57.880000,33.1,33.05,33.15,14504150.0
2018-01-26 10:44:00.792000,33.1,33.05,33.15,14504150.0
2018-01-26 10:44:04.011000,33.1,33.05,33.15,14504150.0
2018-01-26 10:44:07.279000,33.1,33.05,33.15,14504150.0
2018-01-26 10:44:10.213000,33.1,33.1,33.15,14709150.0
2018-01-26 10:44:13.550000,33.1,33.1,33.15,14709150.0
2018-01-26 10:44:16.542000,33.1,33.1,33.15,14709150.0
2018-01-26 10:44:19.514000,33.1,33.1,33.15,14709150.0
2018-01-26 10:44:22.509000,33.1,33.1,33.15,14709150.0
2018-01-26 10:44:25.790000,33.1,33.1,33.15,14709150.0
2018-01-26 10:44:28.730000,33.1,33.1,33.15,14709150.0
2018-01-26 10:44:31.831000,33.1,33.1,33.15,14709150.0
2018-01-26 10:44:34.917000,33.1,33.1,33.15,14709150.0
2018-01-26 10:44:37.761000,33.1,33.1,33.15,14709150.0
2018-01-26 10:44:40.664000,33.1,33.1,33.15,14709150.0
2018-01-26 10:44:43.622000,33.1,33.1,33.15,14709150.0
2018-01-26 10:44:46.483000,33.1,33.1,33.15,14709150.0
2018-01-26 10:44:49.425000,33.1,33.1,33.15,14709150.0
2018-01-26 10:44:52.281000,33.1,33.1,33.15,14709150.0
2018-01-26 10:44:55.121000,33.1,33.1,33.15,14709150.0
2018-01-26 10:44:58.110000,33.1,33.1,33.15,14709150.0
2018-01-26 10:45:01.159000,33.1,33.1,33.15,14709150.0
2018-01-26 10:45:04.074000,33.1,33.1,33.15,14709150.0
2018-01-26 10:45:07.002000,33.1,33.1,33.15,14709150.0
2018-01-26 10:45:09.883000,33.1,33.1,33.15,14709150.0
2018-01-26 10:45:12.597000,33.1,33.1,33.15,14709150.0
2018-01-26 10:45:15.400000,33.15,33.05,33.15,14712150.0
2018-01-26 10:45:18.409000,33.15,33.05,33.15,14712150.0
2018-01-26 10:45:21.268000,33.15,33.05,33.15,14712150.0
2018-01-26 10:45:24.114000,33.15,33.05,33.15,14712150.0
2018-01-26 10:45:26.996000,33.15,33.05,33.15,14712150.0
2018-01-26 10:45:29.902000,33.15,33.05,33.15,14712150.0
2018-01-26 10:45:32.813000,33.15,33.05,33.15,14712150.0
2018-01-26 10:45:35.559000,33.15,33.05,33.15,14712150.0
2018-01-26 10:45:38.715000,33.15,33.05,33.15,14712150.0
2018-01-26 10:45:41.478000,33.15,33.05,33.15,14712150.0
2018-01-26 10:45:44.425000,33.15,33.05,33.15,14712150.0
2018-01-26 10:45:47.261000,33.1,33.1,33.15,14742650.0
2018-01-26 10:45:50.043000,33.1,33.1,33.15,14742650.0
2018-01-26 10:45:53.004000,33.1,33.1,33.15,14742650.0
2018-01-26 10:45:55.909000,33.1,33.1,33.15,14742650.0
2018-01-26 10:45:58.822000,33.1,33.1,33.15,14742650.0
2018-01-26 10:46:01.627000,33.1,33.1,33.15,14742650.0
2018-01-26 10:46:04.541000,33.1,33.1,33.15,14742650.0
2018-01-26 10:46:07.482000,33.1,33.1,33.15,14742650.0
2018-01-26 10:46:10.369000,33.1,33.1,33.15,14742650.0
2018-01-26 10:46:13.333000,33.1,33.1,33.15,14742650.0
2018-01-26 10:46:16.467000,33.1,33.1,33.15,14742650.0
2018-01-26 10:46:19.658000,33.1,33.05,33.1,15016650.0
2018-01-26 10:46:22.640000,33.1,33.05,33.1,15016650.0
2018-01-26 10:46:25.723000,33.1,33.05,33.1,15016650.0
2018-01-26 10:46:28.819000,33.1,33.05,33.1,15016650.0
2018-01-26 10:46:31.936000,33.1,33.05,33.1,15016650.0
2018-01-26 10:46:34.915000,33.1,33.05,33.1,15016650.0
2018-01-26 10:46:38.116000,33.1,33.05,33.1,15016650.0
2018-01-26 10:46:41.192000,33.1,33.05,33.1,15016650.0
2018-01-26 10:46:44.086000,33.1,33.05,33.1,15016650.0
2018-01-26 10:46:46.905000,33.1,33.05,33.1,15016650.0
2018-01-26 10:46:49.878000,33.1,33.05,33.1,15016650.0
2018-01-26 10:46:52.999000,33.1,33.05,33.1,15016650.0
2018-01-26 10:46:55.996000,33.1,33.05,33.1,15016650.0
2018-01-26 10:46:58.905000,33.1,33.05,33.1,15016650.0
2018-01-26 10:47:01.896000,33.1,33.05,33.1,15016650.0
2018-01-26 10:47:04.937000,33.1,33.05,33.1,15016650.0
2018-01-26 10:47:07.876000,33.1,33.05,33.1,15016650.0
2018-01-26 10:47:11.045000,33.1,33.05,33.1,15016650.0
2018-01-26 10:47:14.175000,33.1,33.05,33.1,15016650.0
2018-01-26 10:47:17.186000,33.1,33.05,33.1,15016650.0
2018-01-26 10:47:20.293000,33.1,33.05,33.1,15016650.0
2018-01-26 10:47:23.390000,33.1,33.05,33.1,15016650.0
2018-01-26 10:47:26.314000,33.1,33.05,33.1,15016650.0
2018-01-26 10:47:29.453000,33.1,33.1,33.15,15119650.0
2018-01-26 10:47:32.636000,33.1,33.1,33.15,15119650.0
2018-01-26 10:47:35.841000,33.1,33.1,33.15,15119650.0
2018-01-26 10:47:39.022000,33.1,33.1,33.15,15119650.0
2018-01-26 10:47:42.234000,33.1,33.1,33.15,15119650.0
2018-01-26 10:47:45.733000,33.1,33.1,33.15,15119650.0
2018-01-26 10:47:48.665000,33.1,33.1,33.15,15119650.0
2018-01-26 10:47:51.734000,33.1,33.1,33.15,15119650.0
2018-01-26 10:47:54.709000,33.1,33.1,33.15,15119650.0
2018-01-26 10:47:57.564000,33.1,33.1,33.15,15119650.0
2018-01-26 10:48:00.637000,33.1,33.1,33.15,15119650.0
2018-01-26 10:48:03.441000,33.1,33.1,33.15,15119650.0
2018-01-26 10:48:06.326000,33.1,33.1,33.15,15119650.0
2018-01-26 10:48:09.322000,33.1,33.1,33.15,15119650.0
2018-01-26 10:48:12.446000,33.1,33.1,33.15,15119650.0
2018-01-26 10:48:15.530000,33.1,33.1,33.15,15119650.0
2018-01-26 10:48:18.565000,33.1,33.1,33.15,15119650.0
2018-01-26 10:48:22.337000,33.1,33.1,33.15,15119650.0
2018-01-26 10:48:25.341000,33.1,33.1,33.15,15119650.0
2018-01-26 10:48:28.605000,33.1,33.1,33.15,15119650.0
2018-01-26 10:48:31.702000,33.1,33.1,33.15,15119650.0
2018-01-26 10:48:34.739000,33.1,33.1,33.15,15119650.0
2018-01-26 10:48:37.611000,33.1,33.1,33.15,15119650.0
2018-01-26 10:48:40.764000,33.1,33.1,33.15,15119650.0
2018-01-26 10:48:43.876000,33.1,33.1,33.15,15119650.0
2018-01-26 10:48:46.896000,33.1,33.1,33.15,15119650.0
2018-01-26 10:48:49.758000,33.1,33.1,33.15,15119650.0
2018-01-26 10:48:52.895000,33.1,33.1,33.15,15119650.0
2018-01-26 10:48:55.905000,33.1,33.1,33.15,15119650.0
2018-01-26 10:48:58.573000,33.1,33.1,33.15,15119650.0
2018-01-26 10:49:01.300000,33.1,33.1,33.15,15119650.0
2018-01-26 10:49:04.437000,33.1,33.1,33.15,15119650.0
2018-01-26 10:49:07.790000,33.1,33.1,33.15,15119650.0
2018-01-26 10:49:10.845000,33.1,33.1,33.15,15119650.0
2018-01-26 10:49:13.948000,33.1,33.1,33.15,15120150.0
2018-01-26 10:49:17.001000,33.1,33.1,33.15,15120150.0
2018-01-26 10:49:20.047000,33.1,33.1,33.15,15120150.0
2018-01-26 10:49:22.808000,33.1,33.1,33.15,15120150.0
2018-01-26 10:49:25.640000,33.1,33.1,33.15,15120150.0
2018-01-26 10:49:28.394000,33.1,33.1,33.15,15120150.0
2018-01-26 10:49:31.296000,33.1,33.1,33.15,15120150.0
2018-01-26 10:49:34.343000,33.1,33.1,33.15,15120150.0
2018-01-26 10:49:37.263000,33.1,33.1,33.15,15120150.0
2018-01-26 10:49:40.201000,33.1,33.1,33.15,15120150.0
2018-01-26 10:49:43.023000,33.1,33.1,33.15,15120150.0
2018-01-26 10:49:46.227000,33.1,33.1,33.15,15120150.0
2018-01-26 10:49:49.030000,33.1,33.05,33.1,15244650.0
2018-01-26 10:49:52.267000,33.1,33.05,33.1,15244650.0
2018-01-26 10:49:55.456000,33.1,33.05,33.1,15244650.0
2018-01-26 10:49:58.504000,33.1,33.05,33.1,15244650.0
2018-01-26 10:50:01.564000,33.1,33.05,33.1,15244650.0
2018-01-26 10:50:04.615000,33.1,33.05,33.1,15244650.0
2018-01-26 10:50:07.907000,33.1,33.05,33.1,15244650.0
2018-01-26 10:50:11.071000,33.1,33.05,33.1,15244650.0
2018-01-26 10:50:14.247000,33.1,33.05,33.1,15244650.0
2018-01-26 10:50:17.305000,33.1,33.05,33.1,15244650.0
2018-01-26 10:50:22.410000,33.1,33.05,33.1,15244650.0
2018-01-26 10:50:25.374000,33.1,33.05,33.1,15244650.0
2018-01-26 10:50:28.583000,33.1,33.05,33.1,15244650.0
2018-01-26 10:50:31.579000,33.1,33.05,33.1,15244650.0
2018-01-26 10:50:34.754000,33.1,33.1,33.15,15506794.0
2018-01-26 10:50:37.800000,33.1,33.1,33.15,15506794.0
2018-01-26 10:50:40.782000,33.1,33.1,33.15,15506794.0
2018-01-26 10:50:43.627000,33.1,33.1,33.15,15506794.0
2018-01-26 10:50:46.501000,33.1,33.1,33.15,15506794.0
2018-01-26 10:50:49.468000,33.1,33.1,33.15,15506794.0
2018-01-26 10:50:52.442000,33.1,33.1,33.15,15506794.0
2018-01-26 10:50:55.673000,33.1,33.1,33.15,15506794.0
2018-01-26 10:50:58.621000,33.1,33.1,33.15,15506794.0
2018-01-26 10:51:01.689000,33.1,33.1,33.15,15506794.0
2018-01-26 10:51:04.756000,33.1,33.1,33.15,15506794.0
2018-01-26 10:51:07.725000,33.1,33.1,33.15,15506794.0
2018-01-26 10:51:10.580000,33.1,33.1,33.15,15506794.0
2018-01-26 10:51:13.562000,33.1,33.1,33.15,15506794.0
2018-01-26 10:51:16.603000,33.1,33.1,33.15,15506794.0
2018-01-26 10:51:19.615000,33.1,33.1,33.15,15506794.0
2018-01-26 10:51:22.677000,33.1,33.1,33.15,15506794.0
2018-01-26 10:51:25.785000,33.1,33.1,33.15,15506794.0
2018-01-26 10:51:28.615000,33.1,33.1,33.15,15506794.0
2018-01-26 10:51:31.645000,33.1,33.1,33.15,15506794.0
2018-01-26 10:51:34.769000,33.1,33.1,33.15,15506794.0
2018-01-26 10:51:38.037000,33.1,33.1,33.15,15506794.0
2018-01-26 10:51:41.291000,33.1,33.1,33.15,15521794.0
2018-01-26 10:51:44.311000,33.1,33.1,33.15,15521794.0
2018-01-26 10:51:47.403000,33.1,33.1,33.15,15521794.0
2018-01-26 10:51:50.334000,33.1,33.1,33.15,15521794.0
2018-01-26 10:51:53.227000,33.1,33.1,33.15,15521794.0
2018-01-26 10:51:56.104000,33.1,33.1,33.15,15521794.0
2018-01-26 10:51:59.019000,33.1,33.1,33.15,15521794.0
2018-01-26 10:52:01.886000,33.1,33.1,33.15,15521794.0
2018-01-26 10:52:04.906000,33.1,33.1,33.15,15521794.0
2018-01-26 10:52:07.828000,33.1,33.1,33.15,15521794.0
2018-01-26 10:52:11.075000,33.1,33.1,33.15,15521794.0
2018-01-26 10:52:13.939000,33.1,33.1,33.15,15521794.0
2018-01-26 10:52:16.865000,33.1,33.1,33.15,15521794.0
2018-01-26 10:52:19.899000,33.1,33.1,33.15,15521794.0
2018-01-26 10:52:22.930000,33.1,33.1,33.15,15521794.0
2018-01-26 10:52:25.835000,33.1,33.1,33.15,15521794.0
2018-01-26 10:52:28.805000,33.1,33.1,33.15,15521794.0
2018-01-26 10:52:31.834000,33.1,33.1,33.15,15521794.0
2018-01-26 10:52:34.655000,33.1,33.1,33.15,15521794.0
2018-01-26 10:52:37.571000,33.1,33.1,33.15,15521794.0
2018-01-26 10:52:40.694000,33.1,33.1,33.15,15521794.0
2018-01-26 10:52:44.121000,33.1,33.1,33.15,15521794.0
2018-01-26 10:52:47.266000,33.1,33.1,33.15,15521794.0
2018-01-26 10:52:50.277000,33.1,33.1,33.15,15521794.0
2018-01-26 10:52:53.232000,33.1,33.1,33.15,15521794.0
2018-01-26 10:52:56.305000,33.1,33.1,33.15,15521794.0
2018-01-26 10:52:59.289000,33.1,33.1,33.15,15521794.0
2018-01-26 10:53:02.302000,33.1,33.1,33.15,15521794.0
2018-01-26 10:53:05.500000,33.1,33.1,33.15,15521794.0
2018-01-26 10:53:08.460000,33.1,33.1,33.15,15521794.0
2018-01-26 10:53:11.294000,33.1,33.1,33.15,15523794.0
2018-01-26 10:53:14.368000,33.1,33.1,33.15,15523794.0
2018-01-26 10:53:17.663000,33.1,33.1,33.15,15523794.0
2018-01-26 10:53:20.758000,33.1,33.1,33.15,15523794.0
2018-01-26 10:53:23.826000,33.1,33.1,33.15,15523794.0
2018-01-26 10:53:26.626000,33.1,33.1,33.15,15523794.0
2018-01-26 10:53:29.665000,33.1,33.1,33.15,15523794.0
2018-01-26 10:53:32.575000,33.1,33.1,33.15,15523794.0
2018-01-26 10:53:35.772000,33.1,33.1,33.15,15523794.0
2018-01-26 10:53:38.647000,33.1,33.1,33.15,15523794.0
2018-01-26 10:53:41.538000,33.1,33.1,33.15,15523794.0
2018-01-26 10:53:44.401000,33.1,33.1,33.15,15523794.0
2018-01-26 10:53:47.213000,33.1,33.1,33.15,15523794.0
2018-01-26 10:53:50.455000,33.1,33.1,33.15,15523794.0
2018-01-26 10:53:53.428000,33.1,33.1,33.15,15523794.0
2018-01-26 10:53:56.504000,33.1,33.1,33.15,15523794.0
2018-01-26 10:53:59.472000,33.1,33.1,33.15,15523794.0
2018-01-26 10:54:02.530000,33.1,33.1,33.15,15523794.0
2018-01-26 10:54:05.623000,33.1,33.1,33.15,15523794.0
2018-01-26 10:54:08.651000,33.1,33.1,33.15,15523794.0
2018-01-26 10:54:11.445000,33.1,33.1,33.15,15523794.0
2018-01-26 10:54:14.480000,33.1,33.1,33.15,15523794.0
2018-01-26 10:54:17.599000,33.1,33.1,33.15,15523794.0
2018-01-26 10:54:20.516000,33.1,33.1,33.15,15523794.0
2018-01-26 10:54:23.521000,33.1,33.1,33.15,15523794.0
2018-01-26 10:54:26.516000,33.1,33.1,33.15,15523794.0
2018-01-26 10:54:29.511000,33.1,33.1,33.15,15523794.0
2018-01-26 10:54:32.620000,33.1,33.1,33.15,15523794.0
2018-01-26 10:54:35.567000,33.1,33.1,33.15,15523794.0
2018-01-26 10:54:38.464000,33.1,33.1,33.15,15523794.0
2018-01-26 10:54:41.808000,33.1,33.1,33.15,15523794.0
2018-01-26 10:54:44.675000,33.1,33.1,33.15,15523794.0
2018-01-26 10:54:47.733000,33.1,33.1,33.15,15523794.0
2018-01-26 10:54:50.729000,33.1,33.1,33.15,15523794.0
2018-01-26 10:54:53.552000,33.1,33.1,33.15,15523794.0
2018-01-26 10:54:56.640000,33.1,33.1,33.15,15523794.0
2018-01-26 10:54:59.604000,33.1,33.1,33.15,15523794.0
2018-01-26 10:55:02.559000,33.1,33.1,33.15,15523794.0
2018-01-26 10:55:05.565000,33.1,33.1,33.15,15524794.0
2018-01-26 10:55:08.449000,33.1,33.1,33.15,15524794.0
2018-01-26 10:55:11.308000,33.1,33.1,33.15,15524794.0
2018-01-26 10:55:14.307000,33.1,33.1,33.15,15524794.0
2018-01-26 10:55:17.555000,33.1,33.1,33.15,15524794.0
2018-01-26 10:55:20.475000,33.1,33.1,33.15,15524794.0
2018-01-26 10:55:23.230000,33.1,33.1,33.15,15524794.0
2018-01-26 10:55:26.184000,33.1,33.1,33.15,15524794.0
2018-01-26 10:55:29.246000,33.1,33.1,33.15,15524794.0
2018-01-26 10:55:32.231000,33.1,33.1,33.15,15524794.0
2018-01-26 10:55:35.339000,33.1,33.1,33.15,15524794.0
2018-01-26 10:55:38.285000,33.1,33.1,33.15,15524794.0
2018-01-26 10:55:41.024000,33.1,33.1,33.15,15524794.0
2018-01-26 10:55:44.191000,33.1,33.1,33.15,15524794.0
2018-01-26 10:55:47.074000,33.1,33.1,33.15,15524794.0
2018-01-26 10:55:49.977000,33.1,33.1,33.15,15524794.0
2018-01-26 10:55:52.811000,33.1,33.1,33.15,15524794.0
2018-01-26 10:55:55.756000,33.1,33.1,33.15,15524794.0
2018-01-26 10:55:58.916000,33.1,33.1,33.15,15524794.0
2018-01-26 10:56:01.934000,33.1,33.1,33.15,15524794.0
2018-01-26 10:56:04.701000,33.1,33.1,33.15,15524794.0
2018-01-26 10:56:07.607000,33.1,33.1,33.15,15524794.0
2018-01-26 10:56:10.838000,33.1,33.1,33.15,15524794.0
2018-01-26 10:56:13.745000,33.1,33.1,33.15,15524794.0
2018-01-26 10:56:16.682000,33.1,33.1,33.15,15524794.0
2018-01-26 10:56:19.635000,33.1,33.1,33.15,15524794.0
2018-01-26 10:56:22.662000,33.1,33.1,33.15,15524794.0
2018-01-26 10:56:25.650000,33.1,33.1,33.15,15524794.0
2018-01-26 10:56:28.862000,33.1,33.1,33.15,15524794.0
2018-01-26 10:56:31.763000,33.1,33.1,33.15,15524794.0
2018-01-26 10:56:34.805000,33.1,33.1,33.15,15524794.0
2018-01-26 10:56:37.843000,33.1,33.1,33.15,15524794.0
2018-01-26 10:56:40.744000,33.1,33.1,33.15,15524794.0
2018-01-26 10:56:43.581000,33.1,33.1,33.15,15524794.0
2018-01-26 10:56:46.511000,33.1,33.1,33.15,15524794.0
2018-01-26 10:56:49.487000,33.1,33.1,33.15,15524794.0
2018-01-26 10:56:52.590000,33.1,33.1,33.15,15524794.0
2018-01-26 10:56:55.531000,33.1,33.1,33.15,15524794.0
2018-01-26 10:56:58.630000,33.1,33.1,33.15,15524794.0
2018-01-26 10:57:01.577000,33.1,33.1,33.15,15524794.0
2018-01-26 10:57:04.659000,33.1,33.1,33.15,15524794.0
2018-01-26 10:57:07.482000,33.1,33.1,33.15,15524794.0
2018-01-26 10:57:10.510000,33.1,33.1,33.15,15524794.0
2018-01-26 10:57:13.483000,33.1,33.1,33.15,15524794.0
2018-01-26 10:57:16.385000,33.1,33.1,33.15,15524794.0
2018-01-26 10:57:19.699000,33.1,33.1,33.15,15524794.0
2018-01-26 10:57:22.666000,33.1,33.1,33.15,15524794.0
2018-01-26 10:57:25.617000,33.1,33.1,33.15,15524794.0
2018-01-26 10:57:28.660000,33.1,33.1,33.15,15524794.0
2018-01-26 10:57:31.750000,33.1,33.1,33.15,15524794.0
2018-01-26 10:57:35.030000,33.1,33.1,33.15,15524794.0
2018-01-26 10:57:38.163000,33.1,33.1,33.15,15524794.0
2018-01-26 10:57:41.229000,33.1,33.1,33.15,15524794.0
2018-01-26 10:57:44.175000,33.1,33.1,33.15,15524794.0
2018-01-26 10:57:47.079000,33.1,33.1,33.15,15524794.0
2018-01-26 10:57:50.080000,33.1,33.1,33.15,15524794.0
2018-01-26 10:57:52.952000,33.1,33.1,33.15,15524794.0
2018-01-26 10:57:56.011000,33.1,33.1,33.15,15524794.0
2018-01-26 10:57:58.831000,33.1,33.1,33.15,15524794.0
2018-01-26 10:58:01.777000,33.1,33.1,33.15,15524794.0
2018-01-26 10:58:04.625000,33.1,33.1,33.15,15524794.0
2018-01-26 10:58:07.747000,33.1,33.1,33.15,15524794.0
2018-01-26 10:58:10.965000,33.1,33.1,33.15,15524794.0
2018-01-26 10:58:13.982000,33.1,33.1,33.15,15524794.0
2018-01-26 10:58:17.113000,33.1,33.1,33.15,15524794.0
2018-01-26 10:58:19.772000,33.1,33.1,33.15,15524794.0
2018-01-26 10:58:22.325000,33.1,33.1,33.15,15524794.0
2018-01-26 10:58:25.359000,33.1,33.1,33.15,15524794.0
2018-01-26 10:58:28.095000,33.1,33.1,33.15,15524794.0
2018-01-26 10:58:30.906000,33.1,33.1,33.15,15524794.0
2018-01-26 10:58:33.672000,33.1,33.1,33.15,15524794.0
2018-01-26 10:58:36.332000,33.1,33.1,33.15,15524794.0
2018-01-26 10:58:38.878000,33.1,33.1,33.15,15524794.0
2018-01-26 10:58:41.465000,33.1,33.1,33.15,15524794.0
2018-01-26 10:58:44.078000,33.1,33.1,33.15,15524794.0
2018-01-26 10:58:46.937000,33.1,33.1,33.15,15525294.0
2018-01-26 10:58:49.626000,33.1,33.1,33.15,15525294.0
2018-01-26 10:58:52.328000,33.1,33.1,33.15,15525294.0
2018-01-26 10:58:54.959000,33.1,33.1,33.15,15525294.0
2018-01-26 10:58:57.765000,33.1,33.1,33.15,15525294.0
2018-01-26 10:59:00.438000,33.1,33.1,33.15,15525294.0
2018-01-26 10:59:03.003000,33.1,33.1,33.15,15525294.0
2018-01-26 10:59:05.530000,33.1,33.1,33.15,15525294.0
2018-01-26 10:59:08.263000,33.1,33.1,33.15,15525294.0
2018-01-26 10:59:10.848000,33.1,33.1,33.15,15525294.0
2018-01-26 10:59:13.676000,33.1,33.1,33.15,15525294.0
2018-01-26 10:59:16.359000,33.1,33.1,33.15,15525294.0
2018-01-26 10:59:19.061000,33.1,33.1,33.15,15525294.0
2018-01-26 10:59:21.672000,33.1,33.1,33.15,15525294.0
2018-01-26 10:59:24.383000,33.1,33.1,33.15,15525294.0
2018-01-26 10:59:27.219000,33.1,33.1,33.15,15525294.0
2018-01-26 10:59:29.917000,33.1,33.1,33.15,15525294.0
2018-01-26 10:59:32.630000,33.1,33.1,33.15,15525294.0
2018-01-26 10:59:35.321000,33.1,33.1,33.15,15525294.0
2018-01-26 10:59:38.141000,33.1,33.1,33.15,15525294.0
2018-01-26 10:59:40.956000,33.1,33.1,33.15,15525294.0
2018-01-26 10:59:43.488000,33.1,33.1,33.15,15525294.0
2018-01-26 10:59:46.161000,33.1,33.1,33.15,15525294.0
2018-01-26 10:59:48.855000,33.1,33.1,33.15,15525294.0
2018-01-26 10:59:51.544000,33.1,33.1,33.15,15525294.0
2018-01-26 10:59:54.424000,33.15,33.1,33.15,15529794.0
2018-01-26 11:00:09.759000,33.15,33.15,33.2,15889294.0
2018-01-26 11:00:12.518000,33.15,33.15,33.2,15889294.0
2018-01-26 11:00:15.143000,33.15,33.15,33.2,15889294.0
2018-01-26 11:00:17.708000,33.15,33.15,33.2,15889294.0
2018-01-26 11:00:20.385000,33.15,33.15,33.2,15889294.0
2018-01-26 11:00:23.172000,33.15,33.15,33.2,15889294.0
2018-01-26 11:00:25.925000,33.15,33.15,33.2,15889294.0
2018-01-26 11:00:28.658000,33.15,33.15,33.2,15889294.0
2018-01-26 11:00:31.220000,33.15,33.15,33.2,15889294.0
2018-01-26 11:00:33.895000,33.15,33.15,33.2,15889294.0
2018-01-26 11:00:36.485000,33.15,33.1,33.15,15994294.0
2018-01-26 11:00:38.964000,33.15,33.1,33.15,15994294.0
2018-01-26 11:00:41.640000,33.15,33.1,33.15,15994294.0
2018-01-26 11:00:44.252000,33.15,33.1,33.15,15994294.0
2018-01-26 11:00:46.907000,33.15,33.1,33.15,15994294.0
2018-01-26 11:00:49.830000,33.15,33.1,33.15,15994294.0
2018-01-26 11:00:52.644000,33.15,33.1,33.15,15994294.0
2018-01-26 11:00:55.137000,33.15,33.1,33.15,15994294.0
2018-01-26 11:00:57.829000,33.15,33.1,33.15,15994294.0
2018-01-26 11:01:00.428000,33.15,33.1,33.15,15994294.0
2018-01-26 11:01:03.152000,33.15,33.1,33.15,15994294.0
2018-01-26 11:01:05.987000,33.15,33.1,33.15,15994294.0
2018-01-26 11:01:08.672000,33.15,33.1,33.15,15994294.0
2018-01-26 11:01:11.150000,33.15,33.1,33.15,15994294.0
2018-01-26 11:01:13.506000,33.15,33.1,33.15,15994294.0
2018-01-26 11:01:16.192000,33.15,33.1,33.15,15994294.0
2018-01-26 11:01:18.665000,33.15,33.1,33.15,15994294.0
2018-01-26 11:01:21.310000,33.15,33.1,33.15,15994294.0
2018-01-26 11:01:24.160000,33.15,33.1,33.15,15994294.0
2018-01-26 11:01:27.078000,33.15,33.1,33.15,15994294.0
2018-01-26 11:01:29.707000,33.15,33.1,33.15,15994294.0
2018-01-26 11:01:32.418000,33.15,33.1,33.15,15994294.0
2018-01-26 11:01:35.105000,33.15,33.1,33.15,15994294.0
2018-01-26 11:01:37.626000,33.15,33.1,33.15,15994294.0
2018-01-26 11:01:40.702000,33.15,33.1,33.15,15994294.0
2018-01-26 11:01:43.308000,33.15,33.1,33.15,15994294.0
2018-01-26 11:01:45.978000,33.15,33.1,33.15,15994294.0
2018-01-26 11:01:48.584000,33.15,33.1,33.15,15994294.0
2018-01-26 11:01:51.092000,33.15,33.1,33.15,15994294.0
2018-01-26 11:01:54.131000,33.15,33.1,33.15,15994294.0
2018-01-26 11:01:56.847000,33.2,33.15,33.2,15997201.0
2018-01-26 11:01:59.439000,33.2,33.15,33.2,15997201.0
2018-01-26 11:02:02.018000,33.2,33.15,33.2,15997201.0
2018-01-26 11:02:04.547000,33.2,33.15,33.2,15997201.0
2018-01-26 11:02:07.150000,33.2,33.15,33.2,15997201.0
2018-01-26 11:02:09.805000,33.2,33.15,33.2,15997201.0
2018-01-26 11:02:12.839000,33.2,33.15,33.2,15997201.0
2018-01-26 11:02:15.369000,33.2,33.15,33.2,15997201.0
2018-01-26 11:02:18.045000,33.15,33.1,33.2,16614701.0
2018-01-26 11:02:20.645000,33.15,33.1,33.2,16614701.0
2018-01-26 11:02:23.289000,33.15,33.1,33.15,16861201.0
2018-01-26 11:02:25.840000,33.15,33.1,33.15,16861201.0
2018-01-26 11:02:28.423000,33.15,33.1,33.15,16861201.0
2018-01-26 11:02:31.244000,33.15,33.1,33.15,16861201.0
2018-01-26 11:02:34.146000,33.15,33.1,33.15,16861201.0
2018-01-26 11:02:36.565000,33.15,33.1,33.15,16861201.0
2018-01-26 11:02:39.131000,33.15,33.1,33.15,16861201.0
2018-01-26 11:02:41.504000,33.15,33.1,33.15,16861201.0
2018-01-26 11:02:44.475000,33.15,33.1,33.15,16861201.0
2018-01-26 11:02:47.287000,33.15,33.1,33.15,16861201.0
2018-01-26 11:02:50,33.15,33.1,33.15,16861201.0
2018-01-26 11:02:52.613000,33.15,33.1,33.15,16861201.0
2018-01-26 11:02:55.297000,33.15,33.1,33.15,16861201.0
2018-01-26 11:02:57.850000,33.15,33.1,33.15,16861201.0
2018-01-26 11:03:00.570000,33.15,33.1,33.15,16861201.0
2018-01-26 11:03:03.336000,33.15,33.1,33.15,16861201.0
2018-01-26 11:03:05.889000,33.15,33.1,33.15,16861201.0
2018-01-26 11:03:09.711000,33.15,33.15,33.2,17289701.0
2018-01-26 11:03:13.350000,33.15,33.15,33.2,17289701.0
2018-01-26 11:03:16.738000,33.15,33.15,33.2,17289701.0
2018-01-26 11:03:19.916000,33.15,33.15,33.2,17289701.0
2018-01-26 11:03:23.241000,33.15,33.15,33.2,17289701.0
2018-01-26 11:03:26.535000,33.15,33.15,33.2,17289701.0
2018-01-26 11:03:29.682000,33.15,33.15,33.2,17289701.0
2018-01-26 11:03:32.934000,33.15,33.15,33.2,18002321.0
2018-01-26 11:03:36.318000,33.15,33.15,33.2,18002321.0
2018-01-26 11:03:39.724000,33.15,33.15,33.2,18002321.0
2018-01-26 11:03:43.068000,33.15,33.15,33.2,18002321.0
2018-01-26 11:03:46.398000,33.15,33.15,33.2,18002321.0
2018-01-26 11:03:49.556000,33.15,33.15,33.2,18002321.0
2018-01-26 11:03:52.661000,33.15,33.15,33.2,18002321.0
2018-01-26 11:03:55.956000,33.15,33.15,33.2,18002321.0
2018-01-26 11:03:59.211000,33.15,33.15,33.2,18002321.0
2018-01-26 11:04:02.413000,33.15,33.15,33.2,18002321.0
2018-01-26 11:04:05.430000,33.15,33.15,33.2,18002321.0
2018-01-26 11:04:08.599000,33.15,33.15,33.2,18002321.0
2018-01-26 11:04:12.114000,33.15,33.15,33.2,18030821.0
2018-01-26 11:04:15.287000,33.15,33.15,33.2,18030821.0
2018-01-26 11:04:18.378000,33.15,33.15,33.2,18030821.0
2018-01-26 11:04:21.503000,33.15,33.15,33.2,18030821.0
2018-01-26 11:04:24.888000,33.15,33.1,33.15,18032821.0
2018-01-26 11:04:28.343000,33.15,33.1,33.15,18032821.0
2018-01-26 11:04:31.561000,33.15,33.1,33.15,18032821.0
2018-01-26 11:04:35.330000,33.15,33.1,33.15,18032821.0
2018-01-26 11:04:38.477000,33.15,33.1,33.15,18032821.0
2018-01-26 11:04:41.539000,33.15,33.1,33.15,18032821.0
2018-01-26 11:04:44.751000,33.15,33.1,33.15,18032821.0
2018-01-26 11:04:48.163000,33.15,33.1,33.15,18032821.0
2018-01-26 11:04:51.380000,33.15,33.1,33.15,18036821.0
2018-01-26 11:04:54.681000,33.15,33.1,33.15,18036821.0
2018-01-26 11:04:57.928000,33.15,33.1,33.15,18036821.0
2018-01-26 11:05:01.213000,33.15,33.1,33.15,18036821.0
2018-01-26 11:05:04.603000,33.15,33.1,33.15,18036821.0
2018-01-26 11:05:07.733000,33.15,33.1,33.15,18036821.0
2018-01-26 11:05:10.986000,33.15,33.1,33.15,18036821.0
2018-01-26 11:05:14.073000,33.15,33.1,33.15,18036821.0
2018-01-26 11:05:17.148000,33.15,33.1,33.15,18036821.0
2018-01-26 11:05:20.463000,33.15,33.1,33.15,18036821.0
2018-01-26 11:05:23.511000,33.15,33.1,33.15,18036821.0
2018-01-26 11:05:26.726000,33.15,33.1,33.15,18036821.0
2018-01-26 11:05:29.923000,33.15,33.1,33.15,18036821.0
2018-01-26 11:05:33.233000,33.15,33.1,33.15,18036821.0
2018-01-26 11:05:36.774000,33.15,33.1,33.15,18036821.0
2018-01-26 11:05:39.982000,33.15,33.1,33.15,18036821.0
2018-01-26 11:05:43.166000,33.15,33.1,33.15,18036821.0
2018-01-26 11:05:46.491000,33.15,33.1,33.15,18036821.0
2018-01-26 11:05:49.756000,33.15,33.15,33.2,18044821.0
2018-01-26 11:05:53.197000,33.15,33.15,33.2,18044821.0
2018-01-26 11:05:56.323000,33.15,33.15,33.2,18044821.0
2018-01-26 11:05:59.667000,33.15,33.15,33.2,18044821.0
2018-01-26 11:06:02.823000,33.15,33.15,33.2,18044821.0
2018-01-26 11:06:05.932000,33.15,33.15,33.2,18044821.0
2018-01-26 11:06:09.312000,33.15,33.15,33.2,18044821.0
2018-01-26 11:06:12.758000,33.15,33.15,33.2,18044821.0
2018-01-26 11:06:15.938000,33.15,33.15,33.2,18044821.0
2018-01-26 11:06:18.969000,33.15,33.15,33.2,18044821.0
2018-01-26 11:06:22.055000,33.15,33.15,33.2,18044821.0
2018-01-26 11:06:25.492000,33.15,33.15,33.2,18044821.0
2018-01-26 11:06:28.746000,33.15,33.15,33.2,18044821.0
2018-01-26 11:06:31.932000,33.15,33.15,33.2,18044821.0
2018-01-26 11:06:35.167000,33.15,33.15,33.2,18044821.0
2018-01-26 11:06:38.402000,33.15,33.15,33.2,18044821.0
2018-01-26 11:06:41.671000,33.15,33.15,33.2,18044821.0
2018-01-26 11:06:44.808000,33.15,33.15,33.2,18044821.0
2018-01-26 11:06:48.160000,33.15,33.15,33.2,18045821.0
2018-01-26 11:06:51.199000,33.15,33.15,33.2,18045821.0
2018-01-26 11:06:54.232000,33.15,33.15,33.2,18045821.0
2018-01-26 11:06:57.547000,33.15,33.15,33.2,18045821.0
2018-01-26 11:07:00.764000,33.15,33.15,33.2,18045821.0
2018-01-26 11:07:03.992000,33.15,33.15,33.2,18045821.0
2018-01-26 11:07:07.120000,33.15,33.15,33.2,18045821.0
2018-01-26 11:07:10.326000,33.15,33.15,33.2,18045821.0
2018-01-26 11:07:13.559000,33.15,33.15,33.2,18045821.0
2018-01-26 11:07:16.817000,33.15,33.15,33.2,18045821.0
2018-01-26 11:07:19.926000,33.15,33.15,33.2,18045821.0
2018-01-26 11:07:23.081000,33.15,33.15,33.2,18045821.0
2018-01-26 11:07:26.190000,33.15,33.15,33.2,18045821.0
2018-01-26 11:07:29.286000,33.15,33.15,33.2,18045821.0
2018-01-26 11:07:32.543000,33.15,33.15,33.2,18045821.0
2018-01-26 11:07:35.831000,33.15,33.15,33.2,18045821.0
2018-01-26 11:07:38.865000,33.15,33.1,33.15,18076321.0
2018-01-26 11:07:42.042000,33.15,33.1,33.15,18076321.0
2018-01-26 11:07:45.332000,33.15,33.1,33.15,18076321.0
2018-01-26 11:07:48.644000,33.15,33.1,33.15,18076321.0
2018-01-26 11:07:51.826000,33.15,33.1,33.15,18076321.0
2018-01-26 11:07:55.056000,33.15,33.1,33.15,18076321.0
2018-01-26 11:07:58.607000,33.15,33.1,33.15,18076321.0
2018-01-26 11:08:01.635000,33.15,33.1,33.15,18076321.0
2018-01-26 11:08:04.942000,33.15,33.1,33.15,18076321.0
2018-01-26 11:08:07.854000,33.15,33.1,33.15,18076321.0
2018-01-26 11:08:10.914000,33.15,33.1,33.15,18076321.0
2018-01-26 11:08:14.179000,33.15,33.1,33.15,18076321.0
2018-01-26 11:08:17.389000,33.15,33.1,33.15,18076321.0
2018-01-26 11:08:20.780000,33.15,33.1,33.15,18076321.0
2018-01-26 11:08:23.968000,33.15,33.1,33.15,18076321.0
2018-01-26 11:08:27.200000,33.15,33.1,33.15,18076321.0
2018-01-26 11:08:30.531000,33.15,33.1,33.15,18076321.0
2018-01-26 11:08:34.488000,33.15,33.1,33.15,18076321.0
2018-01-26 11:08:37.859000,33.15,33.1,33.15,18076321.0
2018-01-26 11:08:41.273000,33.1,33.1,33.15,18082321.0
2018-01-26 11:08:44.389000,33.1,33.1,33.15,18082321.0
2018-01-26 11:08:47.421000,33.1,33.1,33.15,18082321.0
2018-01-26 11:08:50.734000,33.1,33.1,33.15,18082321.0
2018-01-26 11:08:53.841000,33.1,33.1,33.15,18082321.0
2018-01-26 11:08:57.107000,33.1,33.1,33.15,18082321.0
2018-01-26 11:09:00.290000,33.1,33.1,33.15,18082321.0
2018-01-26 11:09:03.657000,33.1,33.1,33.15,18082321.0
2018-01-26 11:09:06.780000,33.1,33.1,33.15,18082321.0
2018-01-26 11:09:09.800000,33.1,33.1,33.15,18082321.0
2018-01-26 11:09:13.112000,33.1,33.1,33.15,18082321.0
2018-01-26 11:09:16.287000,33.1,33.1,33.15,18082321.0
2018-01-26 11:09:19.460000,33.1,33.1,33.15,18082321.0
2018-01-26 11:09:22.596000,33.1,33.1,33.15,18082321.0
2018-01-26 11:09:25.732000,33.1,33.1,33.15,18082321.0
2018-01-26 11:09:28.968000,33.1,33.1,33.15,18082321.0
2018-01-26 11:09:32.094000,33.1,33.1,33.15,18082321.0
2018-01-26 11:09:35.170000,33.1,33.1,33.15,18082321.0
2018-01-26 11:09:38.276000,33.1,33.1,33.15,18082321.0
2018-01-26 11:09:41.573000,33.1,33.1,33.15,18082321.0
2018-01-26 11:09:44.798000,33.1,33.1,33.15,18082321.0
2018-01-26 11:09:47.931000,33.1,33.1,33.15,18082321.0
2018-01-26 11:09:51.138000,33.1,33.1,33.15,18082321.0
2018-01-26 11:09:54.337000,33.1,33.1,33.15,18082321.0
2018-01-26 11:09:57.750000,33.1,33.1,33.15,18082321.0
2018-01-26 11:10:01.142000,33.1,33.1,33.15,18082321.0
2018-01-26 11:10:04.315000,33.1,33.1,33.15,18082321.0
2018-01-26 11:10:07.594000,33.1,33.1,33.15,18082321.0
2018-01-26 11:10:10.954000,33.1,33.1,33.15,18082321.0
2018-01-26 11:10:14.235000,33.1,33.1,33.15,18082321.0
2018-01-26 11:10:17.467000,33.1,33.1,33.15,18082321.0
2018-01-26 11:10:20.511000,33.1,33.1,33.15,18082321.0
2018-01-26 11:10:23.465000,33.1,33.1,33.15,18082321.0
2018-01-26 11:10:26.619000,33.1,33.1,33.15,18082321.0
2018-01-26 11:10:29.698000,33.1,33.1,33.15,18092821.0
2018-01-26 11:10:32.805000,33.1,33.1,33.15,18092821.0
2018-01-26 11:10:36.033000,33.1,33.1,33.15,18092821.0
2018-01-26 11:10:39.315000,33.1,33.1,33.15,18092821.0
2018-01-26 11:10:42.344000,33.1,33.1,33.15,18092821.0
2018-01-26 11:10:45.583000,33.1,33.1,33.15,18092821.0
2018-01-26 11:10:48.677000,33.1,33.1,33.15,18092821.0
2018-01-26 11:10:51.954000,33.1,33.1,33.15,18092821.0
2018-01-26 11:10:55.081000,33.1,33.1,33.15,18092821.0
2018-01-26 11:10:58.222000,33.1,33.1,33.15,18092821.0
2018-01-26 11:11:01.574000,33.1,33.1,33.15,18092821.0
2018-01-26 11:11:04.723000,33.1,33.1,33.15,18092821.0
2018-01-26 11:11:07.970000,33.1,33.1,33.15,18092821.0
2018-01-26 11:11:11.392000,33.1,33.1,33.15,18092821.0
2018-01-26 11:11:14.542000,33.1,33.1,33.15,18092821.0
2018-01-26 11:11:17.703000,33.1,33.1,33.15,18092821.0
2018-01-26 11:11:21.027000,33.1,33.1,33.15,18092821.0
2018-01-26 11:11:24.233000,33.1,33.1,33.15,18092821.0
2018-01-26 11:11:27.251000,33.1,33.1,33.15,18092821.0
2018-01-26 11:11:30.441000,33.1,33.1,33.15,18092821.0
2018-01-26 11:11:33.750000,33.1,33.1,33.15,18092821.0
2018-01-26 11:11:37.056000,33.1,33.1,33.15,18092821.0
2018-01-26 11:11:40.018000,33.1,33.1,33.15,18092821.0
2018-01-26 11:11:43.239000,33.15,33.15,33.2,18109321.0
2018-01-26 11:11:46.356000,33.15,33.15,33.2,18109321.0
2018-01-26 11:11:49.683000,33.15,33.15,33.2,18109321.0
2018-01-26 11:11:52.956000,33.15,33.15,33.2,18109321.0
2018-01-26 11:11:56.126000,33.15,33.15,33.2,18109321.0
2018-01-26 11:11:59.254000,33.15,33.15,33.2,18109321.0
2018-01-26 11:12:02.674000,33.15,33.15,33.2,18109321.0
2018-01-26 11:12:05.965000,33.15,33.15,33.2,18109321.0
2018-01-26 11:12:08.955000,33.15,33.15,33.2,18109321.0
2018-01-26 11:12:12.002000,33.15,33.15,33.2,18109321.0
2018-01-26 11:12:15.170000,33.15,33.15,33.2,18109321.0
2018-01-26 11:12:18.303000,33.15,33.15,33.2,18109321.0
2018-01-26 11:12:21.603000,33.15,33.15,33.2,18109321.0
2018-01-26 11:12:24.999000,33.15,33.15,33.2,18109321.0
2018-01-26 11:12:28.144000,33.15,33.15,33.2,18109321.0
2018-01-26 11:12:31.228000,33.15,33.15,33.2,18109321.0
2018-01-26 11:12:34.520000,33.15,33.15,33.2,18109321.0
2018-01-26 11:12:37.597000,33.15,33.15,33.2,18109321.0
2018-01-26 11:12:40.711000,33.15,33.15,33.2,18109321.0
2018-01-26 11:12:43.771000,33.15,33.15,33.2,18109321.0
2018-01-26 11:12:47.055000,33.15,33.15,33.2,18109321.0
2018-01-26 11:12:50.464000,33.15,33.15,33.2,18109321.0
2018-01-26 11:12:53.828000,33.15,33.15,33.2,18109321.0
2018-01-26 11:12:57.302000,33.15,33.15,33.2,18109321.0
2018-01-26 11:13:00.693000,33.15,33.15,33.2,18109321.0
2018-01-26 11:13:04.096000,33.15,33.15,33.2,18109321.0
2018-01-26 11:13:07.393000,33.15,33.15,33.2,18109321.0
2018-01-26 11:13:10.617000,33.15,33.15,33.2,18109321.0
2018-01-26 11:13:13.879000,33.15,33.15,33.2,18109321.0
2018-01-26 11:13:16.920000,33.15,33.15,33.2,18109321.0
2018-01-26 11:13:20.100000,33.15,33.15,33.2,18109321.0
2018-01-26 11:13:23.093000,33.15,33.15,33.2,18109321.0
2018-01-26 11:13:26.167000,33.15,33.15,33.2,18109321.0
2018-01-26 11:13:29.312000,33.15,33.15,33.2,19021321.0
2018-01-26 11:13:32.659000,33.15,33.15,33.2,19021321.0
2018-01-26 11:13:35.825000,33.15,33.15,33.2,19021321.0
2018-01-26 11:13:38.899000,33.15,33.15,33.2,19021321.0
2018-01-26 11:13:42.071000,33.15,33.15,33.2,19021321.0
2018-01-26 11:13:45.226000,33.15,33.15,33.2,19021321.0
2018-01-26 11:13:48.534000,33.15,33.15,33.2,19021321.0
2018-01-26 11:13:51.646000,33.15,33.15,33.2,19021321.0
2018-01-26 11:13:55.013000,33.15,33.15,33.2,19021321.0
2018-01-26 11:13:58.098000,33.15,33.15,33.2,19021321.0
2018-01-26 11:14:01.587000,33.15,33.15,33.2,19021321.0
2018-01-26 11:14:05.023000,33.15,33.15,33.2,19021321.0
2018-01-26 11:14:08.067000,33.15,33.15,33.2,19021321.0
2018-01-26 11:14:11.262000,33.15,33.15,33.2,19021321.0
2018-01-26 11:14:14.794000,33.15,33.15,33.2,19021321.0
2018-01-26 11:14:17.928000,33.15,33.15,33.2,19021321.0
2018-01-26 11:14:20.976000,33.15,33.15,33.2,19021321.0
2018-01-26 11:14:24.320000,33.15,33.15,33.2,19021321.0
2018-01-26 11:14:27.505000,33.15,33.15,33.2,19021321.0
2018-01-26 11:14:30.555000,33.15,33.15,33.2,19021321.0
2018-01-26 11:14:33.676000,33.15,33.15,33.2,19021321.0
2018-01-26 11:14:37.115000,33.15,33.15,33.2,19021321.0
2018-01-26 11:14:40.275000,33.15,33.15,33.2,19021321.0
2018-01-26 11:14:43.476000,33.15,33.15,33.2,19021321.0
2018-01-26 11:14:46.562000,33.15,33.15,33.2,19021321.0
2018-01-26 11:14:49.699000,33.15,33.15,33.2,19021321.0
2018-01-26 11:14:52.881000,33.15,33.15,33.2,19021321.0
2018-01-26 11:14:56.142000,33.15,33.15,33.2,19021321.0
2018-01-26 11:14:59.377000,33.15,33.15,33.2,19021321.0
2018-01-26 11:15:02.632000,33.15,33.15,33.2,19021321.0
2018-01-26 11:15:05.910000,33.15,33.15,33.2,19021321.0
2018-01-26 11:15:09.501000,33.15,33.15,33.2,19021321.0
2018-01-26 11:15:12.584000,33.15,33.15,33.2,19021321.0
2018-01-26 11:15:15.717000,33.15,33.15,33.2,19021321.0
2018-01-26 11:15:18.648000,33.15,33.15,33.2,19021321.0
2018-01-26 11:15:22.073000,33.15,33.15,33.2,19024321.0
2018-01-26 11:15:25.152000,33.15,33.15,33.2,19024321.0
2018-01-26 11:15:28.226000,33.15,33.15,33.2,19024321.0
2018-01-26 11:15:31.217000,33.15,33.15,33.2,19024321.0
2018-01-26 11:15:34.379000,33.15,33.15,33.2,19024321.0
2018-01-26 11:15:37.379000,33.15,33.15,33.2,19024321.0
2018-01-26 11:15:40.752000,33.15,33.15,33.2,19024321.0
2018-01-26 11:15:44.108000,33.15,33.15,33.2,19024321.0
2018-01-26 11:15:47.285000,33.15,33.15,33.2,19024321.0
2018-01-26 11:15:50.390000,33.15,33.15,33.2,19024321.0
2018-01-26 11:15:53.482000,33.15,33.15,33.2,19024321.0
2018-01-26 11:15:56.649000,33.15,33.15,33.2,19024321.0
2018-01-26 11:15:59.667000,33.15,33.15,33.2,19024321.0
2018-01-26 11:16:03.022000,33.15,33.15,33.2,19024321.0
2018-01-26 11:16:06.212000,33.15,33.15,33.2,19024321.0
2018-01-26 11:16:09.504000,33.15,33.1,33.2,19330079.0
2018-01-26 11:16:12.869000,33.15,33.1,33.2,19330079.0
2018-01-26 11:16:16.619000,33.15,33.1,33.2,19330079.0
2018-01-26 11:16:19.558000,33.15,33.1,33.2,19330079.0
2018-01-26 11:16:22.679000,33.15,33.1,33.2,19330079.0
2018-01-26 11:16:26.145000,33.15,33.1,33.2,19330079.0
2018-01-26 11:16:29.222000,33.15,33.1,33.2,19330079.0
2018-01-26 11:16:32.213000,33.15,33.1,33.2,19330079.0
2018-01-26 11:16:35.403000,33.15,33.1,33.2,19330079.0
2018-01-26 11:16:38.793000,33.15,33.1,33.2,19330079.0
2018-01-26 11:16:41.840000,33.15,33.1,33.2,19330079.0
2018-01-26 11:16:44.920000,33.15,33.1,33.2,19330079.0
2018-01-26 11:16:48.023000,33.15,33.1,33.2,19330079.0
2018-01-26 11:16:51.125000,33.15,33.1,33.2,19330079.0
2018-01-26 11:16:54.515000,33.15,33.1,33.2,19330079.0
2018-01-26 11:16:57.578000,33.15,33.1,33.2,19330079.0
2018-01-26 11:17:00.580000,33.15,33.1,33.2,19330079.0
2018-01-26 11:17:03.635000,33.15,33.1,33.2,19330079.0
2018-01-26 11:17:06.641000,33.15,33.15,33.2,19341663.0
2018-01-26 11:17:09.715000,33.15,33.15,33.2,19341663.0
2018-01-26 11:17:12.994000,33.15,33.15,33.2,19341663.0
2018-01-26 11:17:16.547000,33.15,33.15,33.2,19341663.0
2018-01-26 11:17:19.651000,33.15,33.15,33.2,19341663.0
2018-01-26 11:17:22.712000,33.15,33.15,33.2,19341663.0
2018-01-26 11:17:25.741000,33.15,33.15,33.2,19341663.0
2018-01-26 11:17:28.714000,33.15,33.15,33.2,19341663.0
2018-01-26 11:17:31.966000,33.15,33.15,33.2,19341663.0
2018-01-26 11:17:35.045000,33.15,33.15,33.2,19341663.0
2018-01-26 11:17:38.071000,33.15,33.15,33.2,19341663.0
2018-01-26 11:17:41.151000,33.15,33.15,33.2,19341663.0
2018-01-26 11:17:44.239000,33.15,33.15,33.2,19341663.0
2018-01-26 11:17:47.373000,33.15,33.15,33.2,19341663.0
2018-01-26 11:17:50.632000,33.15,33.15,33.2,19341663.0
2018-01-26 11:17:53.769000,33.15,33.15,33.2,19341663.0
2018-01-26 11:17:56.855000,33.15,33.15,33.2,19341663.0
2018-01-26 11:18:00.146000,33.15,33.15,33.2,19341663.0
2018-01-26 11:18:03.073000,33.15,33.15,33.2,19341663.0
2018-01-26 11:18:06.349000,33.15,33.15,33.2,19341663.0
2018-01-26 11:18:09.378000,33.15,33.15,33.2,19341663.0
2018-01-26 11:18:12.435000,33.15,33.15,33.2,19348163.0
2018-01-26 11:18:15.717000,33.15,33.15,33.2,19348163.0
2018-01-26 11:18:18.896000,33.15,33.15,33.2,19348163.0
2018-01-26 11:18:21.935000,33.15,33.15,33.2,19348163.0
2018-01-26 11:18:25.068000,33.15,33.15,33.2,19348163.0
2018-01-26 11:18:28.120000,33.15,33.15,33.2,19348163.0
2018-01-26 11:18:31.004000,33.15,33.15,33.2,19348163.0
2018-01-26 11:18:34.232000,33.15,33.15,33.2,19348163.0
2018-01-26 11:18:37.301000,33.15,33.15,33.2,19348163.0
2018-01-26 11:18:40.209000,33.15,33.15,33.2,19348163.0
2018-01-26 11:18:43.276000,33.15,33.15,33.2,19348163.0
2018-01-26 11:18:46.595000,33.15,33.15,33.2,19348163.0
2018-01-26 11:18:49.578000,33.15,33.15,33.2,19348163.0
2018-01-26 11:18:52.600000,33.15,33.15,33.2,19348163.0
2018-01-26 11:18:55.705000,33.15,33.15,33.2,19348163.0
2018-01-26 11:18:58.705000,33.15,33.15,33.2,19348163.0
2018-01-26 11:19:02.026000,33.15,33.15,33.2,19348163.0
2018-01-26 11:19:05.078000,33.15,33.15,33.2,19348163.0
2018-01-26 11:19:08.285000,33.15,33.15,33.2,19348163.0
2018-01-26 11:19:11.244000,33.15,33.15,33.2,19348163.0
2018-01-26 11:19:14.316000,33.15,33.15,33.2,19348163.0
2018-01-26 11:19:17.633000,33.15,33.15,33.2,19348163.0
2018-01-26 11:19:20.630000,33.15,33.15,33.2,19348163.0
2018-01-26 11:19:23.729000,33.15,33.15,33.2,19348163.0
2018-01-26 11:19:26.758000,33.15,33.15,33.2,19348163.0
2018-01-26 11:19:29.820000,33.15,33.15,33.2,19348163.0
2018-01-26 11:19:32.968000,33.15,33.15,33.2,19348163.0
2018-01-26 11:19:35.989000,33.15,33.15,33.2,19348163.0
2018-01-26 11:19:39.037000,33.15,33.15,33.2,19349061.0
2018-01-26 11:19:42.098000,33.15,33.15,33.2,19349061.0
2018-01-26 11:19:45.392000,33.15,33.15,33.2,19349061.0
2018-01-26 11:19:48.532000,33.15,33.15,33.2,19349061.0
2018-01-26 11:19:51.685000,33.15,33.15,33.2,19349061.0
2018-01-26 11:19:54.856000,33.15,33.15,33.2,19349061.0
2018-01-26 11:19:57.960000,33.15,33.15,33.2,19349061.0
2018-01-26 11:20:01.036000,33.15,33.15,33.2,19349061.0
2018-01-26 11:20:04.107000,33.15,33.15,33.2,19349061.0
2018-01-26 11:20:07.066000,33.15,33.15,33.2,19349061.0
2018-01-26 11:20:10.155000,33.15,33.15,33.2,19349061.0
2018-01-26 11:20:13.171000,33.15,33.15,33.2,19349061.0
2018-01-26 11:20:16.314000,33.15,33.15,33.2,19349061.0
2018-01-26 11:20:19.282000,33.15,33.15,33.2,19349061.0
2018-01-26 11:20:22.362000,33.15,33.15,33.2,19349061.0
2018-01-26 11:20:25.460000,33.15,33.15,33.2,19349061.0
2018-01-26 11:20:28.550000,33.15,33.15,33.2,19349061.0
2018-01-26 11:20:31.722000,33.15,33.15,33.2,19349061.0
2018-01-26 11:20:34.719000,33.15,33.15,33.2,19349061.0
2018-01-26 11:20:38.039000,33.15,33.15,33.2,19349061.0
2018-01-26 11:20:41.283000,33.15,33.15,33.2,19349061.0
2018-01-26 11:20:44.300000,33.15,33.15,33.2,19349061.0
2018-01-26 11:20:47.628000,33.15,33.15,33.2,19349061.0
2018-01-26 11:20:50.659000,33.15,33.15,33.2,19349061.0
2018-01-26 11:20:53.769000,33.15,33.15,33.2,19349061.0
2018-01-26 11:20:56.847000,33.15,33.15,33.2,19349061.0
2018-01-26 11:20:59.816000,33.15,33.15,33.2,19349061.0
2018-01-26 11:21:02.788000,33.15,33.15,33.2,19349061.0
2018-01-26 11:21:06.277000,33.15,33.15,33.2,19349061.0
2018-01-26 11:21:09.237000,33.15,33.15,33.2,19349061.0
2018-01-26 11:21:12.286000,33.15,33.15,33.2,19349061.0
2018-01-26 11:21:15.252000,33.15,33.15,33.2,19349061.0
2018-01-26 11:21:18.172000,33.15,33.15,33.2,19349061.0
2018-01-26 11:21:21.339000,33.15,33.15,33.2,19349061.0
2018-01-26 11:21:24.192000,33.15,33.15,33.2,19349061.0
2018-01-26 11:21:27.121000,33.15,33.15,33.2,19349061.0
2018-01-26 11:21:30.193000,33.15,33.15,33.2,19349061.0
2018-01-26 11:21:33.315000,33.15,33.15,33.2,19349061.0
2018-01-26 11:21:36.349000,33.15,33.15,33.2,19349061.0
2018-01-26 11:21:39.597000,33.15,33.15,33.2,19371561.0
2018-01-26 11:21:42.597000,33.15,33.15,33.2,19371561.0
2018-01-26 11:21:45.833000,33.15,33.15,33.2,19371561.0
2018-01-26 11:21:49.017000,33.15,33.15,33.2,19371561.0
2018-01-26 11:21:52.259000,33.15,33.15,33.2,19371561.0
2018-01-26 11:21:55.378000,33.15,33.15,33.2,19371561.0
2018-01-26 11:21:58.536000,33.15,33.15,33.2,19371561.0
2018-01-26 11:22:01.558000,33.15,33.15,33.2,19371561.0
2018-01-26 11:22:04.490000,33.15,33.15,33.2,19371561.0
2018-01-26 11:22:07.519000,33.15,33.15,33.2,19371561.0
2018-01-26 11:22:10.739000,33.15,33.15,33.2,19371561.0
2018-01-26 11:22:13.691000,33.15,33.15,33.2,19371561.0
2018-01-26 11:22:16.734000,33.15,33.15,33.2,19371561.0
2018-01-26 11:22:19.967000,33.15,33.15,33.2,19371561.0
2018-01-26 11:22:23.029000,33.15,33.15,33.2,19371561.0
2018-01-26 11:22:26.216000,33.15,33.15,33.2,19371561.0
2018-01-26 11:22:29.428000,33.15,33.15,33.2,19371561.0
2018-01-26 11:22:32.482000,33.15,33.15,33.2,19371561.0
2018-01-26 11:22:35.672000,33.15,33.15,33.2,19371561.0
2018-01-26 11:22:38.799000,33.15,33.15,33.2,19371561.0
2018-01-26 11:22:42.181000,33.15,33.15,33.2,19371561.0
2018-01-26 11:22:45.525000,33.15,33.15,33.2,19371561.0
2018-01-26 11:22:48.643000,33.15,33.15,33.2,19371561.0
2018-01-26 11:22:51.765000,33.15,33.15,33.2,19371561.0
2018-01-26 11:22:54.879000,33.15,33.15,33.2,19371561.0
2018-01-26 11:22:57.916000,33.15,33.15,33.2,19371561.0
2018-01-26 11:23:00.981000,33.15,33.15,33.2,19371561.0
2018-01-26 11:23:04.222000,33.15,33.15,33.2,19371561.0
2018-01-26 11:23:07.316000,33.15,33.15,33.2,19371561.0
2018-01-26 11:23:10.771000,33.15,33.15,33.2,19371561.0
2018-01-26 11:23:13.925000,33.15,33.15,33.2,19371561.0
2018-01-26 11:23:16.930000,33.15,33.15,33.2,19371561.0
2018-01-26 11:23:20.008000,33.15,33.15,33.2,19371561.0
2018-01-26 11:23:23.020000,33.15,33.15,33.2,19371561.0
2018-01-26 11:23:25.810000,33.15,33.15,33.2,19371561.0
2018-01-26 11:23:28.864000,33.15,33.15,33.2,19371561.0
2018-01-26 11:23:31.942000,33.2,33.15,33.2,19382561.0
2018-01-26 11:23:35.182000,33.2,33.15,33.2,19382561.0
2018-01-26 11:23:38.121000,33.2,33.15,33.2,19382561.0
2018-01-26 11:23:41.355000,33.2,33.15,33.2,19382561.0
2018-01-26 11:23:44.360000,33.2,33.15,33.2,19382561.0
2018-01-26 11:23:47.651000,33.2,33.15,33.2,19382561.0
2018-01-26 11:23:51.033000,33.2,33.15,33.2,19382561.0
2018-01-26 11:23:54.114000,33.2,33.15,33.2,19382561.0
2018-01-26 11:23:57.115000,33.2,33.15,33.2,19382561.0
2018-01-26 11:24:00.074000,33.2,33.15,33.2,19382561.0
2018-01-26 11:24:02.974000,33.2,33.15,33.2,19382561.0
2018-01-26 11:24:05.991000,33.2,33.15,33.2,19382561.0
2018-01-26 11:24:08.801000,33.2,33.15,33.2,19382561.0
2018-01-26 11:24:11.839000,33.2,33.15,33.2,19382561.0
2018-01-26 11:24:14.831000,33.2,33.15,33.2,19382561.0
2018-01-26 11:24:17.865000,33.2,33.15,33.2,19382561.0
2018-01-26 11:24:20.886000,33.2,33.15,33.2,19382561.0
2018-01-26 11:24:23.910000,33.2,33.15,33.2,19382561.0
2018-01-26 11:24:27.111000,33.2,33.15,33.2,19382561.0
2018-01-26 11:24:30.164000,33.2,33.15,33.2,19382561.0
2018-01-26 11:24:33.055000,33.2,33.15,33.2,19385061.0
2018-01-26 11:24:36.244000,33.2,33.15,33.2,19385061.0
2018-01-26 11:24:39.272000,33.2,33.15,33.2,19385061.0
2018-01-26 11:24:42.241000,33.2,33.15,33.2,19385061.0
2018-01-26 11:24:45.384000,33.2,33.15,33.2,19385061.0
2018-01-26 11:24:48.358000,33.2,33.15,33.2,19385061.0
2018-01-26 11:24:51.363000,33.2,33.15,33.2,19385061.0
2018-01-26 11:24:54.242000,33.2,33.15,33.2,19385061.0
2018-01-26 11:24:57.212000,33.2,33.15,33.2,19385061.0
2018-01-26 11:25:00.176000,33.2,33.15,33.2,19385061.0
2018-01-26 11:25:03.474000,33.2,33.15,33.2,19385061.0
2018-01-26 11:25:06.696000,33.2,33.15,33.2,19385061.0
2018-01-26 11:25:09.854000,33.2,33.15,33.2,19952061.0
2018-01-26 11:25:13.347000,33.2,33.2,33.25,20295797.0
2018-01-26 11:25:16.503000,33.2,33.2,33.25,20295797.0
2018-01-26 11:25:19.759000,33.2,33.2,33.25,20295797.0
2018-01-26 11:25:22.781000,33.2,33.2,33.25,20295797.0
2018-01-26 11:25:25.837000,33.2,33.2,33.25,20295797.0
2018-01-26 11:25:28.896000,33.2,33.2,33.25,20295797.0
2018-01-26 11:25:31.941000,33.2,33.2,33.25,20295797.0
2018-01-26 11:25:34.961000,33.2,33.2,33.25,20295797.0
2018-01-26 11:25:38.254000,33.2,33.2,33.25,20295797.0
2018-01-26 11:25:41.053000,33.2,33.2,33.25,20295797.0
2018-01-26 11:25:44.123000,33.2,33.2,33.25,20295797.0
