time,price,bid,ask,volume
2018-01-25 10:11:10.515000,33.0,33.0,33.05,5190575.0
2018-01-25 10:11:13.144000,33.0,33.0,33.05,5190575.0
2018-01-25 10:11:15.703000,33.0,33.0,33.05,5190575.0
2018-01-25 10:11:18.309000,33.0,33.0,33.05,5190575.0
2018-01-25 10:11:20.795000,33.0,33.0,33.05,5190575.0
2018-01-25 10:11:23.131000,33.0,33.0,33.05,5190575.0
2018-01-25 10:11:25.627000,33.0,33.0,33.05,5190575.0
2018-01-25 10:11:28.260000,33.0,33.0,33.05,5190575.0
2018-01-25 10:11:30.697000,33.0,33.0,33.05,5190575.0
2018-01-25 10:11:33.528000,33.0,33.0,33.05,5238075.0
2018-01-25 10:11:36.472000,33.0,33.0,33.05,5238075.0
2018-01-25 10:11:39.155000,33.0,33.0,33.05,5238075.0
2018-01-25 10:11:41.705000,33.0,33.0,33.05,5238075.0
2018-01-25 10:11:44.371000,33.0,33.0,33.05,5238075.0
2018-01-25 10:11:46.891000,33.0,33.0,33.05,5238075.0
2018-01-25 10:11:49.535000,33.0,33.0,33.05,5238075.0
2018-01-25 10:11:51.926000,33.0,33.0,33.05,5238075.0
2018-01-25 10:11:54.555000,33.0,33.0,33.05,5238075.0
2018-01-25 10:11:57.308000,33.0,33.0,33.05,5238075.0
2018-01-25 10:11:59.912000,33.0,33.0,33.05,5238075.0
2018-01-25 10:12:02.427000,33.0,33.0,33.05,5238075.0
2018-01-25 10:12:05.313000,33.0,33.0,33.05,5238075.0
2018-01-25 10:12:07.927000,33.0,33.0,33.05,5238075.0
2018-01-25 10:12:10.475000,33.0,33.0,33.05,5238075.0
2018-01-25 10:12:13.365000,33.0,33.0,33.05,5238075.0
2018-01-25 10:12:15.938000,33.0,33.0,33.05,5238075.0
2018-01-25 10:12:18.763000,33.0,33.0,33.05,5238075.0
2018-01-25 10:12:21.149000,33.0,33.0,33.05,5238075.0
2018-01-25 10:12:23.639000,33.0,33.0,33.05,5238075.0
2018-01-25 10:12:26.225000,33.0,33.0,33.05,5238075.0
2018-01-25 10:12:28.751000,33.0,33.0,33.05,5238075.0
2018-01-25 10:12:30.955000,33.0,33.0,33.05,5238075.0
2018-01-25 10:12:33.307000,33.0,33.0,33.05,5238075.0
2018-01-25 10:12:35.478000,33.0,33.0,33.05,5238075.0
2018-01-25 10:12:38.037000,33.0,33.0,33.05,5238075.0
2018-01-25 10:12:40.483000,33.0,33.0,33.05,5238075.0
2018-01-25 10:12:42.892000,33.0,32.95,33.0,5618575.0
2018-01-25 10:12:45.805000,33.0,32.95,33.0,5618575.0
2018-01-25 10:12:48.585000,33.0,32.95,33.0,5618575.0
2018-01-25 10:12:50.975000,33.0,32.95,33.0,5618575.0
2018-01-25 10:12:53.796000,33.0,32.95,33.0,5618575.0
2018-01-25 10:12:56.520000,33.0,32.95,33.0,5618575.0
2018-01-25 10:12:59.160000,33.0,32.95,33.0,5618575.0
2018-01-25 10:13:01.632000,33.0,32.95,33.0,5618575.0
2018-01-25 10:13:04.498000,33.0,32.95,33.0,5618575.0
2018-01-25 10:13:07.111000,33.0,32.95,33.0,5729575.0
2018-01-25 10:13:09.659000,33.0,32.95,33.0,5729575.0
2018-01-25 10:13:12.396000,33.0,32.95,33.0,5729575.0
2018-01-25 10:13:14.987000,33.0,32.95,33.0,5729575.0
2018-01-25 10:13:17.497000,33.0,32.95,33.0,5729575.0
2018-01-25 10:13:19.989000,33.0,32.95,33.0,5729575.0
2018-01-25 10:13:22.555000,33.0,32.95,33.0,5729575.0
2018-01-25 10:13:25.001000,33.0,32.95,33.0,5729575.0
2018-01-25 10:13:27.661000,33.0,32.95,33.0,5729575.0
2018-01-25 10:13:30.386000,33.0,32.95,33.0,5729575.0
2018-01-25 10:13:33.118000,33.0,32.95,33.0,5729575.0
2018-01-25 10:13:35.784000,33.0,32.95,33.0,5729575.0
2018-01-25 10:13:38.669000,33.0,32.95,33.0,5729575.0
2018-01-25 10:13:41.573000,33.0,32.95,33.0,5729575.0
2018-01-25 10:13:44.368000,33.0,32.95,33.0,5729575.0
2018-01-25 10:13:46.821000,33.0,32.95,33.0,5729575.0
2018-01-25 10:13:49.521000,33.0,32.95,33.0,5729575.0
2018-01-25 10:13:52.167000,33.0,32.95,33.0,5729575.0
2018-01-25 10:13:54.512000,33.0,32.95,33.0,5729575.0
2018-01-25 10:13:57.140000,33.0,32.95,33.0,5729575.0
2018-01-25 10:14:00.178000,33.0,32.95,33.0,5729575.0
2018-01-25 10:14:02.775000,33.0,32.95,33.0,5787575.0
2018-01-25 10:14:05.672000,33.0,32.95,33.0,5787575.0
2018-01-25 10:14:08.395000,33.0,32.95,33.0,5787575.0
2018-01-25 10:14:11.289000,33.0,32.95,33.0,5787575.0
2018-01-25 10:14:13.876000,33.0,32.95,33.0,5787575.0
2018-01-25 10:14:16.808000,33.0,32.95,33.0,5787575.0
2018-01-25 10:14:19.958000,33.0,32.95,33.0,5787575.0
2018-01-25 10:14:22.718000,33.0,32.95,33.0,5787575.0
2018-01-25 10:14:25.308000,33.0,32.95,33.0,5787575.0
2018-01-25 10:14:28.030000,33.0,32.95,33.0,5787575.0
2018-01-25 10:14:30.499000,33.0,32.95,33.0,5787575.0
2018-01-25 10:14:33.093000,33.0,32.95,33.0,5787575.0
2018-01-25 10:14:35.639000,33.0,32.95,33.0,5787575.0
2018-01-25 10:14:38.478000,33.0,32.95,33.0,5787575.0
2018-01-25 10:14:41.249000,33.05,33.0,33.05,5812075.0
2018-01-25 10:14:43.891000,33.05,33.0,33.05,5812075.0
2018-01-25 10:14:46.505000,33.05,33.0,33.05,5812075.0
2018-01-25 10:14:49.439000,33.05,33.0,33.05,5812075.0
2018-01-25 10:14:51.918000,33.05,33.0,33.05,5812075.0
2018-01-25 10:14:54.459000,33.05,33.0,33.05,5812075.0
2018-01-25 10:14:56.999000,33.05,33.0,33.05,5812075.0
2018-01-25 10:14:59.800000,33.05,33.0,33.05,5812075.0
2018-01-25 10:15:02.439000,33.05,33.0,33.05,5812075.0
2018-01-25 10:15:05.341000,33.05,33.0,33.05,5812075.0
2018-01-25 10:15:08.353000,33.05,33.0,33.05,5812075.0
2018-01-25 10:15:11.115000,33.05,33.0,33.05,5812075.0
2018-01-25 10:15:13.813000,33.05,33.0,33.05,5812075.0
2018-01-25 10:15:16.474000,33.05,33.0,33.05,5812075.0
2018-01-25 10:15:19.247000,33.05,33.0,33.05,5812075.0
2018-01-25 10:15:21.745000,33.05,33.0,33.05,5812075.0
2018-01-25 10:15:24.335000,33.05,33.0,33.05,5812075.0
2018-01-25 10:15:27,33.05,33.0,33.05,5812075.0
2018-01-25 10:15:29.977000,33.05,33.0,33.05,5812075.0
2018-01-25 10:15:32.877000,33.05,33.0,33.05,5812075.0
2018-01-25 10:15:35.509000,32.95,32.95,33.0,5848695.0
2018-01-25 10:15:38.131000,32.95,32.95,33.0,5848695.0
2018-01-25 10:15:40.762000,32.95,32.95,33.0,5848695.0
2018-01-25 10:15:43.329000,32.95,32.95,33.0,5848695.0
2018-01-25 10:15:46.052000,32.95,32.95,33.0,5848695.0
2018-01-25 10:15:48.627000,32.95,32.95,33.0,5848695.0
2018-01-25 10:15:51.343000,32.95,32.95,33.0,5848695.0
2018-01-25 10:15:53.824000,32.95,32.95,33.0,5848695.0
2018-01-25 10:15:56.417000,32.95,32.95,33.0,5848695.0
2018-01-25 10:15:59.006000,32.95,32.95,33.0,5848695.0
2018-01-25 10:16:01.898000,32.95,32.95,33.0,5848695.0
2018-01-25 10:16:04.617000,32.95,32.95,33.0,5848695.0
2018-01-25 10:16:07.092000,32.95,32.95,33.0,5848695.0
2018-01-25 10:16:09.848000,32.95,32.95,33.0,5848695.0
2018-01-25 10:16:12.444000,32.95,32.95,33.0,5848695.0
2018-01-25 10:16:15.212000,32.95,32.95,33.0,5848695.0
2018-01-25 10:16:18.020000,32.95,32.95,33.0,5848695.0
2018-01-25 10:16:20.742000,32.95,32.95,33.0,5848695.0
2018-01-25 10:16:23.247000,32.95,32.95,33.0,5848695.0
2018-01-25 10:16:25.929000,32.95,32.95,33.0,5848695.0
2018-01-25 10:16:28.662000,32.95,32.95,33.0,5848695.0
2018-01-25 10:16:31.395000,32.95,32.95,33.0,5848695.0
2018-01-25 10:16:33.958000,32.95,32.95,33.0,5848695.0
2018-01-25 10:16:36.548000,32.95,32.95,33.0,5857195.0
2018-01-25 10:16:39.193000,32.95,32.95,33.0,5857195.0
2018-01-25 10:16:41.821000,32.95,32.95,33.0,5857195.0
2018-01-25 10:16:44.817000,32.95,32.95,33.0,5857195.0
2018-01-25 10:16:47.406000,32.95,32.95,33.0,5857195.0
2018-01-25 10:16:50.144000,32.95,32.95,33.0,5857195.0
2018-01-25 10:16:53.126000,32.95,32.95,33.0,5857195.0
2018-01-25 10:16:55.773000,32.95,32.95,33.0,5857195.0
2018-01-25 10:16:58.338000,32.95,32.95,33.0,5857195.0
2018-01-25 10:17:01.084000,32.95,32.95,33.0,5857195.0
2018-01-25 10:17:03.696000,32.95,32.95,33.0,5857195.0
2018-01-25 10:17:06.194000,32.95,32.95,33.0,5857195.0
2018-01-25 10:17:08.768000,32.95,32.95,33.0,5857195.0
2018-01-25 10:17:11.417000,32.95,32.95,33.0,5857195.0
2018-01-25 10:17:14.069000,32.95,32.95,33.0,5857195.0
2018-01-25 10:17:16.648000,32.95,32.95,33.0,5857195.0
2018-01-25 10:17:19.212000,32.95,32.95,33.0,5857195.0
2018-01-25 10:17:21.582000,32.95,32.95,33.0,5857195.0
2018-01-25 10:17:24.194000,32.95,32.95,33.0,5857195.0
2018-01-25 10:17:26.880000,32.95,32.95,33.0,5857195.0
2018-01-25 10:17:29.490000,32.95,32.95,33.0,5857195.0
2018-01-25 10:17:31.982000,32.95,32.95,33.0,5857195.0
2018-01-25 10:17:34.500000,32.95,32.95,33.0,5857195.0
2018-01-25 10:17:36.891000,32.95,32.95,33.0,5857195.0
2018-01-25 10:17:39.460000,32.95,32.95,33.0,5859195.0
2018-01-25 10:17:42.013000,32.95,32.95,33.0,5859195.0
2018-01-25 10:17:44.538000,32.95,32.95,33.0,5859195.0
2018-01-25 10:17:47.494000,32.95,32.95,33.0,5859195.0
2018-01-25 10:17:50.198000,32.95,32.95,33.0,5859195.0
2018-01-25 10:17:52.933000,32.95,32.95,33.0,5859195.0
2018-01-25 10:17:55.635000,32.95,32.95,33.0,5859195.0
2018-01-25 10:17:58.197000,32.95,32.95,33.0,5859195.0
2018-01-25 10:18:00.923000,32.95,32.95,33.0,5859195.0
2018-01-25 10:18:03.427000,32.95,32.95,33.0,5859195.0
2018-01-25 10:18:05.931000,32.95,32.95,33.0,5859195.0
2018-01-25 10:18:08.476000,32.95,32.95,33.0,5859195.0
2018-01-25 10:18:10.967000,32.95,32.95,33.0,5859195.0
2018-01-25 10:18:13.481000,32.95,32.95,33.0,5859195.0
2018-01-25 10:18:15.949000,32.95,32.95,33.0,5859195.0
2018-01-25 10:18:18.660000,32.95,32.95,33.0,5859195.0
2018-01-25 10:18:21.231000,32.95,32.95,33.0,5859195.0
2018-01-25 10:18:23.749000,32.95,32.95,33.0,5859195.0
2018-01-25 10:18:26.223000,32.95,32.95,33.0,5859195.0
2018-01-25 10:18:28.770000,32.95,32.95,33.0,5859195.0
2018-01-25 10:18:31.372000,32.95,32.95,33.0,5859195.0
2018-01-25 10:18:34.149000,32.95,32.95,33.0,5859195.0
2018-01-25 10:18:36.804000,32.95,32.95,33.0,5859195.0
2018-01-25 10:18:39.290000,32.95,32.95,33.0,5859195.0
2018-01-25 10:18:42.091000,32.95,32.95,33.0,5859195.0
2018-01-25 10:18:44.743000,32.95,32.95,33.0,5859195.0
2018-01-25 10:18:47.277000,32.95,32.95,33.0,5859195.0
2018-01-25 10:18:49.761000,32.95,32.95,33.0,5859195.0
2018-01-25 10:18:52.638000,32.95,32.95,33.0,5859195.0
2018-01-25 10:18:55.295000,32.95,32.95,33.0,5859195.0
2018-01-25 10:18:58.040000,32.95,32.95,33.0,5859195.0
2018-01-25 10:19:00.715000,32.95,32.95,33.0,5859195.0
2018-01-25 10:19:03.349000,32.95,32.95,33.0,5859195.0
2018-01-25 10:19:05.949000,32.95,32.95,33.0,5859195.0
2018-01-25 10:19:08.651000,32.95,32.95,33.0,5859195.0
2018-01-25 10:19:11.323000,32.95,32.95,33.0,5859195.0
2018-01-25 10:19:13.731000,32.95,32.95,33.0,5859195.0
2018-01-25 10:19:16.081000,32.95,32.95,33.0,5859195.0
2018-01-25 10:19:18.631000,32.95,32.95,33.0,5859195.0
2018-01-25 10:19:21.328000,32.95,32.95,33.0,5859195.0
2018-01-25 10:19:24.076000,32.95,32.95,33.0,5859195.0
2018-01-25 10:19:26.774000,32.95,32.95,33.0,5859195.0
2018-01-25 10:19:29.415000,32.95,32.95,33.0,5859195.0
2018-01-25 10:19:32.170000,32.95,32.95,33.0,5859195.0
2018-01-25 10:19:34.931000,32.95,32.95,33.0,5859195.0
2018-01-25 10:19:37.598000,32.95,32.95,33.0,5859195.0
2018-01-25 10:19:40.308000,32.95,32.95,33.0,5859195.0
2018-01-25 10:19:43.002000,33.0,32.95,33.0,5899195.0
2018-01-25 10:19:45.892000,33.0,32.95,33.0,5899195.0
2018-01-25 10:19:48.884000,33.0,32.95,33.0,5899195.0
2018-01-25 10:19:51.512000,33.0,32.95,33.0,5899195.0
2018-01-25 10:19:54.105000,33.0,32.95,33.0,5899195.0
2018-01-25 10:19:56.622000,33.0,32.95,33.0,5899195.0
2018-01-25 10:19:59.293000,33.0,32.95,33.0,5899195.0
2018-01-25 10:20:02.014000,33.0,32.95,33.0,5899195.0
2018-01-25 10:20:04.573000,33.0,32.95,33.0,5899195.0
2018-01-25 10:20:07.063000,33.0,32.95,33.0,5899195.0
2018-01-25 10:20:09.798000,33.0,32.95,33.0,5899195.0
2018-01-25 10:20:12.480000,33.0,32.95,33.0,5899195.0
2018-01-25 10:20:15.501000,33.0,32.95,33.0,5899195.0
2018-01-25 10:20:17.990000,33.0,32.95,33.0,5899195.0
2018-01-25 10:20:20.511000,33.0,32.95,33.0,5899195.0
2018-01-25 10:20:23.150000,32.95,32.95,33.0,5935195.0
2018-01-25 10:20:25.981000,32.95,32.95,33.0,5935195.0
2018-01-25 10:20:28.654000,32.95,32.95,33.0,5935195.0
2018-01-25 10:20:31.282000,32.95,32.95,33.0,5935195.0
2018-01-25 10:20:33.685000,32.95,32.95,33.0,5935195.0
2018-01-25 10:20:36.351000,32.95,32.95,33.0,5935195.0
2018-01-25 10:20:38.984000,32.95,32.95,33.0,5935195.0
2018-01-25 10:20:41.597000,32.95,32.95,33.0,5935195.0
2018-01-25 10:20:44.386000,32.95,32.95,33.0,5935195.0
2018-01-25 10:20:46.993000,32.95,32.95,33.0,5935195.0
2018-01-25 10:20:49.778000,32.95,32.95,33.0,5935195.0
2018-01-25 10:20:52.479000,32.95,32.95,33.0,5935195.0
2018-01-25 10:20:55.094000,32.95,32.95,33.0,5935195.0
2018-01-25 10:20:57.876000,32.95,32.95,33.0,5935195.0
2018-01-25 10:21:00.488000,32.95,32.95,33.0,5935195.0
2018-01-25 10:21:03.081000,32.95,32.95,33.0,5935195.0
2018-01-25 10:21:05.685000,32.95,32.95,33.0,5935195.0
2018-01-25 10:21:08.381000,32.95,32.95,33.0,5935195.0
2018-01-25 10:21:11.055000,32.95,32.95,33.0,5935195.0
2018-01-25 10:21:13.971000,32.95,32.95,33.0,5935195.0
2018-01-25 10:21:16.817000,32.95,32.95,33.0,5935195.0
2018-01-25 10:21:19.730000,32.95,32.95,33.0,5963195.0
2018-01-25 10:21:22.640000,32.95,32.95,33.0,5963195.0
2018-01-25 10:21:25.422000,32.95,32.95,33.0,5963195.0
2018-01-25 10:21:28.228000,32.95,32.95,33.0,5963195.0
2018-01-25 10:21:30.822000,32.95,32.95,33.0,5963195.0
2018-01-25 10:21:33.494000,32.95,32.95,33.0,5963195.0
2018-01-25 10:21:35.995000,32.95,32.95,33.0,5963195.0
2018-01-25 10:21:38.784000,32.95,32.95,33.0,5963195.0
2018-01-25 10:21:41.437000,32.95,32.95,33.0,5963195.0
2018-01-25 10:21:44.060000,32.95,32.95,33.0,5963195.0
2018-01-25 10:21:46.851000,32.95,32.95,33.0,5963195.0
2018-01-25 10:21:49.455000,32.95,32.95,33.0,5963195.0
2018-01-25 10:21:52.168000,32.95,32.95,33.0,5963195.0
2018-01-25 10:21:54.903000,32.95,32.95,33.0,5963195.0
2018-01-25 10:21:57.614000,32.95,32.95,33.0,5963195.0
2018-01-25 10:22:00.297000,32.95,32.95,33.0,5963195.0
2018-01-25 10:22:03.112000,32.95,32.95,33.0,5963195.0
2018-01-25 10:22:05.716000,32.95,32.95,33.0,6032195.0
2018-01-25 10:22:08.557000,32.95,32.95,33.0,6032195.0
2018-01-25 10:22:11.360000,32.95,32.95,33.0,6032195.0
2018-01-25 10:22:13.916000,32.95,32.95,33.0,6032195.0
2018-01-25 10:22:16.709000,32.95,32.95,33.0,6032195.0
2018-01-25 10:22:19.484000,32.95,32.95,33.0,6032195.0
2018-01-25 10:22:22.297000,32.95,32.95,33.0,6032195.0
2018-01-25 10:22:24.812000,32.95,32.95,33.0,6032195.0
2018-01-25 10:22:27.486000,32.95,32.95,33.0,6032195.0
2018-01-25 10:22:30.094000,32.95,32.95,33.0,6032195.0
2018-01-25 10:22:32.798000,32.95,32.95,33.0,6032195.0
2018-01-25 10:22:35.613000,32.95,32.95,33.0,6032195.0
2018-01-25 10:22:38.169000,32.95,32.95,33.0,6032195.0
2018-01-25 10:22:40.752000,32.95,32.95,33.0,6032195.0
2018-01-25 10:22:43.385000,32.95,32.95,33.0,6032195.0
2018-01-25 10:22:46.043000,32.95,32.95,33.0,6032195.0
2018-01-25 10:22:49.061000,32.95,32.95,33.0,6042695.0
2018-01-25 10:22:51.987000,32.95,32.95,33.0,6042695.0
2018-01-25 10:22:54.641000,32.95,32.95,33.0,6042695.0
2018-01-25 10:22:57.334000,32.95,32.95,33.0,6042695.0
2018-01-25 10:22:59.991000,32.95,32.95,33.0,6042695.0
2018-01-25 10:23:02.731000,32.95,32.95,33.0,6042695.0
2018-01-25 10:23:05.487000,32.95,32.95,33.0,6042695.0
2018-01-25 10:23:08.120000,32.95,32.95,33.0,6042695.0
2018-01-25 10:23:10.769000,32.95,32.95,33.0,6042695.0
2018-01-25 10:23:13.332000,32.95,32.95,33.0,6042695.0
2018-01-25 10:23:16.019000,32.95,32.95,33.0,6042695.0
2018-01-25 10:23:18.577000,32.95,32.95,33.0,6042695.0
2018-01-25 10:23:20.996000,32.95,32.95,33.0,6042695.0
2018-01-25 10:23:23.624000,32.95,32.95,33.0,6042695.0
2018-01-25 10:23:26.369000,32.95,32.95,33.0,6042695.0
2018-01-25 10:23:29.093000,32.95,32.95,33.0,6042695.0
2018-01-25 10:23:31.699000,32.95,32.95,33.0,6042695.0
2018-01-25 10:23:34.350000,32.95,32.95,33.0,6042695.0
2018-01-25 10:23:36.832000,32.95,32.95,33.0,6042695.0
2018-01-25 10:23:39.350000,32.95,32.95,33.0,6042695.0
2018-01-25 10:23:41.744000,32.95,32.95,33.0,6042695.0
2018-01-25 10:23:44.131000,32.95,32.95,33.0,6042695.0
2018-01-25 10:23:46.778000,32.95,32.95,33.0,6042695.0
2018-01-25 10:23:49.157000,32.95,32.95,33.0,6043775.0
2018-01-25 10:23:51.551000,32.95,32.95,33.0,6043775.0
2018-01-25 10:23:54.295000,32.95,32.95,33.0,6043775.0
2018-01-25 10:23:56.997000,32.95,32.95,33.0,6043775.0
2018-01-25 10:23:59.864000,32.95,32.95,33.0,6043775.0
2018-01-25 10:24:02.608000,32.95,32.95,33.0,6043775.0
2018-01-25 10:24:05.297000,32.95,32.95,33.0,6043775.0
2018-01-25 10:24:07.879000,32.95,32.95,33.0,6043775.0
2018-01-25 10:24:10.737000,32.95,32.95,33.0,6043775.0
2018-01-25 10:24:13.351000,32.95,32.95,33.0,6043775.0
2018-01-25 10:24:15.961000,32.95,32.95,33.0,6043775.0
2018-01-25 10:24:18.707000,32.95,32.95,33.0,6043775.0
2018-01-25 10:24:21.300000,32.95,32.95,33.0,6043775.0
2018-01-25 10:24:24.024000,32.95,32.95,33.0,6043775.0
2018-01-25 10:24:26.712000,32.95,32.95,33.0,6043775.0
2018-01-25 10:24:29.302000,32.95,32.95,33.0,6043775.0
2018-01-25 10:24:31.777000,32.95,32.95,33.0,6043775.0
2018-01-25 10:24:34.591000,32.95,32.95,33.0,6043775.0
2018-01-25 10:24:37.247000,32.95,32.95,33.0,6043775.0
2018-01-25 10:24:40.050000,32.95,32.95,33.0,6043775.0
2018-01-25 10:24:42.780000,32.95,32.95,33.0,6043775.0
2018-01-25 10:24:45.230000,32.95,32.95,33.0,6043775.0
2018-01-25 10:24:48.348000,32.95,32.95,33.0,6043775.0
2018-01-25 10:24:50.949000,32.95,32.95,33.0,6043775.0
2018-01-25 10:24:53.697000,32.95,32.95,33.0,6043775.0
2018-01-25 10:24:56.209000,32.95,32.95,33.0,6085275.0
2018-01-25 10:24:58.741000,32.95,32.95,33.0,6085275.0
2018-01-25 10:25:01.501000,32.95,32.95,33.0,6085275.0
2018-01-25 10:25:04.263000,32.95,32.95,33.0,6085275.0
2018-01-25 10:25:06.912000,32.95,32.95,33.0,6085275.0
2018-01-25 10:25:09.606000,32.95,32.95,33.0,6085275.0
2018-01-25 10:25:12.245000,32.95,32.95,33.0,6085275.0
2018-01-25 10:25:14.706000,32.95,32.95,33.0,6085275.0
2018-01-25 10:25:17.226000,32.95,32.95,33.0,6085275.0
2018-01-25 10:25:19.736000,32.95,32.95,33.0,6085275.0
2018-01-25 10:25:22.237000,32.95,32.95,33.0,6085275.0
2018-01-25 10:25:25.082000,32.95,32.95,33.0,6085275.0
2018-01-25 10:25:27.701000,32.95,32.95,33.0,6085275.0
2018-01-25 10:25:30.632000,32.95,32.95,33.0,6085275.0
2018-01-25 10:25:33.496000,32.95,32.95,33.0,6085275.0
2018-01-25 10:25:36.133000,32.95,32.95,33.0,6085275.0
2018-01-25 10:25:38.824000,32.95,32.95,33.0,6085275.0
2018-01-25 10:25:41.712000,32.95,32.95,33.0,6085275.0
2018-01-25 10:25:44.470000,32.95,32.95,33.0,6085275.0
2018-01-25 10:25:47.150000,32.95,32.95,33.0,6085275.0
2018-01-25 10:25:50.030000,32.95,32.95,33.0,6085275.0
2018-01-25 10:25:52.632000,32.95,32.95,33.0,6085275.0
2018-01-25 10:25:55.195000,32.95,32.95,33.0,6169775.0
2018-01-25 10:25:57.836000,32.95,32.95,33.0,6169775.0
2018-01-25 10:26:00.481000,32.95,32.95,33.0,6169775.0
2018-01-25 10:26:03.157000,32.95,32.95,33.0,6169775.0
2018-01-25 10:26:05.708000,32.95,32.95,33.0,6169775.0
2018-01-25 10:26:08.697000,32.95,32.95,33.0,6169775.0
2018-01-25 10:26:11.322000,32.95,32.95,33.0,6169775.0
2018-01-25 10:26:13.983000,32.95,32.95,33.0,6169775.0
2018-01-25 10:26:16.653000,32.95,32.95,33.0,6169775.0
2018-01-25 10:26:19.203000,32.95,32.95,33.0,6169775.0
2018-01-25 10:26:21.749000,32.95,32.95,33.0,6169775.0
2018-01-25 10:26:24.411000,32.95,32.95,33.0,6169775.0
2018-01-25 10:26:27.193000,32.95,32.95,33.0,6169775.0
2018-01-25 10:26:29.833000,32.95,32.95,33.0,6169775.0
2018-01-25 10:26:32.583000,32.95,32.95,33.0,6169775.0
2018-01-25 10:26:35.227000,32.95,32.95,33.0,6169775.0
2018-01-25 10:26:38.012000,32.95,32.95,33.0,6169775.0
2018-01-25 10:26:40.630000,32.95,32.95,33.0,6169775.0
2018-01-25 10:26:43.308000,32.95,32.95,33.0,6169775.0
2018-01-25 10:26:46.541000,32.95,32.95,33.0,6169775.0
2018-01-25 10:26:49.039000,32.95,32.95,33.0,6178775.0
2018-01-25 10:26:51.906000,32.95,32.95,33.0,6178775.0
2018-01-25 10:26:54.551000,32.95,32.95,33.0,6178775.0
2018-01-25 10:26:57.065000,32.95,32.95,33.0,6178775.0
2018-01-25 10:26:59.747000,32.95,32.95,33.0,6178775.0
2018-01-25 10:27:02.375000,32.95,32.95,33.0,6178775.0
2018-01-25 10:27:05.075000,32.95,32.95,33.0,6178775.0
2018-01-25 10:27:07.543000,32.95,32.95,33.0,6178775.0
2018-01-25 10:27:10.287000,32.95,32.95,33.0,6178775.0
2018-01-25 10:27:13.166000,32.95,32.95,33.0,6178775.0
2018-01-25 10:27:15.721000,32.95,32.95,33.0,6178775.0
2018-01-25 10:27:18.467000,32.95,32.95,33.0,6178775.0
2018-01-25 10:27:21.336000,32.95,32.95,33.0,6178775.0
2018-01-25 10:27:24.180000,32.95,32.95,33.0,6178775.0
2018-01-25 10:27:26.882000,33.0,32.95,33.0,6244275.0
2018-01-25 10:27:29.616000,33.0,32.95,33.0,6244275.0
2018-01-25 10:27:32.246000,33.0,32.95,33.0,6244275.0
2018-01-25 10:27:34.818000,33.0,32.95,33.0,6244275.0
2018-01-25 10:27:37.367000,33.0,32.95,33.0,6244275.0
2018-01-25 10:27:40.069000,33.0,32.95,33.0,6244275.0
2018-01-25 10:27:42.687000,33.0,32.95,33.0,6244275.0
2018-01-25 10:27:45.336000,33.0,32.95,33.0,6244275.0
2018-01-25 10:27:47.919000,33.0,32.95,33.0,6244275.0
2018-01-25 10:27:50.539000,33.0,32.95,33.0,6244275.0
2018-01-25 10:27:53.272000,33.0,32.95,33.0,6244275.0
2018-01-25 10:27:55.786000,33.0,32.95,33.0,6244275.0
2018-01-25 10:27:58.393000,33.0,32.95,33.0,6244275.0
2018-01-25 10:28:01.099000,33.0,32.95,33.0,6244275.0
2018-01-25 10:28:04.057000,33.0,32.95,33.0,6244275.0
2018-01-25 10:28:06.684000,33.0,32.95,33.0,6244275.0
2018-01-25 10:28:09.391000,33.0,32.95,33.0,6244275.0
2018-01-25 10:28:12.171000,32.95,32.95,33.0,6376775.0
2018-01-25 10:28:14.760000,32.95,32.95,33.0,6376775.0
2018-01-25 10:28:17.403000,32.95,32.95,33.0,6376775.0
2018-01-25 10:28:20.007000,32.95,32.95,33.0,6376775.0
2018-01-25 10:28:22.978000,32.95,32.95,33.0,6376775.0
2018-01-25 10:28:25.649000,32.95,32.95,33.0,6376775.0
2018-01-25 10:28:28.377000,32.95,32.95,33.0,6376775.0
2018-01-25 10:28:31.305000,32.95,32.95,33.0,6376775.0
2018-01-25 10:28:33.759000,32.95,32.95,33.0,6376775.0
2018-01-25 10:28:36.503000,32.95,32.95,33.0,6376775.0
2018-01-25 10:28:39.036000,32.95,32.95,33.0,6376775.0
2018-01-25 10:28:41.759000,32.95,32.95,33.0,6376775.0
2018-01-25 10:28:45.929000,32.95,32.95,33.0,6376775.0
2018-01-25 10:28:49.318000,32.95,32.95,33.0,6376775.0
2018-01-25 10:28:52.651000,32.95,32.95,33.0,6376775.0
2018-01-25 10:28:55.834000,32.95,32.95,33.0,6376775.0
2018-01-25 10:28:59.433000,32.95,32.95,33.0,6376775.0
2018-01-25 10:29:02.489000,32.95,32.95,33.0,6376775.0
2018-01-25 10:29:05.526000,32.95,32.95,33.0,6376775.0
2018-01-25 10:29:08.575000,32.95,32.95,33.0,6376775.0
2018-01-25 10:29:11.807000,32.95,32.95,33.0,6376775.0
2018-01-25 10:29:14.945000,32.95,32.95,33.0,6376775.0
2018-01-25 10:29:18.096000,32.95,32.95,33.0,6376775.0
2018-01-25 10:29:21.103000,32.95,32.95,33.0,6376775.0
2018-01-25 10:29:24.306000,32.95,32.95,33.0,6376775.0
2018-01-25 10:29:27.218000,32.95,32.95,33.0,6376775.0
2018-01-25 10:29:30.618000,33.0,32.95,33.0,6605463.0
2018-01-25 10:29:33.505000,33.0,32.95,33.0,6605463.0
2018-01-25 10:29:36.634000,33.0,32.95,33.0,6605463.0
2018-01-25 10:29:39.821000,33.0,32.95,33.0,6605463.0
2018-01-25 10:29:43.327000,33.0,32.95,33.0,6605463.0
2018-01-25 10:29:48.528000,33.0,32.95,33.0,6605463.0
2018-01-25 10:29:51.720000,33.0,32.95,33.0,6605463.0
2018-01-25 10:29:54.900000,33.0,32.95,33.0,6605463.0
2018-01-25 10:29:58.176000,33.0,32.95,33.0,6605463.0
2018-01-25 10:30:01.371000,33.0,32.95,33.0,6605463.0
2018-01-25 10:30:04.672000,33.0,32.95,33.0,6605463.0
2018-01-25 10:30:09.084000,33.0,32.95,33.0,6605463.0
2018-01-25 10:30:13.267000,33.0,32.95,33.0,6605463.0
2018-01-25 10:30:16.197000,33.0,32.95,33.0,6605463.0
2018-01-25 10:30:19.045000,33.0,32.95,33.0,6605463.0
2018-01-25 10:30:22.609000,33.0,32.95,33.0,6605463.0
2018-01-25 10:30:26.417000,33.0,32.95,33.0,6605463.0
2018-01-25 10:30:30.244000,33.0,32.95,33.0,6605463.0
2018-01-25 10:30:35.305000,33.0,32.95,33.0,6605463.0
2018-01-25 10:30:38.462000,33.0,32.95,33.0,6605463.0
2018-01-25 10:30:41.322000,33.0,32.95,33.0,6605463.0
2018-01-25 10:30:44.531000,33.0,32.95,33.0,6605463.0
2018-01-25 10:30:47.591000,33.0,32.95,33.0,6605463.0
2018-01-25 10:30:50.925000,33.0,32.95,33.0,6605463.0
2018-01-25 10:30:53.881000,33.0,32.95,33.0,6605463.0
2018-01-25 10:30:56.901000,33.0,32.95,33.0,6605463.0
2018-01-25 10:30:59.738000,33.0,32.95,33.0,6605463.0
2018-01-25 10:31:02.636000,33.0,32.95,33.0,6605463.0
2018-01-25 10:31:05.496000,33.0,32.95,33.0,6605463.0
2018-01-25 10:31:08.763000,33.0,33.0,33.05,6798463.0
2018-01-25 10:31:12.122000,33.0,33.0,33.05,6798463.0
2018-01-25 10:31:15.091000,33.0,33.0,33.05,6798463.0
2018-01-25 10:31:18.312000,33.0,33.0,33.05,6798463.0
2018-01-25 10:31:21.250000,33.0,33.0,33.05,6798463.0
2018-01-25 10:31:24.132000,33.0,33.0,33.05,6798463.0
2018-01-25 10:31:27.092000,33.0,33.0,33.05,6798463.0
2018-01-25 10:31:30.116000,33.0,33.0,33.05,6798463.0
2018-01-25 10:31:33.128000,33.0,33.0,33.05,6798463.0
2018-01-25 10:31:36.221000,33.0,33.0,33.05,6798463.0
2018-01-25 10:31:39.255000,33.0,33.0,33.05,6798463.0
2018-01-25 10:31:43.389000,33.0,33.0,33.05,6798463.0
2018-01-25 10:31:46.451000,33.0,33.0,33.05,6798463.0
2018-01-25 10:31:49.421000,33.0,33.0,33.05,6798463.0
2018-01-25 10:31:52.381000,33.0,33.0,33.05,6798463.0
2018-01-25 10:31:55.294000,33.0,33.0,33.05,6798463.0
2018-01-25 10:31:58.218000,33.0,33.0,33.05,6798463.0
2018-01-25 10:32:01.340000,33.0,33.0,33.05,6798463.0
2018-01-25 10:32:04.312000,33.0,33.0,33.05,6804025.0
2018-01-25 10:32:07.150000,33.0,33.0,33.05,6804025.0
2018-01-25 10:32:10.229000,33.0,33.0,33.05,6804025.0
2018-01-25 10:32:13.326000,33.0,33.0,33.05,6804025.0
2018-01-25 10:32:16.419000,33.0,33.0,33.05,6804025.0
2018-01-25 10:32:19.548000,33.0,33.0,33.05,6804025.0
2018-01-25 10:32:22.637000,33.0,33.0,33.05,6804025.0
2018-01-25 10:32:25.576000,33.0,33.0,33.05,6804025.0
2018-01-25 10:32:29.001000,33.0,33.0,33.05,6804025.0
2018-01-25 10:32:32.608000,33.0,33.0,33.05,6804025.0
2018-01-25 10:32:35.652000,33.0,33.0,33.05,6804025.0
2018-01-25 10:32:38.778000,33.0,33.0,33.05,6804025.0
2018-01-25 10:32:41.563000,33.0,33.0,33.05,6804025.0
2018-01-25 10:32:44.510000,33.0,33.0,33.05,6804025.0
2018-01-25 10:32:47.537000,33.0,33.0,33.05,6804025.0
2018-01-25 10:32:50.639000,33.0,33.0,33.05,6804025.0
2018-01-25 10:32:53.876000,33.0,33.0,33.05,6804025.0
2018-01-25 10:32:56.842000,33.0,33.0,33.05,6804025.0
2018-01-25 10:32:59.756000,33.0,33.0,33.05,6804025.0
2018-01-25 10:33:02.814000,33.0,33.0,33.05,6809204.0
2018-01-25 10:33:05.871000,33.0,33.0,33.05,6809204.0
2018-01-25 10:33:09.050000,33.0,33.0,33.05,6809204.0
2018-01-25 10:33:11.955000,33.0,33.0,33.05,6809204.0
2018-01-25 10:33:15.144000,33.0,33.0,33.05,6809204.0
2018-01-25 10:33:18.629000,33.0,33.0,33.05,6809204.0
2018-01-25 10:33:21.609000,33.0,33.0,33.05,6809204.0
2018-01-25 10:33:24.566000,33.0,33.0,33.05,6809204.0
2018-01-25 10:33:27.536000,33.0,33.0,33.05,6809204.0
2018-01-25 10:33:30.358000,33.0,33.0,33.05,6809204.0
2018-01-25 10:33:33.292000,33.0,33.0,33.05,6809204.0
2018-01-25 10:33:36.130000,33.0,33.0,33.05,6809204.0
2018-01-25 10:33:39.166000,33.0,33.0,33.05,6809204.0
2018-01-25 10:33:42.178000,33.0,33.0,33.05,6809204.0
2018-01-25 10:33:45.290000,33.0,33.0,33.05,6809204.0
2018-01-25 10:33:48.447000,33.0,33.0,33.05,6809204.0
2018-01-25 10:33:51.508000,33.0,33.0,33.05,6809204.0
2018-01-25 10:33:54.476000,33.0,33.0,33.05,6809204.0
2018-01-25 10:33:57.352000,33.0,33.0,33.05,6809204.0
2018-01-25 10:34:00.273000,33.0,33.0,33.05,6809204.0
2018-01-25 10:34:03.162000,33.0,33.0,33.05,6809204.0
2018-01-25 10:34:06.073000,33.0,33.0,33.05,6809204.0
2018-01-25 10:34:08.857000,33.0,33.0,33.05,6809204.0
2018-01-25 10:34:11.655000,33.0,33.0,33.05,6809204.0
2018-01-25 10:34:14.659000,33.0,33.0,33.05,6809204.0
2018-01-25 10:34:17.704000,33.0,33.0,33.05,6809204.0
2018-01-25 10:34:20.485000,33.0,33.0,33.05,6809204.0
2018-01-25 10:34:23.303000,33.0,33.0,33.05,6809204.0
2018-01-25 10:34:26.170000,33.0,33.0,33.05,6809204.0
2018-01-25 10:34:29.101000,33.0,33.0,33.05,6809204.0
2018-01-25 10:34:32.035000,33.0,33.0,33.05,6809204.0
2018-01-25 10:34:34.740000,33.0,33.0,33.05,6809204.0
2018-01-25 10:34:37.447000,33.0,33.0,33.05,6809204.0
2018-01-25 10:34:40.330000,33.0,33.0,33.05,6809204.0
2018-01-25 10:34:43.249000,33.0,33.0,33.05,6809204.0
2018-01-25 10:34:46.048000,33.0,33.0,33.05,6809204.0
2018-01-25 10:34:49.102000,33.0,33.0,33.05,6809204.0
2018-01-25 10:34:51.861000,33.0,33.0,33.05,6809204.0
2018-01-25 10:34:55.999000,33.0,33.0,33.05,6809204.0
2018-01-25 10:34:59.714000,33.0,33.0,33.05,6809204.0
2018-01-25 10:35:03.941000,33.0,33.0,33.05,6809204.0
2018-01-25 10:35:07.176000,33.0,33.0,33.05,6809204.0
2018-01-25 10:35:10.047000,33.0,33.0,33.05,6809204.0
2018-01-25 10:35:13.695000,33.0,33.0,33.05,6809204.0
2018-01-25 10:35:17.078000,33.0,33.0,33.05,6809204.0
2018-01-25 10:35:21.242000,33.0,33.0,33.05,6809204.0
2018-01-25 10:35:23.914000,33.0,33.0,33.05,6809204.0
2018-01-25 10:35:26.555000,33.0,33.0,33.05,6809204.0
2018-01-25 10:35:29.107000,33.0,33.0,33.05,6809204.0
2018-01-25 10:35:31.806000,33.0,33.0,33.05,6809204.0
2018-01-25 10:35:34.735000,33.0,33.0,33.05,6809204.0
2018-01-25 10:35:37.563000,33.0,33.0,33.05,6809204.0
2018-01-25 10:35:40.166000,33.0,33.0,33.05,6809204.0
2018-01-25 10:35:43.060000,33.0,33.0,33.05,6809204.0
2018-01-25 10:35:46.441000,33.0,33.0,33.05,6809204.0
2018-01-25 10:35:50.212000,33.0,33.0,33.05,6809204.0
2018-01-25 10:35:53.865000,33.0,33.0,33.05,6809204.0
2018-01-25 10:35:57.912000,33.0,33.0,33.05,6809204.0
2018-01-25 10:36:02.296000,33.0,33.0,33.05,6809204.0
2018-01-25 10:36:06.186000,33.0,33.0,33.05,6809204.0
2018-01-25 10:36:10.877000,33.0,33.0,33.05,6809204.0
2018-01-25 10:36:14.581000,33.0,33.0,33.05,6809204.0
2018-01-25 10:36:18.102000,33.0,33.0,33.05,6809204.0
2018-01-25 10:36:21.630000,33.0,33.0,33.05,6824204.0
2018-01-25 10:36:25.321000,33.0,33.0,33.05,6824204.0
2018-01-25 10:36:29.141000,33.0,33.0,33.05,6824204.0
2018-01-25 10:36:32.808000,33.0,33.0,33.05,6824204.0
2018-01-25 10:36:36.490000,33.0,33.0,33.05,6824204.0
2018-01-25 10:36:40.008000,33.0,33.0,33.05,6824204.0
2018-01-25 10:36:43.650000,33.0,33.0,33.05,6824204.0
2018-01-25 10:36:47.271000,33.0,33.0,33.05,6824204.0
2018-01-25 10:36:51.034000,33.0,33.0,33.05,6824204.0
2018-01-25 10:36:54.663000,33.0,33.0,33.05,6824204.0
2018-01-25 10:36:58.496000,33.0,33.0,33.05,6824204.0
2018-01-25 10:37:02.241000,33.0,33.0,33.05,6824204.0
2018-01-25 10:37:05.998000,33.0,33.0,33.05,6824204.0
2018-01-25 10:37:21.425000,33.0,33.0,33.05,6824204.0
2018-01-25 10:37:42.991000,33.0,33.0,33.05,6824204.0
2018-01-25 10:37:53.051000,33.0,33.0,33.05,6831704.0
2018-01-25 10:38:10.035000,33.0,33.0,33.05,6831704.0
2018-01-25 10:38:21.326000,33.0,33.0,33.05,6831918.0
2018-01-25 10:38:24.318000,33.0,33.0,33.05,6831918.0
2018-01-25 10:38:27.264000,33.0,33.0,33.05,6831918.0
2018-01-25 10:38:30.004000,33.0,33.0,33.05,6831918.0
2018-01-25 10:38:32.980000,33.0,33.0,33.05,6831918.0
2018-01-25 10:38:35.882000,33.0,33.0,33.05,6831918.0
2018-01-25 10:38:38.814000,33.0,33.0,33.05,6831918.0
2018-01-25 10:38:41.677000,33.0,33.0,33.05,6831918.0
2018-01-25 10:38:44.542000,33.0,33.0,33.05,6831918.0
2018-01-25 10:38:47.461000,33.0,33.0,33.05,6831918.0
2018-01-25 10:38:50.236000,33.0,33.0,33.05,6831918.0
2018-01-25 10:38:53.177000,33.0,33.0,33.05,6831918.0
2018-01-25 10:38:56.023000,33.0,33.0,33.05,6831918.0
2018-01-25 10:38:58.996000,33.0,33.0,33.05,6831918.0
2018-01-25 10:39:01.986000,33.0,33.0,33.05,6831918.0
2018-01-25 10:39:04.799000,33.0,33.0,33.05,6831918.0
2018-01-25 10:39:07.873000,33.0,33.0,33.05,6831918.0
2018-01-25 10:39:10.636000,33.0,33.0,33.05,6831918.0
2018-01-25 10:39:13.686000,33.0,33.0,33.05,6831918.0
2018-01-25 10:39:16.947000,33.0,33.0,33.05,6839450.0
2018-01-25 10:39:19.850000,33.0,33.0,33.05,6839450.0
2018-01-25 10:39:22.792000,33.0,33.0,33.05,6839450.0
2018-01-25 10:39:25.807000,33.0,33.0,33.05,6839450.0
2018-01-25 10:39:28.523000,33.0,33.0,33.05,6839450.0
2018-01-25 10:39:31.141000,33.0,33.0,33.05,6839450.0
2018-01-25 10:39:34.617000,33.0,33.0,33.05,6839450.0
2018-01-25 10:39:37.603000,33.0,33.0,33.05,6839450.0
2018-01-25 10:39:40.654000,33.0,33.0,33.05,6839450.0
2018-01-25 10:39:43.657000,33.0,33.0,33.05,6839450.0
2018-01-25 10:39:46.666000,33.0,33.0,33.05,6839450.0
2018-01-25 10:39:49.667000,33.0,33.0,33.05,6839450.0
2018-01-25 10:39:52.510000,33.0,33.0,33.05,6839450.0
2018-01-25 10:39:55.385000,33.0,33.0,33.05,6839450.0
2018-01-25 10:39:58.505000,33.0,33.0,33.05,6839450.0
2018-01-25 10:40:01.245000,33.0,33.0,33.05,6839450.0
2018-01-25 10:40:04.304000,33.0,33.0,33.05,6839450.0
2018-01-25 10:40:07.446000,33.0,33.0,33.05,6839650.0
2018-01-25 10:40:10.550000,33.0,33.0,33.05,6839650.0
2018-01-25 10:40:13.422000,33.0,33.0,33.05,6839650.0
2018-01-25 10:40:16.636000,33.0,33.0,33.05,6839650.0
2018-01-25 10:40:19.688000,33.0,33.0,33.05,6839650.0
2018-01-25 10:40:22.487000,33.0,33.0,33.05,6839650.0
2018-01-25 10:40:25.351000,33.0,33.0,33.05,6839650.0
2018-01-25 10:40:28.183000,33.0,33.0,33.05,6839650.0
2018-01-25 10:40:31.067000,33.0,33.0,33.05,6839650.0
2018-01-25 10:40:33.947000,33.0,33.0,33.05,6839650.0
2018-01-25 10:40:36.754000,33.0,33.0,33.05,6839650.0
2018-01-25 10:40:39.703000,33.0,33.0,33.05,6839650.0
2018-01-25 10:40:42.768000,33.0,33.0,33.05,6839650.0
2018-01-25 10:40:45.653000,33.0,33.0,33.05,6839650.0
2018-01-25 10:40:48.654000,33.0,33.0,33.05,6839650.0
2018-01-25 10:40:51.587000,33.0,33.0,33.05,6839650.0
2018-01-25 10:40:54.338000,33.0,33.0,33.05,6839650.0
2018-01-25 10:40:57.294000,33.0,33.0,33.05,6839650.0
2018-01-25 10:41:00.157000,33.0,33.0,33.05,6839650.0
2018-01-25 10:41:03.388000,33.0,33.0,33.05,6839650.0
2018-01-25 10:41:06.230000,33.0,33.0,33.05,6839650.0
2018-01-25 10:41:09.184000,33.0,33.0,33.05,6839650.0
2018-01-25 10:41:12.097000,33.0,33.0,33.05,6839650.0
2018-01-25 10:41:15.320000,33.0,33.0,33.05,6839650.0
2018-01-25 10:41:18.242000,33.0,33.0,33.05,6839650.0
2018-01-25 10:41:21.354000,33.0,33.0,33.05,6849690.0
2018-01-25 10:41:24.421000,33.0,33.0,33.05,6849690.0
2018-01-25 10:41:27.215000,33.0,33.0,33.05,6849690.0
2018-01-25 10:41:30.393000,33.05,33.0,33.05,6885690.0
2018-01-25 10:41:33.268000,33.05,33.0,33.05,6885690.0
2018-01-25 10:41:36.213000,33.05,33.0,33.05,6885690.0
2018-01-25 10:41:39.126000,33.05,33.0,33.05,6885690.0
2018-01-25 10:41:42.245000,33.05,33.0,33.05,6885690.0
2018-01-25 10:41:45.206000,33.05,33.0,33.05,6885690.0
2018-01-25 10:41:48.123000,33.05,33.0,33.05,6885690.0
2018-01-25 10:41:50.969000,33.05,33.0,33.05,6885690.0
2018-01-25 10:41:54.383000,33.05,33.0,33.05,6885690.0
2018-01-25 10:41:57.348000,33.05,33.0,33.05,6885690.0
2018-01-25 10:42:00.575000,33.05,33.0,33.05,6885690.0
2018-01-25 10:42:03.771000,33.05,33.0,33.1,7018690.0
2018-01-25 10:42:07.026000,33.05,33.0,33.1,7018690.0
2018-01-25 10:42:09.956000,33.05,33.0,33.1,7018690.0
2018-01-25 10:42:13.036000,33.05,33.0,33.1,7018690.0
2018-01-25 10:42:15.878000,33.05,33.0,33.1,7018690.0
2018-01-25 10:42:18.974000,33.05,33.0,33.1,7018690.0
2018-01-25 10:42:22.040000,33.05,33.0,33.1,7018690.0
2018-01-25 10:42:25.016000,33.05,33.0,33.1,7018690.0
2018-01-25 10:42:27.929000,33.05,33.0,33.1,7018690.0
2018-01-25 10:42:30.866000,33.05,33.0,33.1,7018690.0
2018-01-25 10:42:33.931000,33.05,33.0,33.1,7018690.0
2018-01-25 10:42:36.902000,33.05,33.0,33.1,7018690.0
2018-01-25 10:42:39.881000,33.05,33.0,33.1,7018690.0
2018-01-25 10:42:43.031000,33.05,33.0,33.1,7018690.0
2018-01-25 10:42:45.933000,33.05,33.0,33.1,7018690.0
2018-01-25 10:42:48.883000,33.05,33.0,33.1,7018690.0
2018-01-25 10:42:51.808000,33.05,33.0,33.1,7018690.0
2018-01-25 10:42:54.867000,33.0,33.0,33.05,7336190.0
2018-01-25 10:42:57.909000,33.0,33.0,33.05,7336190.0
2018-01-25 10:43:01.065000,33.0,33.0,33.05,7336190.0
2018-01-25 10:43:04.033000,33.0,33.0,33.05,7336190.0
2018-01-25 10:43:07.118000,33.0,33.0,33.05,7336190.0
2018-01-25 10:43:10.025000,33.0,33.0,33.05,7336190.0
2018-01-25 10:43:13.052000,33.0,33.0,33.05,7336190.0
2018-01-25 10:43:15.931000,33.0,33.0,33.05,7336190.0
2018-01-25 10:43:19.031000,33.0,33.0,33.05,7336190.0
2018-01-25 10:43:21.987000,33.0,33.0,33.05,7336190.0
2018-01-25 10:43:24.943000,33.0,33.0,33.05,7336190.0
2018-01-25 10:43:27.848000,33.0,33.0,33.05,7336190.0
2018-01-25 10:43:30.789000,33.0,33.0,33.05,7336190.0
2018-01-25 10:43:34.594000,33.0,33.0,33.05,7336190.0
2018-01-25 10:43:40.266000,33.0,33.0,33.05,7336190.0
2018-01-25 10:43:46.213000,33.05,33.0,33.05,7352190.0
2018-01-25 10:43:50.719000,33.05,33.0,33.05,7352190.0
2018-01-25 10:43:54.745000,33.05,33.0,33.05,7352190.0
2018-01-25 10:43:58.736000,33.05,33.0,33.05,7352190.0
2018-01-25 10:44:03.894000,33.05,33.0,33.05,7352190.0
2018-01-25 10:44:08.596000,33.05,33.0,33.05,7352190.0
2018-01-25 10:44:13.392000,33.05,33.0,33.05,7352190.0
2018-01-25 10:44:19.181000,33.05,33.0,33.05,7352190.0
2018-01-25 10:44:23.594000,33.05,33.0,33.05,7352190.0
2018-01-25 10:44:27.673000,33.05,33.0,33.05,7352190.0
2018-01-25 10:44:32.171000,33.05,33.0,33.05,7352190.0
2018-01-25 10:44:36.405000,33.0,33.0,33.05,7387690.0
2018-01-25 10:44:40.354000,33.0,33.0,33.05,7387690.0
2018-01-25 10:44:44.505000,33.0,33.0,33.05,7387690.0
2018-01-25 10:44:48.425000,33.0,33.0,33.05,7387690.0
2018-01-25 10:44:52.739000,33.0,33.0,33.05,7387690.0
2018-01-25 10:44:56.594000,33.0,33.0,33.05,7387690.0
2018-01-25 10:45:01.293000,33.0,33.0,33.05,7387690.0
2018-01-25 10:45:06.242000,33.0,33.0,33.05,7387690.0
2018-01-25 10:45:10.831000,33.0,33.0,33.05,7387690.0
2018-01-25 10:45:14.532000,33.0,33.0,33.05,7387690.0
2018-01-25 10:45:17.358000,33.0,33.0,33.05,7387690.0
2018-01-25 10:45:20.441000,33.0,33.0,33.05,7387690.0
2018-01-25 10:45:23.610000,33.0,33.0,33.05,7387690.0
2018-01-25 10:45:26.562000,33.0,33.0,33.05,7387690.0
2018-01-25 10:45:29.498000,33.0,33.0,33.05,7387690.0
2018-01-25 10:45:32.323000,33.0,33.0,33.05,7387690.0
2018-01-25 10:45:35.395000,33.0,33.0,33.05,7387690.0
2018-01-25 10:45:38.456000,33.0,33.0,33.05,7387690.0
2018-01-25 10:45:41.659000,33.0,33.0,33.05,7387690.0
2018-01-25 10:45:44.669000,33.0,33.0,33.05,7387690.0
2018-01-25 10:45:47.659000,33.0,33.0,33.05,7387690.0
2018-01-25 10:45:50.657000,33.0,33.0,33.05,7387690.0
2018-01-25 10:45:53.556000,33.0,33.0,33.05,7387690.0
2018-01-25 10:45:56.419000,33.0,33.0,33.05,7387690.0
2018-01-25 10:45:59.397000,33.0,33.0,33.05,7387690.0
2018-01-25 10:46:02.586000,33.0,33.0,33.05,7387690.0
2018-01-25 10:46:05.436000,33.0,33.0,33.05,7387690.0
2018-01-25 10:46:08.479000,33.0,33.0,33.05,7387690.0
2018-01-25 10:46:11.846000,33.05,33.0,33.05,7390690.0
2018-01-25 10:46:14.933000,33.05,33.0,33.05,7390690.0
2018-01-25 10:46:17.927000,33.05,33.0,33.05,7390690.0
2018-01-25 10:46:20.918000,33.05,33.0,33.05,7390690.0
2018-01-25 10:46:23.994000,33.05,33.0,33.05,7390690.0
2018-01-25 10:46:27.263000,33.05,33.0,33.05,7390690.0
2018-01-25 10:46:31.660000,33.05,33.0,33.05,7390690.0
2018-01-25 10:46:35.140000,33.05,33.0,33.05,7390690.0
2018-01-25 10:46:38.241000,33.05,33.0,33.05,7390690.0
2018-01-25 10:46:41.419000,33.05,33.0,33.05,7390690.0
2018-01-25 10:46:44.787000,33.05,33.0,33.05,7390690.0
2018-01-25 10:46:47.960000,33.05,33.0,33.05,7390690.0
2018-01-25 10:46:51.201000,33.05,33.0,33.05,7390690.0
2018-01-25 10:46:54.226000,33.05,33.0,33.05,7390690.0
2018-01-25 10:46:57.145000,33.05,33.0,33.05,7390690.0
2018-01-25 10:47:00.296000,33.05,33.0,33.05,7390690.0
2018-01-25 10:47:03.263000,33.05,33.0,33.05,7390690.0
2018-01-25 10:47:06.660000,33.05,33.0,33.05,7390690.0
2018-01-25 10:47:09.991000,33.05,33.0,33.05,7390690.0
2018-01-25 10:47:12.878000,33.05,33.0,33.05,7390690.0
2018-01-25 10:47:16.022000,33.05,33.0,33.05,7390690.0
2018-01-25 10:47:18.985000,33.05,33.0,33.05,7390690.0
2018-01-25 10:47:22.035000,33.05,33.0,33.05,7390690.0
2018-01-25 10:47:25.290000,33.05,33.0,33.05,7390690.0
2018-01-25 10:47:28.278000,33.05,33.0,33.05,7390690.0
2018-01-25 10:47:31.418000,33.05,33.0,33.05,7390690.0
2018-01-25 10:47:34.287000,33.0,33.0,33.05,7399690.0
2018-01-25 10:47:37.692000,33.0,33.0,33.05,7399690.0
2018-01-25 10:47:40.977000,33.0,33.0,33.05,7399690.0
2018-01-25 10:47:44.006000,33.0,33.0,33.05,7399690.0
2018-01-25 10:47:47.179000,33.0,33.0,33.05,7399690.0
2018-01-25 10:47:50.180000,33.0,33.0,33.05,7399690.0
2018-01-25 10:47:53.430000,33.0,33.0,33.05,7399690.0
2018-01-25 10:47:56.605000,33.0,33.0,33.05,7399690.0
2018-01-25 10:48:00.094000,33.0,33.0,33.05,7399690.0
2018-01-25 10:48:03.061000,33.0,33.0,33.05,7399690.0
2018-01-25 10:48:06.174000,33.0,33.0,33.05,7399690.0
2018-01-25 10:48:09.288000,33.0,33.0,33.05,7399690.0
2018-01-25 10:48:12.331000,33.0,33.0,33.05,7399690.0
2018-01-25 10:48:15.481000,33.0,33.0,33.05,7399690.0
2018-01-25 10:48:18.500000,33.0,33.0,33.05,7399690.0
2018-01-25 10:48:20.934000,33.0,33.0,33.05,7399690.0
2018-01-25 10:48:23.446000,33.0,33.0,33.05,7399690.0
2018-01-25 10:48:26.074000,33.0,33.0,33.05,7399690.0
2018-01-25 10:48:28.758000,33.0,33.0,33.05,7410190.0
2018-01-25 10:48:31.552000,33.0,33.0,33.05,7410190.0
2018-01-25 10:48:34.102000,33.0,33.0,33.05,7410190.0
2018-01-25 10:48:36.741000,33.0,33.0,33.05,7410190.0
2018-01-25 10:48:39.384000,33.0,33.0,33.05,7410190.0
2018-01-25 10:48:42.638000,33.0,33.0,33.05,7410190.0
2018-01-25 10:48:45.172000,33.0,33.0,33.05,7410190.0
2018-01-25 10:48:47.618000,33.0,33.0,33.05,7410190.0
2018-01-25 10:48:50.053000,33.0,33.0,33.05,7410190.0
2018-01-25 10:48:52.507000,33.0,33.0,33.05,7410190.0
2018-01-25 10:48:55.124000,33.0,33.0,33.05,7410190.0
2018-01-25 10:48:58.159000,33.0,33.0,33.05,7410190.0
2018-01-25 10:49:00.948000,33.0,33.0,33.05,7410190.0
2018-01-25 10:49:03.615000,33.0,33.0,33.05,7410190.0
2018-01-25 10:49:06.096000,33.0,33.0,33.05,7410290.0
2018-01-25 10:49:08.748000,33.0,33.0,33.05,7410290.0
2018-01-25 10:49:11.386000,33.0,33.0,33.05,7410290.0
2018-01-25 10:49:14.077000,33.0,33.0,33.05,7410290.0
2018-01-25 10:49:16.756000,33.0,33.0,33.05,7410290.0
2018-01-25 10:49:19.339000,33.0,33.0,33.05,7410290.0
2018-01-25 10:49:21.913000,33.0,33.0,33.05,7410290.0
2018-01-25 10:49:24.448000,33.0,33.0,33.05,7410290.0
2018-01-25 10:49:27.095000,33.0,33.0,33.05,7410290.0
2018-01-25 10:49:29.709000,33.0,33.0,33.05,7410290.0
2018-01-25 10:49:32.303000,33.0,32.95,33.0,7458790.0
2018-01-25 10:49:34.813000,33.0,32.95,33.0,7458790.0
2018-01-25 10:49:37.459000,33.0,32.95,33.0,7458790.0
2018-01-25 10:49:39.993000,33.0,32.95,33.0,7458790.0
2018-01-25 10:49:42.479000,33.0,32.95,33.0,7458790.0
2018-01-25 10:49:44.932000,33.0,32.95,33.0,7458790.0
2018-01-25 10:49:47.648000,33.0,32.95,33.0,7458790.0
2018-01-25 10:49:50.307000,33.0,32.95,33.0,7458790.0
2018-01-25 10:49:53.129000,33.0,32.95,33.0,7458790.0
2018-01-25 10:49:55.723000,33.0,32.95,33.0,7458790.0
2018-01-25 10:49:58.061000,33.0,32.95,33.0,7458790.0
2018-01-25 10:50:00.227000,33.0,32.95,33.0,7458790.0
2018-01-25 10:50:02.437000,33.0,32.95,33.0,7458790.0
2018-01-25 10:50:04.751000,33.0,32.95,33.0,7458790.0
2018-01-25 10:50:06.979000,33.0,32.95,33.0,7458790.0
2018-01-25 10:50:09.346000,33.0,32.95,33.0,7458790.0
2018-01-25 10:50:11.500000,33.0,32.95,33.0,7458790.0
2018-01-25 10:50:13.547000,33.0,32.95,33.0,7458790.0
2018-01-25 10:50:15.702000,33.0,32.95,33.0,7458790.0
2018-01-25 10:50:18.271000,33.0,32.95,33.0,7458790.0
2018-01-25 10:50:20.398000,33.0,32.95,33.0,7458790.0
2018-01-25 10:50:22.468000,33.0,32.95,33.0,7458790.0
2018-01-25 10:50:24.655000,33.0,32.95,33.0,7458790.0
2018-01-25 10:50:26.833000,33.0,32.95,33.0,7458790.0
2018-01-25 10:50:29.188000,33.0,32.95,33.0,7458790.0
2018-01-25 10:50:31.342000,33.0,32.95,33.05,7466290.0
2018-01-25 10:50:33.444000,33.0,32.95,33.05,7466290.0
2018-01-25 10:50:36.184000,33.0,32.95,33.0,7633790.0
2018-01-25 10:50:39.208000,33.0,32.95,33.0,7633790.0
2018-01-25 10:50:42.533000,33.0,32.95,33.0,7633790.0
2018-01-25 10:50:45.487000,33.0,32.95,33.0,7633790.0
2018-01-25 10:50:48.775000,33.0,32.95,33.0,7633790.0
2018-01-25 10:50:52.168000,33.0,32.95,33.0,7633790.0
2018-01-25 10:50:55.357000,33.0,32.95,33.0,7633790.0
2018-01-25 10:50:58.526000,33.0,32.95,33.0,7633790.0
2018-01-25 10:51:02.108000,33.0,32.95,33.0,7633790.0
2018-01-25 10:51:05.132000,33.0,32.95,33.0,7633790.0
2018-01-25 10:51:08.341000,33.0,32.95,33.0,7633790.0
2018-01-25 10:51:11.680000,33.0,32.95,33.0,7633790.0
2018-01-25 10:51:14.812000,33.0,32.95,33.0,7633790.0
2018-01-25 10:51:18.090000,33.0,32.95,33.0,7633790.0
2018-01-25 10:51:21.440000,32.95,32.95,33.0,7637790.0
2018-01-25 10:51:24.822000,32.95,32.95,33.0,7637790.0
2018-01-25 10:51:28.207000,32.95,32.95,33.0,7637790.0
2018-01-25 10:51:31.565000,32.95,32.95,33.0,7637790.0
2018-01-25 10:51:34.715000,32.95,32.95,33.0,7637790.0
2018-01-25 10:51:37.760000,32.95,32.95,33.0,7637790.0
2018-01-25 10:51:40.675000,32.95,32.95,33.0,7637790.0
2018-01-25 10:51:43.593000,32.95,32.95,33.0,7637790.0
2018-01-25 10:51:47.152000,32.95,32.95,33.0,7637790.0
2018-01-25 10:51:50.709000,32.95,32.95,33.0,7637790.0
2018-01-25 10:51:53.875000,32.95,32.95,33.0,7637790.0
2018-01-25 10:51:57.534000,32.95,32.95,33.0,7637790.0
2018-01-25 10:52:00.818000,32.95,32.95,33.0,7637790.0
2018-01-25 10:52:04.295000,32.95,32.95,33.0,7637790.0
2018-01-25 10:52:08.107000,32.95,32.95,33.0,7637790.0
2018-01-25 10:52:11.220000,32.95,32.95,33.0,7637790.0
2018-01-25 10:52:14.612000,32.95,32.95,33.0,7637790.0
2018-01-25 10:52:17.666000,32.95,32.95,33.0,7637790.0
2018-01-25 10:52:20.911000,32.95,32.95,33.0,7637790.0
2018-01-25 10:52:24.129000,32.95,32.95,33.0,7637790.0
2018-01-25 10:52:27.248000,32.95,32.95,33.0,7637790.0
2018-01-25 10:52:30.872000,32.95,32.95,33.0,7637790.0
2018-01-25 10:52:34.202000,32.95,32.95,33.0,7637790.0
2018-01-25 10:52:37.637000,32.95,32.95,33.0,7637790.0
2018-01-25 10:52:41.446000,32.95,32.95,33.0,7637790.0
2018-01-25 10:52:44.577000,32.95,32.95,33.0,7637790.0
2018-01-25 10:52:47.793000,32.95,32.95,33.0,7637790.0
2018-01-25 10:52:50.757000,32.95,32.95,33.0,7637790.0
2018-01-25 10:52:53.170000,32.95,32.95,33.0,7637790.0
2018-01-25 10:52:55.499000,32.95,32.95,33.0,7637790.0
2018-01-25 10:52:57.995000,32.95,32.95,33.0,7637790.0
2018-01-25 10:53:00.510000,32.95,32.95,33.0,7643290.0
2018-01-25 10:53:02.919000,32.95,32.95,33.0,7643290.0
2018-01-25 10:53:05.239000,32.95,32.95,33.0,7643290.0
2018-01-25 10:53:07.468000,32.95,32.95,33.0,7643290.0
2018-01-25 10:53:09.870000,32.95,32.95,33.0,7643290.0
2018-01-25 10:53:12.034000,32.95,32.95,33.0,7643290.0
2018-01-25 10:53:14.874000,32.95,32.95,33.0,7643290.0
2018-01-25 10:53:17.311000,32.95,32.95,33.0,7643290.0
2018-01-25 10:53:19.704000,32.95,32.95,33.0,7643290.0
2018-01-25 10:53:26.194000,32.95,32.95,33.0,7643290.0
2018-01-25 10:53:28.535000,32.95,32.95,33.0,7643290.0
2018-01-25 10:53:30.840000,32.95,32.95,33.0,7643290.0
2018-01-25 10:53:33.343000,32.95,32.95,33.0,7643290.0
2018-01-25 10:53:35.773000,32.95,32.95,33.0,7643290.0
2018-01-25 10:53:38.029000,32.95,32.95,33.0,7643290.0
2018-01-25 10:53:41.900000,32.95,32.95,33.0,7643290.0
2018-01-25 10:53:45.677000,32.95,32.95,33.0,7643290.0
2018-01-25 10:53:48.775000,32.95,32.95,33.0,7643290.0
2018-01-25 10:53:52.421000,32.95,32.95,33.0,7643290.0
2018-01-25 10:53:56.668000,32.95,32.95,33.0,7643290.0
2018-01-25 10:53:59.891000,32.95,32.95,33.0,7643290.0
2018-01-25 10:54:03.266000,32.95,32.95,33.0,7643290.0
2018-01-25 10:54:08.015000,32.95,32.95,33.0,7643290.0
2018-01-25 10:54:11.568000,32.95,32.95,33.0,7643290.0
2018-01-25 10:54:15.372000,32.95,32.95,33.0,7643290.0
2018-01-25 10:54:18.939000,32.95,32.95,33.0,7643290.0
2018-01-25 10:54:22.373000,32.95,32.95,33.0,7643290.0
2018-01-25 10:54:25.798000,32.95,32.95,33.0,7643290.0
2018-01-25 10:54:29.003000,32.95,32.95,33.0,7643290.0
2018-01-25 10:54:32.375000,32.95,32.95,33.0,7643290.0
2018-01-25 10:54:35.419000,32.95,32.95,33.0,7643290.0
2018-01-25 10:54:38.736000,32.95,32.95,33.0,7643290.0
2018-01-25 10:54:41.904000,32.95,32.95,33.0,7643290.0
2018-01-25 10:54:45.332000,32.95,32.95,33.0,7643290.0
2018-01-25 10:54:48.896000,32.95,32.95,33.0,7643290.0
2018-01-25 10:54:52.749000,32.95,32.95,33.0,7643290.0
2018-01-25 10:54:56.376000,32.95,32.95,33.0,7643290.0
2018-01-25 10:54:59.536000,32.95,32.95,33.0,7643290.0
2018-01-25 10:55:03.502000,32.95,32.95,33.0,7643290.0
2018-01-25 10:55:07.019000,32.95,32.95,33.0,7643290.0
2018-01-25 10:55:18.543000,32.95,32.95,33.0,7643290.0
2018-01-25 10:55:24.284000,32.95,32.95,33.0,7643290.0
2018-01-25 10:55:32.502000,32.95,32.95,33.0,7647129.0
2018-01-25 10:55:39.285000,32.95,32.95,33.0,7647129.0
2018-01-25 10:55:44.829000,33.0,32.95,33.0,7866629.0
2018-01-25 10:55:56.600000,33.0,32.95,33.0,7866629.0
2018-01-25 10:56:03.450000,33.0,32.95,33.0,7866629.0
2018-01-25 10:56:10.816000,33.0,32.95,33.0,7866629.0
2018-01-25 10:56:18.786000,33.0,32.95,33.0,7866629.0
2018-01-25 10:56:22.039000,33.0,32.95,33.0,7866629.0
2018-01-25 10:56:28.068000,33.0,32.95,33.0,7866629.0
2018-01-25 10:56:34.533000,33.0,32.95,33.0,7866629.0
2018-01-25 10:56:41.464000,33.0,32.95,33.0,7866629.0
2018-01-25 10:56:54.446000,33.0,32.95,33.0,7866629.0
2018-01-25 10:57:00.154000,33.0,33.0,33.05,7874629.0
2018-01-25 10:57:03.218000,33.0,33.0,33.05,7874629.0
2018-01-25 10:57:06.287000,33.0,33.0,33.05,7874629.0
2018-01-25 10:57:09.146000,33.0,33.0,33.05,7874629.0
2018-01-25 10:57:12.124000,33.0,33.0,33.05,7874629.0
2018-01-25 10:57:14.992000,33.0,33.0,33.05,7874629.0
2018-01-25 10:57:18.882000,33.0,33.0,33.05,7874629.0
2018-01-25 10:57:22.847000,33.0,33.0,33.05,7874629.0
2018-01-25 10:57:26.672000,33.0,33.0,33.05,7874629.0
2018-01-25 10:57:31.313000,33.0,33.0,33.05,7874629.0
2018-01-25 10:57:35.079000,33.0,33.0,33.05,7874629.0
2018-01-25 10:57:39.686000,33.0,33.0,33.05,7874629.0
2018-01-25 10:57:43.648000,33.0,33.0,33.05,7874629.0
2018-01-25 10:57:48.398000,33.0,33.0,33.05,7874629.0
2018-01-25 10:57:52.691000,33.0,33.0,33.05,7874629.0
2018-01-25 10:57:56.376000,33.0,33.0,33.05,7874629.0
2018-01-25 10:58:00.746000,33.0,33.0,33.05,7874629.0
2018-01-25 10:58:05.014000,33.0,33.0,33.05,7874629.0
2018-01-25 10:58:11.137000,33.0,33.0,33.05,7878129.0
2018-01-25 10:58:15.039000,33.0,33.0,33.05,7878129.0
2018-01-25 10:58:18.421000,33.0,33.0,33.05,7878129.0
2018-01-25 10:58:25.258000,33.0,33.0,33.05,7878129.0
2018-01-25 10:58:40.242000,33.0,33.0,33.05,7878129.0
2018-01-25 10:58:46.339000,33.0,33.0,33.05,7878129.0
2018-01-25 10:58:51.844000,33.0,33.0,33.05,7878129.0
2018-01-25 10:58:57.347000,33.0,33.0,33.05,7878129.0
2018-01-25 10:59:08.088000,33.0,33.0,33.05,7891989.0
2018-01-25 10:59:12.960000,33.0,33.0,33.05,7891989.0
2018-01-25 10:59:17.517000,33.0,33.0,33.05,7891989.0
2018-01-25 10:59:21.321000,33.0,33.0,33.05,7891989.0
2018-01-25 10:59:25.728000,33.0,33.0,33.05,7891989.0
2018-01-25 10:59:29.948000,33.0,33.0,33.05,7891989.0
2018-01-25 10:59:34.710000,33.0,33.0,33.05,7891989.0
2018-01-25 10:59:40.175000,33.0,33.0,33.05,7891989.0
2018-01-25 10:59:44.299000,33.0,33.0,33.05,7891989.0
2018-01-25 10:59:48.737000,33.0,33.0,33.05,7891989.0
2018-01-25 10:59:53.524000,33.0,33.0,33.05,7891989.0
2018-01-25 10:59:57.774000,33.0,33.0,33.05,7891989.0
2018-01-25 11:00:02.362000,33.0,33.0,33.05,7891989.0
2018-01-25 11:00:05.998000,33.0,33.0,33.05,7891989.0
2018-01-25 11:00:09.474000,33.0,33.0,33.05,7891989.0
2018-01-25 11:00:12.227000,33.0,33.0,33.05,7891989.0
2018-01-25 11:00:15.175000,33.0,33.0,33.05,7891989.0
2018-01-25 11:00:17.978000,33.0,33.0,33.05,7891989.0
2018-01-25 11:00:20.849000,33.0,33.0,33.05,7891989.0
2018-01-25 11:00:23.760000,33.0,33.0,33.05,7891989.0
2018-01-25 11:00:26.724000,33.0,33.0,33.05,7891989.0
2018-01-25 11:00:30.090000,33.0,33.0,33.05,7891989.0
2018-01-25 11:00:33.037000,33.0,33.0,33.05,7891989.0
2018-01-25 11:00:35.970000,33.0,33.0,33.05,7891989.0
2018-01-25 11:00:39.005000,33.0,33.0,33.05,7891989.0
2018-01-25 11:00:42.072000,33.0,33.0,33.05,7891989.0
2018-01-25 11:00:45.063000,33.0,33.0,33.05,7891989.0
2018-01-25 11:00:47.947000,33.0,33.0,33.05,7891989.0
2018-01-25 11:00:51.047000,33.0,33.0,33.05,7891989.0
2018-01-25 11:00:54.278000,33.0,33.0,33.05,7891989.0
2018-01-25 11:00:57.297000,33.0,33.0,33.05,7891989.0
2018-01-25 11:01:00.131000,33.0,33.0,33.05,7891989.0
2018-01-25 11:01:03.081000,33.0,33.0,33.05,7896489.0
2018-01-25 11:01:06.117000,33.0,33.0,33.05,7896489.0
2018-01-25 11:01:08.946000,33.0,33.0,33.05,7896489.0
2018-01-25 11:01:11.934000,33.0,33.0,33.05,7896489.0
2018-01-25 11:01:14.986000,33.0,33.0,33.05,7896489.0
2018-01-25 11:01:18.224000,33.0,33.0,33.05,7896489.0
2018-01-25 11:01:21.258000,33.0,33.0,33.05,7896489.0
2018-01-25 11:01:24.400000,33.0,33.0,33.05,7896489.0
2018-01-25 11:01:27.735000,33.0,33.0,33.05,7896489.0
2018-01-25 11:01:30.981000,33.0,33.0,33.05,7896489.0
2018-01-25 11:01:34.147000,33.0,33.0,33.05,7896489.0
2018-01-25 11:01:37.213000,33.0,33.0,33.05,7896489.0
2018-01-25 11:01:40.154000,33.0,33.0,33.05,7896489.0
2018-01-25 11:01:43.243000,33.0,33.0,33.05,7896489.0
2018-01-25 11:01:46.262000,33.0,33.0,33.05,7896489.0
2018-01-25 11:01:49.353000,33.0,33.0,33.05,7896489.0
2018-01-25 11:01:52.253000,33.05,33.05,33.1,7982489.0
2018-01-25 11:01:55.373000,33.05,33.05,33.1,7982489.0
2018-01-25 11:01:58.646000,33.05,33.05,33.1,7982489.0
2018-01-25 11:02:01.671000,33.05,33.05,33.1,7982489.0
2018-01-25 11:02:04.700000,33.05,33.05,33.1,7982489.0
2018-01-25 11:02:07.733000,33.05,33.05,33.1,7982489.0
2018-01-25 11:02:10.955000,33.05,33.05,33.1,7982489.0
2018-01-25 11:02:13.765000,33.05,33.05,33.1,7982489.0
2018-01-25 11:02:16.729000,33.05,33.05,33.1,7982489.0
2018-01-25 11:02:19.850000,33.05,33.05,33.1,7982489.0
2018-01-25 11:02:22.853000,33.05,33.05,33.1,7982489.0
2018-01-25 11:02:25.710000,33.05,33.05,33.1,7982489.0
2018-01-25 11:02:28.892000,33.05,33.05,33.1,7982489.0
2018-01-25 11:02:31.742000,33.05,33.05,33.1,7989989.0
2018-01-25 11:02:34.545000,33.05,33.05,33.1,7989989.0
2018-01-25 11:02:37.467000,33.05,33.05,33.1,7989989.0
2018-01-25 11:02:40.343000,33.05,33.05,33.1,7989989.0
2018-01-25 11:02:43.325000,33.05,33.05,33.1,7989989.0
2018-01-25 11:02:46.531000,33.05,33.05,33.1,7989989.0
2018-01-25 11:02:49.643000,33.05,33.05,33.1,7989989.0
2018-01-25 11:02:53.185000,33.05,33.05,33.1,7989989.0
2018-01-25 11:02:56.098000,33.05,33.05,33.1,7989989.0
2018-01-25 11:02:59.162000,33.05,33.05,33.1,7989989.0
2018-01-25 11:03:02.063000,33.05,33.05,33.1,7989989.0
2018-01-25 11:03:05.032000,33.05,33.05,33.1,7989989.0
2018-01-25 11:03:07.996000,33.05,33.05,33.1,7989989.0
2018-01-25 11:03:10.907000,33.05,33.05,33.1,7989989.0
2018-01-25 11:03:13.702000,33.05,33.05,33.1,7989989.0
2018-01-25 11:03:16.725000,33.05,33.05,33.1,7989989.0
2018-01-25 11:03:19.814000,33.05,33.05,33.1,7989989.0
2018-01-25 11:03:22.870000,33.05,33.05,33.1,7989989.0
2018-01-25 11:03:25.923000,33.05,33.05,33.1,7989989.0
2018-01-25 11:03:28.983000,33.05,33.05,33.1,7989989.0
2018-01-25 11:03:31.986000,33.05,33.05,33.1,7989989.0
2018-01-25 11:03:35.006000,33.05,33.05,33.1,7989989.0
2018-01-25 11:03:38.075000,33.05,33.05,33.1,7989989.0
2018-01-25 11:03:41.292000,33.05,33.05,33.1,7989989.0
2018-01-25 11:03:44.313000,33.05,33.05,33.1,7989989.0
2018-01-25 11:03:48.420000,33.05,33.05,33.1,7989989.0
2018-01-25 11:03:51.439000,33.05,33.05,33.1,7989989.0
2018-01-25 11:03:54.429000,33.05,33.05,33.1,7989989.0
2018-01-25 11:03:57.479000,33.05,33.05,33.1,7989989.0
2018-01-25 11:04:00.507000,33.05,33.05,33.1,7989989.0
2018-01-25 11:04:03.421000,33.05,33.05,33.1,7989989.0
2018-01-25 11:04:06.397000,33.05,33.05,33.1,7989989.0
2018-01-25 11:04:09.431000,33.05,33.05,33.1,7989989.0
2018-01-25 11:04:12.351000,33.05,33.05,33.1,7989989.0
2018-01-25 11:04:15.164000,33.05,33.05,33.1,7989989.0
2018-01-25 11:04:18.188000,33.05,33.05,33.1,7989989.0
2018-01-25 11:04:21.055000,33.05,33.05,33.1,7996989.0
2018-01-25 11:04:24.235000,33.05,33.05,33.1,7996989.0
2018-01-25 11:04:27.527000,33.05,33.05,33.1,7996989.0
2018-01-25 11:04:30.572000,33.05,33.05,33.1,7996989.0
2018-01-25 11:04:33.617000,33.05,33.05,33.1,7996989.0
2018-01-25 11:04:36.933000,33.05,33.05,33.1,7996989.0
2018-01-25 11:04:39.970000,33.05,33.05,33.1,7996989.0
2018-01-25 11:04:42.927000,33.05,33.05,33.1,7996989.0
2018-01-25 11:04:45.931000,33.05,33.05,33.1,7996989.0
2018-01-25 11:04:48.876000,33.05,33.05,33.1,7996989.0
2018-01-25 11:04:51.630000,33.05,33.05,33.1,7996989.0
2018-01-25 11:04:54.723000,33.05,33.05,33.1,7996989.0
2018-01-25 11:04:57.530000,33.05,33.05,33.1,7996989.0
2018-01-25 11:05:00.598000,33.05,33.05,33.1,7996989.0
2018-01-25 11:05:03.689000,33.05,33.05,33.1,7996989.0
2018-01-25 11:05:06.834000,33.05,33.05,33.1,7996989.0
2018-01-25 11:05:09.919000,33.05,33.05,33.1,7996989.0
2018-01-25 11:05:12.737000,33.05,33.05,33.1,7996989.0
2018-01-25 11:05:15.487000,33.05,33.05,33.1,7996989.0
2018-01-25 11:05:18.346000,33.05,33.05,33.1,7996989.0
2018-01-25 11:05:21.169000,33.05,33.05,33.1,7996989.0
2018-01-25 11:05:24.143000,33.05,33.05,33.1,7996989.0
2018-01-25 11:05:27.084000,33.05,33.05,33.1,7996989.0
2018-01-25 11:05:30.114000,33.05,33.05,33.1,7996989.0
2018-01-25 11:05:33.058000,33.05,33.05,33.1,7996989.0
2018-01-25 11:05:36.115000,33.05,33.05,33.1,7996989.0
2018-01-25 11:05:38.953000,33.05,33.05,33.1,7996989.0
2018-01-25 11:05:41.912000,33.05,33.05,33.1,8013489.0
2018-01-25 11:05:44.768000,33.05,33.05,33.1,8013489.0
2018-01-25 11:05:47.718000,33.05,33.05,33.1,8013489.0
2018-01-25 11:05:50.741000,33.05,33.05,33.1,8013489.0
2018-01-25 11:05:53.704000,33.05,33.05,33.1,8013489.0
2018-01-25 11:05:56.687000,33.05,33.05,33.1,8013489.0
2018-01-25 11:05:59.505000,33.05,33.05,33.1,8013489.0
2018-01-25 11:06:02.468000,33.05,33.05,33.1,8013489.0
2018-01-25 11:06:05.334000,33.05,33.05,33.1,8013489.0
2018-01-25 11:06:08.253000,33.05,33.05,33.1,8013489.0
2018-01-25 11:06:11.191000,33.05,33.05,33.1,8013489.0
2018-01-25 11:06:14.236000,33.05,33.05,33.1,8013489.0
2018-01-25 11:06:17.192000,33.05,33.05,33.1,8013489.0
2018-01-25 11:06:20.396000,33.05,33.05,33.1,8013489.0
2018-01-25 11:06:23.610000,33.05,33.05,33.1,8013489.0
2018-01-25 11:06:26.552000,33.05,33.05,33.1,8013489.0
2018-01-25 11:06:29.456000,33.05,33.05,33.1,8013489.0
2018-01-25 11:06:32.894000,33.05,33.05,33.1,8013489.0
2018-01-25 11:06:35.804000,33.05,33.05,33.1,8013489.0
2018-01-25 11:06:38.626000,33.05,33.05,33.1,8013489.0
2018-01-25 11:06:41.430000,33.05,33.05,33.1,8013489.0
2018-01-25 11:06:44.552000,33.05,33.05,33.1,8014489.0
2018-01-25 11:06:47.679000,33.05,33.05,33.1,8014489.0
2018-01-25 11:06:50.520000,33.05,33.05,33.1,8014489.0
2018-01-25 11:06:53.456000,33.05,33.0,33.05,8038989.0
2018-01-25 11:06:56.489000,33.05,33.0,33.05,8038989.0
2018-01-25 11:06:59.612000,33.05,33.0,33.05,8038989.0
2018-01-25 11:07:03.206000,33.05,33.0,33.05,8038989.0
2018-01-25 11:07:06.399000,33.05,33.0,33.05,8038989.0
2018-01-25 11:07:09.213000,33.05,33.0,33.05,8038989.0
2018-01-25 11:07:12.290000,33.05,33.0,33.05,8038989.0
2018-01-25 11:07:15.028000,33.05,33.0,33.05,8038989.0
2018-01-25 11:07:17.881000,33.05,33.0,33.05,8038989.0
2018-01-25 11:07:20.704000,33.05,33.0,33.05,8038989.0
2018-01-25 11:07:23.691000,33.05,33.0,33.05,8038989.0
2018-01-25 11:07:26.478000,33.05,33.0,33.05,8038989.0
2018-01-25 11:07:29.505000,33.05,33.0,33.05,8038989.0
2018-01-25 11:07:32.422000,33.05,33.0,33.05,8038989.0
2018-01-25 11:07:35.193000,33.05,33.0,33.05,8038989.0
2018-01-25 11:07:37.932000,33.05,33.0,33.05,8038989.0
2018-01-25 11:07:40.614000,33.05,33.0,33.05,8038989.0
2018-01-25 11:07:43.442000,33.05,33.0,33.05,8038989.0
2018-01-25 11:07:46.364000,33.05,33.0,33.05,8038989.0
2018-01-25 11:07:49.065000,33.05,33.0,33.05,8038989.0
2018-01-25 11:07:51.752000,33.05,33.0,33.05,8038989.0
2018-01-25 11:07:54.667000,33.05,33.0,33.05,8038989.0
2018-01-25 11:07:57.594000,33.0,33.0,33.05,8208489.0
2018-01-25 11:08:00.366000,33.0,33.0,33.05,8208489.0
2018-01-25 11:08:03.163000,33.0,33.0,33.05,8208489.0
2018-01-25 11:08:05.982000,33.0,33.0,33.05,8208489.0
2018-01-25 11:08:08.646000,33.0,33.0,33.05,8208489.0
2018-01-25 11:08:11.625000,33.0,33.0,33.05,8208489.0
2018-01-25 11:08:14.666000,33.0,33.0,33.05,8208489.0
2018-01-25 11:08:17.425000,33.0,33.0,33.05,8208489.0
2018-01-25 11:08:20.395000,33.0,33.0,33.05,8208489.0
2018-01-25 11:08:23.187000,33.0,33.0,33.05,8208489.0
2018-01-25 11:08:25.864000,33.0,33.0,33.05,8208489.0
2018-01-25 11:08:28.740000,33.0,33.0,33.05,8208489.0
2018-01-25 11:08:31.365000,33.0,33.0,33.05,8208489.0
2018-01-25 11:08:34.338000,33.0,33.0,33.05,8208489.0
2018-01-25 11:08:37.267000,33.0,33.0,33.05,8208489.0
2018-01-25 11:08:40.358000,33.0,33.0,33.05,8208489.0
2018-01-25 11:08:43.200000,33.0,33.0,33.05,8208489.0
2018-01-25 11:08:46.232000,33.0,33.0,33.05,8208489.0
2018-01-25 11:08:49.567000,33.0,33.0,33.05,8208489.0
2018-01-25 11:08:52.558000,33.05,33.05,33.1,8411489.0
2018-01-25 11:08:55.261000,33.05,33.05,33.1,8411489.0
2018-01-25 11:08:58.220000,33.05,33.05,33.1,8411489.0
2018-01-25 11:09:01.180000,33.05,33.05,33.1,8411489.0
2018-01-25 11:09:03.976000,33.05,33.05,33.1,8411489.0
2018-01-25 11:09:06.902000,33.05,33.05,33.1,8411489.0
2018-01-25 11:09:09.846000,33.05,33.05,33.1,8411489.0
2018-01-25 11:09:12.568000,33.05,33.05,33.1,8411489.0
2018-01-25 11:09:15.604000,33.05,33.05,33.1,8411489.0
2018-01-25 11:09:18.475000,33.05,33.05,33.1,8411489.0
2018-01-25 11:09:21.382000,33.05,33.05,33.1,8411489.0
2018-01-25 11:09:24.686000,33.05,33.05,33.1,8411489.0
2018-01-25 11:09:27.923000,33.05,33.05,33.1,8411489.0
2018-01-25 11:09:30.671000,33.05,33.05,33.1,8411489.0
2018-01-25 11:09:33.586000,33.05,33.05,33.1,8411489.0
2018-01-25 11:09:36.484000,33.05,33.05,33.1,8411489.0
2018-01-25 11:09:39.274000,33.05,33.05,33.1,8411489.0
2018-01-25 11:09:42.357000,33.05,33.05,33.1,8411489.0
2018-01-25 11:09:45.152000,33.05,33.05,33.1,8411489.0
2018-01-25 11:09:48.155000,33.05,33.05,33.1,8411489.0
2018-01-25 11:09:51.104000,33.05,33.05,33.1,8411489.0
2018-01-25 11:09:54.134000,33.05,33.05,33.1,8411489.0
2018-01-25 11:09:57.124000,33.05,33.05,33.1,8411489.0
2018-01-25 11:10:00.045000,33.05,33.05,33.1,8411489.0
2018-01-25 11:10:03.084000,33.05,33.05,33.1,8411489.0
2018-01-25 11:10:05.886000,33.05,33.0,33.05,8419489.0
2018-01-25 11:10:08.790000,33.05,33.0,33.05,8419489.0
2018-01-25 11:10:11.703000,33.05,33.0,33.05,8419489.0
2018-01-25 11:10:14.694000,33.05,33.0,33.05,8419489.0
2018-01-25 11:10:17.470000,33.05,33.0,33.05,8419489.0
2018-01-25 11:10:20.523000,33.05,33.0,33.05,8419489.0
2018-01-25 11:10:23.462000,33.05,33.0,33.05,8419489.0
2018-01-25 11:10:29.353000,33.05,33.0,33.05,8419489.0
2018-01-25 11:10:32.241000,33.05,33.0,33.05,8419489.0
2018-01-25 11:10:35.452000,33.05,33.0,33.05,8419489.0
2018-01-25 11:10:39.947000,33.05,33.0,33.05,8419489.0
2018-01-25 11:10:43.804000,33.05,33.0,33.05,8419489.0
2018-01-25 11:10:46.948000,33.05,33.0,33.05,8419489.0
2018-01-25 11:10:50.210000,33.05,33.0,33.05,8419489.0
2018-01-25 11:10:53.425000,33.05,33.0,33.05,8419489.0
2018-01-25 11:10:56.585000,33.05,33.0,33.05,8419489.0
2018-01-25 11:10:59.851000,33.05,33.0,33.05,8419489.0
2018-01-25 11:11:03.096000,33.05,33.0,33.05,8419489.0
2018-01-25 11:11:06.088000,33.05,33.0,33.05,8419489.0
2018-01-25 11:11:09.242000,33.05,33.0,33.05,8419489.0
2018-01-25 11:11:12.303000,33.05,33.0,33.05,8419489.0
2018-01-25 11:11:15.182000,33.05,33.0,33.05,8419489.0
2018-01-25 11:11:18.263000,33.05,33.0,33.05,8419489.0
2018-01-25 11:11:21.324000,33.05,33.0,33.05,8419489.0
2018-01-25 11:11:24.255000,33.05,33.0,33.05,8419489.0
2018-01-25 11:11:27.233000,33.05,33.0,33.05,8419489.0
2018-01-25 11:11:30.479000,33.05,33.0,33.05,8419489.0
2018-01-25 11:11:33.448000,33.1,33.05,33.1,8425489.0
2018-01-25 11:11:36.355000,33.1,33.05,33.1,8425489.0
2018-01-25 11:11:39.335000,33.1,33.05,33.1,8425489.0
2018-01-25 11:11:42.263000,33.1,33.05,33.1,8425489.0
2018-01-25 11:11:45.173000,33.1,33.05,33.1,8425489.0
2018-01-25 11:11:48.663000,33.1,33.05,33.1,8425489.0
2018-01-25 11:11:51.562000,33.1,33.05,33.1,8425489.0
2018-01-25 11:11:54.575000,33.1,33.05,33.1,8425489.0
2018-01-25 11:11:57.592000,33.1,33.05,33.1,8425489.0
2018-01-25 11:12:00.468000,33.1,33.05,33.1,8425489.0
2018-01-25 11:12:03.566000,33.1,33.05,33.1,8425489.0
2018-01-25 11:12:06.625000,33.1,33.05,33.1,8425489.0
2018-01-25 11:12:09.693000,33.1,33.05,33.1,8425489.0
2018-01-25 11:12:12.657000,33.1,33.05,33.1,8425489.0
2018-01-25 11:12:15.523000,33.1,33.05,33.1,8425489.0
2018-01-25 11:12:18.532000,33.05,33.05,33.1,8577989.0
2018-01-25 11:12:21.833000,33.05,33.05,33.1,8577989.0
2018-01-25 11:12:29.197000,33.05,33.05,33.1,8577989.0
2018-01-25 11:12:32.810000,33.05,33.05,33.1,8577989.0
2018-01-25 11:12:36.979000,33.05,33.05,33.1,8577989.0
2018-01-25 11:12:40.871000,33.05,33.05,33.1,8577989.0
2018-01-25 11:12:45.687000,33.05,33.05,33.1,8577989.0
2018-01-25 11:12:48.854000,33.05,33.05,33.1,8577989.0
2018-01-25 11:12:51.755000,33.05,33.05,33.1,8577989.0
2018-01-25 11:12:55.039000,33.05,33.05,33.1,8577989.0
2018-01-25 11:12:58.106000,33.05,33.05,33.1,8577989.0
2018-01-25 11:13:03.093000,33.05,33.05,33.1,8577989.0
2018-01-25 11:13:13.061000,33.05,33.05,33.1,8577989.0
2018-01-25 11:13:18.248000,33.05,33.05,33.1,8577989.0
2018-01-25 11:13:24.764000,33.05,33.05,33.1,8577989.0
2018-01-25 11:13:28.049000,33.05,33.05,33.1,8577989.0
2018-01-25 11:13:31.199000,33.05,33.05,33.1,8674489.0
2018-01-25 11:13:34.265000,33.05,33.05,33.1,8674489.0
2018-01-25 11:13:37.503000,33.05,33.05,33.1,8674489.0
2018-01-25 11:13:40.289000,33.05,33.05,33.1,8674489.0
2018-01-25 11:13:43.328000,33.05,33.05,33.1,8674489.0
2018-01-25 11:13:46.314000,33.05,33.05,33.1,8674489.0
2018-01-25 11:13:49.506000,33.05,33.05,33.1,8674489.0
2018-01-25 11:13:52.466000,33.05,33.05,33.1,8674489.0
2018-01-25 11:13:55.515000,33.05,33.05,33.1,8674489.0
2018-01-25 11:13:58.750000,33.05,33.05,33.1,8674489.0
2018-01-25 11:14:01.821000,33.05,33.05,33.1,8674489.0
2018-01-25 11:14:04.898000,33.05,33.05,33.1,8674489.0
2018-01-25 11:14:07.832000,33.05,33.05,33.1,8674489.0
2018-01-25 11:14:10.512000,33.05,33.05,33.1,8674489.0
2018-01-25 11:14:13.426000,33.05,33.05,33.1,8674489.0
2018-01-25 11:14:16.385000,33.05,33.05,33.1,8674489.0
2018-01-25 11:14:19.154000,33.05,33.05,33.1,8674489.0
2018-01-25 11:14:21.947000,33.05,33.05,33.1,8674489.0
2018-01-25 11:14:24.739000,33.05,33.05,33.1,8674489.0
2018-01-25 11:14:27.537000,33.05,33.05,33.1,8674489.0
2018-01-25 11:14:30.603000,33.05,33.05,33.1,8674489.0
2018-01-25 11:14:33.531000,33.05,33.05,33.1,8674489.0
2018-01-25 11:14:36.321000,33.05,33.05,33.1,8674489.0
2018-01-25 11:14:39.156000,33.05,33.05,33.1,8674489.0
2018-01-25 11:14:42.018000,33.05,33.05,33.1,8678489.0
2018-01-25 11:14:44.638000,33.05,33.05,33.1,8678489.0
2018-01-25 11:14:47.429000,33.05,33.05,33.1,8678489.0
2018-01-25 11:14:50.188000,33.05,33.05,33.1,8678489.0
2018-01-25 11:14:53.020000,33.05,33.05,33.1,8678489.0
2018-01-25 11:14:55.981000,33.05,33.05,33.1,8678489.0
2018-01-25 11:14:58.814000,33.05,33.05,33.1,8678489.0
2018-01-25 11:15:01.526000,33.05,33.05,33.1,8678489.0
2018-01-25 11:15:04.546000,33.05,33.05,33.1,8678489.0
2018-01-25 11:15:07.417000,33.05,33.05,33.1,8678489.0
2018-01-25 11:15:10.438000,33.05,33.05,33.1,8678489.0
2018-01-25 11:15:13.654000,33.05,33.05,33.1,8678489.0
2018-01-25 11:15:16.605000,33.05,33.05,33.1,8678489.0
2018-01-25 11:15:19.328000,33.05,33.05,33.1,8678489.0
2018-01-25 11:15:22.131000,33.05,33.05,33.1,8678489.0
2018-01-25 11:15:24.893000,33.05,33.05,33.1,8678489.0
2018-01-25 11:15:27.732000,33.05,33.05,33.1,8678489.0
2018-01-25 11:15:30.970000,33.05,33.05,33.1,8678489.0
2018-01-25 11:15:33.797000,33.05,33.05,33.1,8678489.0
2018-01-25 11:15:36.795000,33.05,33.05,33.1,8678489.0
2018-01-25 11:15:39.782000,33.05,33.05,33.1,8678489.0
2018-01-25 11:15:42.692000,33.05,33.05,33.1,8678489.0
2018-01-25 11:15:45.987000,33.05,33.05,33.1,8678489.0
2018-01-25 11:15:48.836000,33.05,33.05,33.1,8678489.0
2018-01-25 11:15:51.659000,33.05,33.05,33.1,8678489.0
2018-01-25 11:15:54.376000,33.05,33.05,33.1,8678489.0
2018-01-25 11:15:57.454000,33.05,33.05,33.1,8767489.0
2018-01-25 11:16:00.727000,33.05,33.05,33.1,8767489.0
2018-01-25 11:16:03.942000,33.05,33.05,33.1,8767489.0
2018-01-25 11:16:06.733000,33.05,33.05,33.1,8767489.0
2018-01-25 11:16:09.438000,33.05,33.05,33.1,8767489.0
2018-01-25 11:16:12.175000,33.05,33.05,33.1,8767489.0
2018-01-25 11:16:14.924000,33.05,33.05,33.1,8767489.0
2018-01-25 11:16:18.247000,33.05,33.05,33.1,8767489.0
2018-01-25 11:16:20.938000,33.05,33.05,33.1,8767489.0
2018-01-25 11:16:23.619000,33.05,33.05,33.1,8767489.0
2018-01-25 11:16:26.333000,33.05,33.05,33.1,8767489.0
2018-01-25 11:16:29.187000,33.05,33.05,33.1,8767489.0
2018-01-25 11:16:32.869000,33.05,33.05,33.1,8767489.0
2018-01-25 11:16:35.705000,33.05,33.05,33.1,8767489.0
2018-01-25 11:16:39.049000,33.05,33.05,33.1,8767489.0
2018-01-25 11:16:42.032000,33.05,33.05,33.1,8767489.0
2018-01-25 11:16:44.734000,33.05,33.05,33.1,8767489.0
2018-01-25 11:16:47.340000,33.05,33.05,33.1,8767489.0
2018-01-25 11:16:50.112000,33.05,33.05,33.1,8767489.0
2018-01-25 11:16:52.710000,33.05,33.05,33.1,8767489.0
2018-01-25 11:16:55.564000,33.05,33.05,33.1,8767489.0
2018-01-25 11:16:58.196000,33.05,33.05,33.1,8767489.0
2018-01-25 11:17:01.452000,33.05,33.05,33.1,8767489.0
2018-01-25 11:17:04.162000,33.05,33.05,33.1,8767489.0
2018-01-25 11:17:06.685000,33.05,33.05,33.1,8767489.0
2018-01-25 11:17:09.439000,33.05,33.05,33.1,8767489.0
2018-01-25 11:17:11.964000,33.05,33.05,33.1,8767489.0
2018-01-25 11:17:14.690000,33.05,33.05,33.1,8767489.0
2018-01-25 11:17:17.448000,33.05,33.05,33.1,8807989.0
2018-01-25 11:17:20.172000,33.05,33.05,33.1,8807989.0
2018-01-25 11:17:22.969000,33.05,33.05,33.1,8807989.0
2018-01-25 11:17:25.988000,33.05,33.05,33.1,8807989.0
2018-01-25 11:17:28.726000,33.05,33.05,33.1,8807989.0
2018-01-25 11:17:31.359000,33.05,33.05,33.1,8807989.0
2018-01-25 11:17:34.439000,33.05,33.05,33.1,8807989.0
2018-01-25 11:17:37.198000,33.05,33.05,33.1,8807989.0
2018-01-25 11:17:40.063000,33.05,33.05,33.1,8807989.0
2018-01-25 11:17:43.005000,33.05,33.05,33.1,8807989.0
2018-01-25 11:17:45.935000,33.05,33.05,33.1,8807989.0
2018-01-25 11:17:48.709000,33.05,33.05,33.1,8807989.0
2018-01-25 11:17:51.508000,33.05,33.05,33.1,8807989.0
2018-01-25 11:17:54.393000,33.05,33.05,33.1,8807989.0
2018-01-25 11:17:57.178000,33.05,33.05,33.1,8807989.0
2018-01-25 11:18:00.071000,33.05,33.05,33.1,8807989.0
2018-01-25 11:18:03.030000,33.05,33.05,33.1,8807989.0
2018-01-25 11:18:05.721000,33.05,33.05,33.1,8807989.0
2018-01-25 11:18:08.514000,33.05,33.05,33.1,8807989.0
2018-01-25 11:18:11.130000,33.05,33.05,33.1,8807989.0
2018-01-25 11:18:13.872000,33.05,33.05,33.1,8807989.0
2018-01-25 11:18:16.727000,33.05,33.05,33.1,8807989.0
2018-01-25 11:18:19.315000,33.05,33.05,33.1,8807989.0
2018-01-25 11:18:21.990000,33.05,33.05,33.1,8807989.0
2018-01-25 11:18:24.769000,33.05,33.05,33.1,8807989.0
2018-01-25 11:18:27.695000,33.05,33.05,33.1,8807989.0
2018-01-25 11:18:30.473000,33.05,33.05,33.1,8807989.0
2018-01-25 11:18:33.293000,33.05,33.05,33.1,8807989.0
2018-01-25 11:18:36.130000,33.05,33.05,33.1,8807989.0
2018-01-25 11:18:39.025000,33.05,33.05,33.1,8807989.0
2018-01-25 11:18:42.268000,33.05,33.05,33.1,8807989.0
2018-01-25 11:18:47.414000,33.05,33.05,33.1,8814489.0
2018-01-25 11:18:52.591000,33.05,33.05,33.1,8814489.0
2018-01-25 11:19:00.562000,33.05,33.05,33.1,8814489.0
2018-01-25 11:19:04.411000,33.05,33.05,33.1,8814489.0
2018-01-25 11:19:07.187000,33.05,33.05,33.1,8814489.0
2018-01-25 11:19:09.912000,33.05,33.05,33.1,8814489.0
2018-01-25 11:19:12.888000,33.05,33.05,33.1,8814489.0
2018-01-25 11:19:15.760000,33.05,33.05,33.1,8814489.0
2018-01-25 11:19:18.639000,33.05,33.05,33.1,8814489.0
2018-01-25 11:19:21.637000,33.05,33.05,33.1,8814489.0
2018-01-25 11:19:24.489000,33.05,33.05,33.1,8814489.0
2018-01-25 11:19:27.468000,33.05,33.05,33.1,8814489.0
2018-01-25 11:19:30.516000,33.05,33.05,33.1,8814489.0
2018-01-25 11:19:33.464000,33.05,33.05,33.1,8814489.0
2018-01-25 11:19:36.699000,33.05,33.05,33.1,8817829.0
2018-01-25 11:19:39.676000,33.05,33.05,33.1,8817829.0
2018-01-25 11:19:42.432000,33.05,33.05,33.1,8817829.0
2018-01-25 11:19:45.282000,33.05,33.05,33.1,8817829.0
2018-01-25 11:20:19.833000,,,,
2018-01-25 11:20:30.063000,,,,
2018-01-25 11:20:58.844000,33.05,33.05,33.1,8826829.0
2018-01-25 11:21:04.899000,33.05,33.05,33.1,8826829.0
2018-01-25 11:21:07.929000,33.05,33.05,33.1,8826829.0
2018-01-25 11:21:10.935000,33.05,33.05,33.1,8826829.0
2018-01-25 11:21:13.997000,33.05,33.05,33.1,8826829.0
2018-01-25 11:21:16.996000,33.05,33.05,33.1,8826829.0
2018-01-25 11:21:19.928000,33.05,33.05,33.1,8826829.0
2018-01-25 11:21:22.760000,33.1,33.05,33.1,8863829.0
2018-01-25 11:21:25.452000,33.1,33.05,33.1,8863829.0
2018-01-25 11:21:28.361000,33.1,33.05,33.1,8863829.0
2018-01-25 11:21:31.306000,33.1,33.05,33.1,8863829.0
2018-01-25 11:21:34.028000,33.1,33.05,33.1,8863829.0
2018-01-25 11:21:37.039000,33.1,33.05,33.1,8863829.0
2018-01-25 11:21:40.117000,33.1,33.05,33.1,8863829.0
2018-01-25 11:21:42.955000,33.1,33.05,33.1,8863829.0
2018-01-25 11:21:45.835000,33.1,33.05,33.1,8863829.0
2018-01-25 11:21:48.785000,33.1,33.05,33.1,8863829.0
2018-01-25 11:21:51.907000,33.1,33.05,33.1,8863829.0
2018-01-25 11:21:54.838000,33.1,33.05,33.1,8863829.0
2018-01-25 11:21:57.575000,33.1,33.05,33.1,8863829.0
2018-01-25 11:22:00.609000,33.1,33.05,33.1,8863829.0
2018-01-25 11:22:03.568000,33.1,33.05,33.1,8863829.0
2018-01-25 11:22:06.577000,33.1,33.05,33.1,8863829.0
2018-01-25 11:22:09.489000,33.1,33.05,33.1,8901329.0
2018-01-25 11:22:12.300000,33.1,33.05,33.1,8901329.0
2018-01-25 11:22:15.278000,33.1,33.05,33.1,8901329.0
2018-01-25 11:22:18.188000,33.1,33.05,33.1,8901329.0
2018-01-25 11:22:21.068000,33.1,33.05,33.1,8901329.0
2018-01-25 11:22:24.122000,33.1,33.05,33.1,8901329.0
2018-01-25 11:22:27.349000,33.1,33.05,33.1,8901329.0
2018-01-25 11:22:30.206000,33.1,33.05,33.1,8901329.0
2018-01-25 11:22:33.412000,33.1,33.05,33.1,9063829.0
2018-01-25 11:22:36.417000,33.1,33.05,33.1,9063829.0
2018-01-25 11:22:40.415000,33.1,33.05,33.1,9063829.0
2018-01-25 11:22:43.549000,33.1,33.05,33.1,9063829.0
2018-01-25 11:22:46.317000,33.1,33.05,33.1,9063829.0
2018-01-25 11:22:49.291000,33.1,33.05,33.1,9063829.0
2018-01-25 11:22:52.269000,33.1,33.05,33.1,9063829.0
2018-01-25 11:22:55.292000,33.1,33.05,33.1,9063829.0
2018-01-25 11:22:58.293000,33.1,33.05,33.1,9063829.0
2018-01-25 11:23:01.169000,33.1,33.05,33.1,9063829.0
2018-01-25 11:23:03.985000,33.1,33.05,33.1,9063829.0
2018-01-25 11:23:06.967000,33.1,33.05,33.1,9063829.0
2018-01-25 11:23:10.109000,33.1,33.05,33.1,9063829.0
2018-01-25 11:23:12.910000,33.1,33.1,33.15,9231329.0
2018-01-25 11:23:15.892000,33.1,33.1,33.15,9231329.0
2018-01-25 11:23:18.895000,33.1,33.1,33.15,9231329.0
2018-01-25 11:23:22.497000,33.1,33.1,33.15,9231329.0
2018-01-25 11:23:25.325000,33.1,33.1,33.15,9231329.0
2018-01-25 11:23:28.197000,33.1,33.1,33.15,9231329.0
2018-01-25 11:23:30.894000,33.1,33.1,33.15,9231329.0
2018-01-25 11:23:33.810000,33.1,33.1,33.15,9231329.0
2018-01-25 11:23:36.732000,33.1,33.1,33.15,9231329.0
2018-01-25 11:23:39.713000,33.1,33.1,33.15,9231329.0
2018-01-25 11:23:42.576000,33.1,33.1,33.15,9231329.0
2018-01-25 11:23:45.453000,33.1,33.1,33.15,9231329.0
2018-01-25 11:23:48.326000,33.1,33.1,33.15,9231329.0
2018-01-25 11:23:51.216000,33.1,33.1,33.15,9231329.0
2018-01-25 11:23:54.170000,33.1,33.1,33.15,9246829.0
2018-01-25 11:23:57.108000,33.1,33.1,33.15,9246829.0
2018-01-25 11:24:00.050000,33.1,33.1,33.15,9246829.0
2018-01-25 11:24:03.079000,33.1,33.1,33.15,9246829.0
2018-01-25 11:24:06.193000,33.1,33.1,33.15,9246829.0
2018-01-25 11:24:09.165000,33.1,33.1,33.15,9246829.0
2018-01-25 11:24:12.130000,33.1,33.1,33.15,9246829.0
2018-01-25 11:24:14.934000,33.1,33.1,33.15,9246829.0
2018-01-25 11:24:17.775000,33.1,33.1,33.15,9246829.0
2018-01-25 11:24:20.607000,33.1,33.1,33.15,9246829.0
2018-01-25 11:24:23.661000,33.1,33.1,33.15,9246829.0
2018-01-25 11:24:26.513000,33.1,33.1,33.15,9246829.0
2018-01-25 11:24:29.662000,33.1,33.1,33.15,9246829.0
2018-01-25 11:24:32.594000,33.1,33.1,33.15,9246829.0
2018-01-25 11:24:35.573000,33.1,33.1,33.15,9246829.0
2018-01-25 11:24:38.540000,33.1,33.1,33.15,9246829.0
2018-01-25 11:24:41.687000,33.1,33.1,33.15,9246829.0
2018-01-25 11:24:44.842000,33.1,33.1,33.15,9246829.0
2018-01-25 11:24:47.878000,33.1,33.1,33.15,9246829.0
2018-01-25 11:24:50.747000,33.1,33.1,33.15,9246829.0
2018-01-25 11:24:53.578000,33.1,33.1,33.15,9246829.0
2018-01-25 11:24:56.658000,33.1,33.1,33.15,9246829.0
2018-01-25 11:24:59.630000,33.1,33.1,33.15,9246829.0
2018-01-25 11:25:02.459000,33.1,33.1,33.15,9246829.0
2018-01-25 11:25:05.466000,33.1,33.1,33.15,9246829.0
2018-01-25 11:25:08.391000,33.1,33.1,33.15,9246829.0
2018-01-25 11:25:11.782000,33.1,33.1,33.15,9246829.0
2018-01-25 11:25:14.779000,33.1,33.1,33.15,9251829.0
2018-01-25 11:25:17.659000,33.1,33.1,33.15,9251829.0
2018-01-25 11:25:20.575000,33.1,33.1,33.15,9251829.0
2018-01-25 11:25:23.476000,33.1,33.1,33.15,9251829.0
2018-01-25 11:25:26.515000,33.1,33.1,33.15,9251829.0
2018-01-25 11:25:29.363000,33.1,33.1,33.15,9251829.0
2018-01-25 11:25:32.103000,33.1,33.1,33.15,9251829.0
2018-01-25 11:25:37.464000,33.1,33.1,33.15,9251829.0
2018-01-25 11:25:46.768000,33.1,33.1,33.15,9251829.0
2018-01-25 11:26:01.420000,33.1,33.1,33.15,9251829.0
2018-01-25 11:26:12.557000,33.1,33.1,33.15,9251829.0
2018-01-25 11:26:19.678000,33.1,33.1,33.15,9251829.0
2018-01-25 11:26:37.845000,33.1,33.1,33.15,9251829.0
2018-01-25 11:26:42.113000,33.1,33.1,33.15,9251829.0
2018-01-25 11:26:44.824000,33.1,33.1,33.15,9252329.0
2018-01-25 11:26:47.849000,33.1,33.05,33.15,9340829.0
2018-01-25 11:26:50.969000,33.1,33.05,33.15,9340829.0
2018-01-25 11:26:53.791000,33.1,33.05,33.15,9340829.0
2018-01-25 11:26:56.630000,33.1,33.05,33.15,9340829.0
2018-01-25 11:26:59.759000,33.1,33.05,33.15,9340829.0
2018-01-25 11:27:02.732000,33.1,33.05,33.15,9340829.0
2018-01-25 11:27:05.581000,33.1,33.05,33.1,9482829.0
2018-01-25 11:27:08.533000,33.1,33.05,33.1,9482829.0
2018-01-25 11:27:11.219000,33.1,33.05,33.1,9482829.0
2018-01-25 11:27:14.066000,33.1,33.05,33.1,9482829.0
2018-01-25 11:27:16.973000,33.1,33.05,33.1,9482829.0
2018-01-25 11:27:19.837000,33.1,33.05,33.1,9482829.0
2018-01-25 11:27:22.858000,33.1,33.05,33.1,9482829.0
2018-01-25 11:27:25.892000,33.1,33.05,33.1,9482829.0
2018-01-25 11:27:28.867000,33.1,33.05,33.1,9482829.0
2018-01-25 11:27:31.862000,33.1,33.05,33.1,9482829.0
2018-01-25 11:27:34.709000,33.1,33.05,33.1,9482829.0
2018-01-25 11:27:37.616000,33.1,33.05,33.1,9482829.0
2018-01-25 11:27:40.536000,33.1,33.05,33.1,9482829.0
2018-01-25 11:27:43.462000,33.1,33.05,33.1,9482829.0
2018-01-25 11:27:46.495000,33.1,33.05,33.1,9482829.0
2018-01-25 11:27:49.298000,33.1,33.05,33.1,9482829.0
2018-01-25 11:27:51.990000,33.1,33.05,33.1,9482829.0
2018-01-25 11:27:54.871000,33.1,33.05,33.1,9482829.0
2018-01-25 11:27:57.654000,33.1,33.05,33.1,9482829.0
2018-01-25 11:28:00.613000,33.1,33.05,33.1,9482829.0
2018-01-25 11:28:03.357000,33.1,33.05,33.1,9492829.0
2018-01-25 11:28:06.372000,33.1,33.05,33.1,9492829.0
2018-01-25 11:28:09.243000,33.1,33.05,33.1,9492829.0
2018-01-25 11:28:12.094000,33.1,33.05,33.1,9492829.0
2018-01-25 11:28:15.221000,33.1,33.05,33.1,9492829.0
2018-01-25 11:28:17.911000,33.1,33.05,33.1,9492829.0
2018-01-25 11:28:22.224000,33.1,33.05,33.1,9492829.0
2018-01-25 11:28:25.023000,33.1,33.05,33.1,9492829.0
2018-01-25 11:28:28.004000,33.1,33.05,33.1,9492829.0
2018-01-25 11:28:30.924000,33.1,33.05,33.1,9492829.0
2018-01-25 11:28:33.996000,33.1,33.05,33.1,9492829.0
2018-01-25 11:28:36.990000,33.1,33.05,33.1,9492829.0
2018-01-25 11:28:39.879000,33.1,33.05,33.1,9492829.0
2018-01-25 11:28:42.733000,33.1,33.05,33.1,9492829.0
2018-01-25 11:28:45.643000,33.1,33.05,33.1,9492829.0
2018-01-25 11:28:48.584000,33.1,33.05,33.1,9492829.0
2018-01-25 11:28:51.365000,33.1,33.1,33.15,9513829.0
2018-01-25 11:28:54.506000,33.1,33.1,33.15,9513829.0
2018-01-25 11:28:57.353000,33.1,33.1,33.15,9513829.0
2018-01-25 11:29:00.205000,33.1,33.1,33.15,9513829.0
2018-01-25 11:29:02.865000,33.1,33.1,33.15,9513829.0
2018-01-25 11:29:05.784000,33.1,33.1,33.15,9513829.0
2018-01-25 11:29:08.732000,33.1,33.1,33.15,9513829.0
2018-01-25 11:29:11.666000,33.1,33.1,33.15,9513829.0
2018-01-25 11:29:14.482000,33.1,33.1,33.15,9513829.0
2018-01-25 11:29:17.305000,33.1,33.1,33.15,9513829.0
2018-01-25 11:29:20.089000,33.1,33.1,33.15,9513829.0
2018-01-25 11:29:22.995000,33.1,33.1,33.15,9513829.0
2018-01-25 11:29:26.036000,33.1,33.1,33.15,9513829.0
2018-01-25 11:29:28.892000,33.1,33.1,33.15,9513829.0
2018-01-25 11:29:32.084000,33.1,33.1,33.15,9513829.0
2018-01-25 11:29:34.889000,33.1,33.1,33.15,9513829.0
2018-01-25 11:29:37.901000,33.1,33.1,33.15,9513829.0
2018-01-25 11:29:40.913000,33.1,33.1,33.15,9513829.0
2018-01-25 11:29:43.710000,33.1,33.1,33.15,9513829.0
2018-01-25 11:29:46.692000,33.1,33.1,33.15,9513829.0
2018-01-25 11:29:49.513000,33.1,33.1,33.15,9513829.0
2018-01-25 11:29:52.255000,33.1,33.1,33.15,9513829.0
2018-01-25 11:29:55.137000,33.1,33.1,33.15,9513829.0
2018-01-25 11:29:58.195000,33.1,33.1,33.15,9513829.0
2018-01-25 11:30:00.913000,33.1,33.1,33.15,9513829.0
2018-01-25 11:30:04.046000,33.1,33.1,33.15,9513829.0
2018-01-25 11:30:06.819000,33.1,33.1,33.15,9513829.0
2018-01-25 11:30:09.600000,33.1,33.1,33.15,9513829.0
2018-01-25 11:30:12.719000,33.1,33.1,33.15,9513829.0
2018-01-25 11:30:15.662000,33.1,33.1,33.15,9513829.0
2018-01-25 11:30:18.570000,33.1,33.1,33.15,9513829.0
2018-01-25 11:30:21.627000,33.1,33.1,33.15,9513829.0
2018-01-25 11:30:25.473000,33.1,33.1,33.15,9513829.0
2018-01-25 11:30:28.441000,33.1,33.1,33.15,9513829.0
2018-01-25 11:30:31.387000,33.1,33.1,33.15,9513829.0
2018-01-25 11:30:34.321000,33.1,33.1,33.15,9513829.0
2018-01-25 11:30:37,33.1,33.1,33.15,9513829.0
2018-01-25 11:30:39.925000,33.1,33.1,33.15,9513829.0
2018-01-25 11:30:42.758000,33.1,33.1,33.15,9513829.0
2018-01-25 11:30:45.757000,33.1,33.1,33.15,9513829.0
2018-01-25 11:30:48.710000,33.1,33.1,33.15,9513829.0
2018-01-25 11:30:51.603000,33.1,33.1,33.15,9513829.0
2018-01-25 11:30:54.516000,33.1,33.1,33.15,9513829.0
2018-01-25 11:30:57.432000,33.1,33.1,33.15,9513829.0
2018-01-25 11:31:00.307000,33.1,33.1,33.15,9513829.0
2018-01-25 11:31:03.237000,33.1,33.1,33.15,9513829.0
2018-01-25 11:31:06.326000,33.1,33.1,33.15,9513829.0
2018-01-25 11:31:09.333000,33.1,33.1,33.15,9513829.0
2018-01-25 11:31:12.181000,33.1,33.1,33.15,9513829.0
2018-01-25 11:31:14.981000,33.1,33.1,33.15,9513829.0
2018-01-25 11:31:17.812000,33.1,33.1,33.15,9513829.0
2018-01-25 11:31:20.616000,33.1,33.1,33.15,9513829.0
2018-01-25 11:31:23.351000,33.1,33.1,33.15,9513829.0
2018-01-25 11:31:26.100000,33.1,33.1,33.15,9513829.0
2018-01-25 11:31:28.953000,33.1,33.1,33.15,9513829.0
2018-01-25 11:31:31.979000,33.1,33.1,33.15,9513829.0
2018-01-25 11:31:34.871000,33.1,33.05,33.1,9545429.0
2018-01-25 11:31:37.630000,33.1,33.05,33.1,9545429.0
2018-01-25 11:31:40.539000,33.1,33.05,33.1,9545429.0
2018-01-25 11:31:43.451000,33.1,33.05,33.1,9545429.0
2018-01-25 11:31:46.368000,33.1,33.05,33.1,9545429.0
2018-01-25 11:31:49.106000,33.1,33.05,33.1,9545429.0
2018-01-25 11:31:51.909000,33.1,33.05,33.1,9545429.0
2018-01-25 11:31:54.969000,33.1,33.05,33.1,9545429.0
2018-01-25 11:31:57.877000,33.1,33.05,33.1,9545429.0
2018-01-25 11:32:00.931000,33.1,33.05,33.1,9545429.0
2018-01-25 11:32:04.175000,33.1,33.05,33.1,9545429.0
2018-01-25 11:32:07.120000,33.1,33.05,33.1,9545429.0
2018-01-25 11:32:10.036000,33.1,33.05,33.1,9545429.0
2018-01-25 11:32:13.026000,33.1,33.05,33.1,9545429.0
2018-01-25 11:32:16.212000,33.1,33.05,33.1,9545429.0
2018-01-25 11:32:18.897000,33.1,33.05,33.1,9545429.0
2018-01-25 11:32:21.760000,33.1,33.05,33.1,9545429.0
2018-01-25 11:32:25.013000,33.1,33.05,33.1,9545429.0
2018-01-25 11:32:27.886000,33.1,33.05,33.1,9545429.0
2018-01-25 11:32:30.681000,33.1,33.05,33.1,9545429.0
2018-01-25 11:32:33.341000,33.1,33.05,33.1,9545429.0
2018-01-25 11:32:36.246000,33.1,33.05,33.1,9545429.0
2018-01-25 11:32:39.122000,33.1,33.05,33.1,9545929.0
2018-01-25 11:32:41.980000,33.1,33.05,33.1,9545929.0
2018-01-25 11:32:44.897000,33.1,33.05,33.1,9545929.0
2018-01-25 11:32:47.717000,33.1,33.05,33.1,9545929.0
2018-01-25 11:32:50.884000,33.1,33.05,33.1,9545929.0
2018-01-25 11:32:53.685000,33.1,33.05,33.1,9545929.0
2018-01-25 11:32:56.592000,33.1,33.05,33.1,9545929.0
2018-01-25 11:32:59.524000,33.1,33.05,33.1,9545929.0
2018-01-25 11:33:02.654000,33.1,33.05,33.1,9545929.0
2018-01-25 11:33:05.604000,33.1,33.05,33.1,9545929.0
2018-01-25 11:33:08.653000,33.1,33.05,33.1,9545929.0
2018-01-25 11:33:11.444000,33.1,33.05,33.1,9545929.0
2018-01-25 11:33:14.167000,33.1,33.05,33.1,9545929.0
2018-01-25 11:33:16.965000,33.1,33.05,33.1,9545929.0
2018-01-25 11:33:19.828000,33.1,33.05,33.1,9545929.0
2018-01-25 11:33:22.731000,33.1,33.05,33.1,9545929.0
2018-01-25 11:33:25.536000,33.1,33.05,33.1,9545929.0
2018-01-25 11:33:28.481000,33.05,33.05,33.1,9605429.0
2018-01-25 11:33:31.527000,33.05,33.05,33.1,9605429.0
2018-01-25 11:33:34.326000,33.05,33.05,33.1,9605429.0
2018-01-25 11:33:37.170000,33.05,33.05,33.1,9605429.0
2018-01-25 11:33:40.205000,33.05,33.05,33.1,9605429.0
2018-01-25 11:33:43.406000,33.05,33.05,33.1,9605429.0
2018-01-25 11:33:46.278000,33.05,33.05,33.1,9605429.0
2018-01-25 11:33:49.326000,33.05,33.05,33.1,9605429.0
2018-01-25 11:33:52.128000,33.05,33.05,33.1,9605429.0
2018-01-25 11:33:54.962000,33.05,33.05,33.1,9605429.0
2018-01-25 11:33:57.817000,33.05,33.05,33.1,9605429.0
2018-01-25 11:34:00.761000,33.05,33.05,33.1,9605429.0
2018-01-25 11:34:03.683000,33.05,33.05,33.1,9605429.0
2018-01-25 11:34:06.459000,33.05,33.05,33.1,9605429.0
2018-01-25 11:34:09.312000,33.05,33.05,33.1,9605429.0
2018-01-25 11:34:12.178000,33.05,33.05,33.1,9605429.0
2018-01-25 11:34:15.650000,33.05,33.05,33.1,9605429.0
2018-01-25 11:34:18.654000,33.05,33.05,33.1,9605429.0
2018-01-25 11:34:21.420000,33.05,33.05,33.1,9605429.0
2018-01-25 11:34:24.305000,33.05,33.05,33.1,9605429.0
2018-01-25 11:34:27.139000,33.05,33.05,33.1,9605429.0
2018-01-25 11:34:30.285000,33.05,33.05,33.1,9605429.0
2018-01-25 11:34:33.123000,33.05,33.05,33.1,9605429.0
2018-01-25 11:34:36.165000,33.05,33.05,33.1,9605429.0
2018-01-25 11:34:38.934000,33.05,33.05,33.1,9605429.0
2018-01-25 11:34:41.776000,33.05,33.05,33.1,9605429.0
2018-01-25 11:34:44.725000,33.05,33.05,33.1,9605429.0
2018-01-25 11:34:47.920000,33.05,33.05,33.1,9716429.0
2018-01-25 11:34:50.825000,33.05,33.05,33.1,9716429.0
2018-01-25 11:34:53.584000,33.05,33.05,33.1,9716429.0
2018-01-25 11:34:56.560000,33.05,33.05,33.1,9716429.0
2018-01-25 11:35:00.190000,33.05,33.05,33.1,9716429.0
2018-01-25 11:35:03.085000,33.05,33.05,33.1,9716429.0
2018-01-25 11:35:05.935000,33.05,33.05,33.1,9716429.0
2018-01-25 11:35:08.649000,33.05,33.05,33.1,9716429.0
2018-01-25 11:35:11.796000,33.05,33.05,33.1,9716429.0
2018-01-25 11:35:14.859000,33.05,33.05,33.1,9716429.0
2018-01-25 11:35:17.716000,33.05,33.05,33.1,9716429.0
2018-01-25 11:35:20.618000,33.05,33.05,33.1,9716429.0
2018-01-25 11:35:23.214000,33.05,33.05,33.1,9716429.0
2018-01-25 11:35:26.200000,33.05,33.05,33.1,9716429.0
2018-01-25 11:35:29.025000,33.05,33.05,33.1,9716429.0
2018-01-25 11:35:31.784000,33.05,33.05,33.1,9716429.0
2018-01-25 11:35:34.493000,33.05,33.05,33.1,9716429.0
2018-01-25 11:35:37.393000,33.05,33.05,33.1,9716429.0
2018-01-25 11:35:40.117000,33.05,33.05,33.1,9716429.0
2018-01-25 11:35:42.917000,33.05,33.05,33.1,9716429.0
2018-01-25 11:35:45.667000,33.05,33.05,33.1,9716429.0
2018-01-25 11:35:48.580000,33.05,33.05,33.1,9716429.0
2018-01-25 11:35:51.688000,33.05,33.05,33.1,9716429.0
2018-01-25 11:35:54.498000,33.05,33.05,33.1,9716429.0
2018-01-25 11:35:57.480000,33.05,33.05,33.1,9716429.0
2018-01-25 11:36:00.321000,33.05,33.05,33.1,9716429.0
2018-01-25 11:36:03.133000,33.05,33.05,33.1,9716429.0
2018-01-25 11:36:05.919000,33.05,33.05,33.1,9716429.0
2018-01-25 11:36:08.717000,33.05,33.05,33.1,9716429.0
2018-01-25 11:36:11.560000,33.05,33.05,33.1,9716429.0
2018-01-25 11:36:14.281000,33.05,33.05,33.1,9716429.0
2018-01-25 11:36:17.533000,33.05,33.05,33.1,9716429.0
2018-01-25 11:36:20.420000,33.05,33.05,33.1,9716429.0
2018-01-25 11:36:23.339000,33.1,33.05,33.1,9716929.0
2018-01-25 11:36:26.094000,33.1,33.05,33.1,9716929.0
2018-01-25 11:36:29.003000,33.1,33.05,33.1,9716929.0
2018-01-25 11:36:31.955000,33.1,33.05,33.1,9716929.0
2018-01-25 11:36:34.935000,33.1,33.05,33.1,9716929.0
2018-01-25 11:36:37.811000,33.1,33.05,33.1,9716929.0
2018-01-25 11:36:40.807000,33.1,33.05,33.1,9716929.0
2018-01-25 11:36:43.768000,33.1,33.05,33.1,9716929.0
2018-01-25 11:36:46.593000,33.1,33.05,33.1,9716929.0
2018-01-25 11:36:49.440000,33.1,33.05,33.1,9716929.0
2018-01-25 11:36:52.174000,33.1,33.05,33.1,9716929.0
2018-01-25 11:36:54.925000,33.1,33.05,33.1,9716929.0
2018-01-25 11:36:58.129000,33.1,33.05,33.1,9716929.0
2018-01-25 11:37:00.927000,33.1,33.05,33.1,9716929.0
2018-01-25 11:37:03.787000,33.1,33.05,33.1,9716929.0
2018-01-25 11:37:06.689000,33.1,33.05,33.1,9716929.0
2018-01-25 11:37:09.479000,33.1,33.05,33.1,9716929.0
2018-01-25 11:37:12.382000,33.1,33.05,33.1,9716929.0
2018-01-25 11:37:15.339000,33.1,33.05,33.1,9716929.0
2018-01-25 11:37:18.143000,33.1,33.05,33.1,9716929.0
2018-01-25 11:37:21.028000,33.1,33.05,33.1,9716929.0
2018-01-25 11:37:24.104000,33.1,33.05,33.1,9716929.0
2018-01-25 11:37:27.004000,33.1,33.05,33.1,9716929.0
2018-01-25 11:37:29.957000,33.1,33.05,33.1,9716929.0
2018-01-25 11:37:32.834000,33.1,33.05,33.1,9716929.0
2018-01-25 11:37:35.730000,33.1,33.05,33.1,9716929.0
2018-01-25 11:37:38.643000,33.1,33.05,33.1,9716929.0
2018-01-25 11:37:41.595000,33.1,33.05,33.1,9716929.0
2018-01-25 11:37:44.549000,33.1,33.05,33.1,9716929.0
2018-01-25 11:37:47.401000,33.1,33.05,33.1,9716929.0
2018-01-25 11:37:50.248000,33.1,33.05,33.1,9716929.0
2018-01-25 11:37:53.163000,33.1,33.05,33.1,9716929.0
2018-01-25 11:37:56.191000,33.1,33.05,33.1,9716929.0
2018-01-25 11:37:58.988000,33.1,33.05,33.1,9716929.0
2018-01-25 11:38:01.829000,33.1,33.05,33.1,9716929.0
2018-01-25 11:38:04.628000,33.1,33.05,33.1,9716929.0
2018-01-25 11:38:07.624000,33.1,33.05,33.1,9716929.0
2018-01-25 11:38:10.354000,33.1,33.05,33.1,9716929.0
2018-01-25 11:38:13.289000,33.1,33.05,33.1,9716929.0
2018-01-25 11:38:16.116000,33.1,33.05,33.1,9720929.0
2018-01-25 11:38:19.200000,33.1,33.05,33.1,9720929.0
2018-01-25 11:38:22.112000,33.1,33.05,33.1,9720929.0
2018-01-25 11:38:24.702000,33.1,33.05,33.1,9720929.0
2018-01-25 11:38:27.248000,33.1,33.05,33.1,9720929.0
2018-01-25 11:38:29.860000,33.1,33.05,33.1,9720929.0
2018-01-25 11:38:32.139000,33.1,33.05,33.1,9720929.0
2018-01-25 11:38:34.665000,33.1,33.05,33.1,9720929.0
2018-01-25 11:38:37.005000,33.1,33.05,33.1,9720929.0
2018-01-25 11:38:39.508000,33.1,33.05,33.1,9720929.0
2018-01-25 11:38:42.111000,33.1,33.05,33.1,9720929.0
2018-01-25 11:38:44.708000,33.1,33.05,33.1,9720929.0
2018-01-25 11:38:47.330000,33.1,33.05,33.1,9720929.0
2018-01-25 11:38:50.209000,33.1,33.05,33.1,9720929.0
2018-01-25 11:38:52.691000,33.1,33.05,33.1,9720929.0
2018-01-25 11:38:55.199000,33.1,33.05,33.1,9720929.0
2018-01-25 11:38:57.693000,33.1,33.05,33.1,9720929.0
2018-01-25 11:39:00.317000,33.1,33.05,33.1,9720929.0
2018-01-25 11:39:03.214000,33.1,33.05,33.1,9720929.0
2018-01-25 11:39:05.483000,33.1,33.05,33.1,9720929.0
2018-01-25 11:39:07.910000,33.1,33.05,33.1,9720929.0
2018-01-25 11:39:10.397000,33.1,33.05,33.1,9720929.0
2018-01-25 11:39:13.115000,33.1,33.05,33.1,9720929.0
2018-01-25 11:39:15.673000,33.1,33.05,33.1,9720929.0
2018-01-25 11:39:18.280000,33.1,33.05,33.1,9720929.0
2018-01-25 11:39:21.016000,33.1,33.05,33.1,9720929.0
2018-01-25 11:39:23.414000,33.1,33.05,33.1,9720929.0
2018-01-25 11:39:25.716000,33.1,33.05,33.1,9720929.0
2018-01-25 11:39:27.952000,33.1,33.05,33.1,9720929.0
2018-01-25 11:39:30.507000,33.1,33.05,33.1,9720929.0
2018-01-25 11:39:32.958000,33.1,33.05,33.1,9720929.0
2018-01-25 11:39:35.449000,33.1,33.05,33.1,9720929.0
2018-01-25 11:39:37.943000,33.1,33.05,33.1,9720929.0
2018-01-25 11:39:40.347000,33.1,33.05,33.1,9720929.0
2018-01-25 11:39:42.502000,33.1,33.05,33.1,9720929.0
2018-01-25 11:39:44.987000,33.1,33.05,33.1,9720929.0
2018-01-25 11:39:47.629000,33.05,33.05,33.1,9767429.0
2018-01-25 11:39:50.276000,33.05,33.05,33.1,9767429.0
2018-01-25 11:39:52.989000,33.05,33.05,33.1,9767429.0
2018-01-25 11:39:55.284000,33.05,33.05,33.1,9767429.0
2018-01-25 11:39:57.750000,33.05,33.05,33.1,9767429.0
2018-01-25 11:40:00.254000,33.05,33.05,33.1,9767429.0
2018-01-25 11:40:02.634000,33.05,33.05,33.1,9767429.0
2018-01-25 11:40:05.243000,33.05,33.05,33.1,9767429.0
2018-01-25 11:40:07.708000,33.05,33.05,33.1,9767429.0
2018-01-25 11:40:10.226000,33.05,33.05,33.1,9767429.0
2018-01-25 11:40:12.622000,33.05,33.05,33.1,9767429.0
2018-01-25 11:40:15.142000,33.05,33.05,33.1,9767429.0
2018-01-25 11:40:17.602000,33.05,33.05,33.1,9767429.0
2018-01-25 11:40:20.059000,33.05,33.05,33.1,9767429.0
2018-01-25 11:40:22.557000,33.05,33.05,33.1,9767429.0
2018-01-25 11:40:24.886000,33.05,33.05,33.1,9767429.0
2018-01-25 11:40:27.563000,33.05,33.05,33.1,9767429.0
2018-01-25 11:40:30.128000,33.05,33.05,33.1,9767429.0
2018-01-25 11:40:32.512000,33.05,33.05,33.1,9767429.0
2018-01-25 11:40:35.038000,33.05,33.05,33.1,9767429.0
2018-01-25 11:40:37.554000,33.05,33.05,33.1,9767429.0
2018-01-25 11:40:39.892000,33.05,33.05,33.1,9767429.0
2018-01-25 11:40:42.531000,33.05,33.05,33.1,9767429.0
2018-01-25 11:40:44.932000,33.05,33.05,33.1,9767429.0
2018-01-25 11:40:47.635000,33.05,33.05,33.1,9767429.0
2018-01-25 11:40:50.106000,33.05,33.05,33.1,9767429.0
2018-01-25 11:40:52.509000,33.05,33.05,33.1,9767429.0
2018-01-25 11:40:55.285000,33.05,33.05,33.1,9767429.0
2018-01-25 11:40:57.829000,33.05,33.05,33.1,9767429.0
2018-01-25 11:41:00.320000,33.05,33.05,33.1,9767429.0
2018-01-25 11:41:02.900000,33.05,33.05,33.1,9767429.0
2018-01-25 11:41:05.459000,33.05,33.05,33.1,9767429.0
2018-01-25 11:41:08.007000,33.05,33.05,33.1,9767429.0
2018-01-25 11:41:10.528000,33.1,33.05,33.1,9884429.0
2018-01-25 11:41:13.050000,33.1,33.05,33.1,9884429.0
2018-01-25 11:41:15.556000,33.1,33.05,33.1,9884429.0
2018-01-25 11:41:18.025000,33.1,33.05,33.1,9884429.0
2018-01-25 11:41:20.330000,33.1,33.05,33.1,9884429.0
2018-01-25 11:41:23.034000,33.1,33.05,33.1,9884429.0
2018-01-25 11:41:25.517000,33.1,33.05,33.1,9884429.0
2018-01-25 11:41:28.018000,33.1,33.05,33.1,9884429.0
2018-01-25 11:41:31.149000,33.1,33.05,33.1,9884429.0
2018-01-25 11:41:33.779000,33.1,33.05,33.1,9884429.0
2018-01-25 11:41:36.410000,33.1,33.05,33.1,9884429.0
2018-01-25 11:41:39.105000,33.1,33.05,33.1,9884429.0
2018-01-25 11:41:41.391000,33.1,33.05,33.1,9884429.0
2018-01-25 11:41:43.918000,33.1,33.05,33.1,9884429.0
2018-01-25 11:41:46.325000,33.1,33.05,33.1,9884429.0
2018-01-25 11:41:48.823000,33.1,33.05,33.1,9884429.0
2018-01-25 11:41:51.273000,33.1,33.05,33.1,9884429.0
2018-01-25 11:41:53.733000,33.1,33.05,33.1,9884429.0
2018-01-25 11:41:56.102000,33.1,33.05,33.1,9884429.0
2018-01-25 11:41:58.511000,33.1,33.05,33.1,9884429.0
2018-01-25 11:42:00.952000,33.1,33.05,33.1,9884929.0
2018-01-25 11:42:03.347000,33.1,33.05,33.1,9884929.0
2018-01-25 11:42:06.035000,33.1,33.05,33.1,9884929.0
2018-01-25 11:42:08.419000,33.1,33.05,33.1,9884929.0
2018-01-25 11:42:10.782000,33.1,33.05,33.1,9884929.0
2018-01-25 11:42:13.461000,33.1,33.05,33.1,9884929.0
2018-01-25 11:42:15.909000,33.1,33.05,33.1,9884929.0
2018-01-25 11:42:18.564000,33.1,33.05,33.1,9884929.0
2018-01-25 11:42:21.387000,33.1,33.05,33.1,9884929.0
2018-01-25 11:42:23.854000,33.1,33.05,33.1,9884929.0
2018-01-25 11:42:26.343000,33.1,33.05,33.1,9884929.0
2018-01-25 11:42:28.830000,33.1,33.05,33.1,9884929.0
2018-01-25 11:42:31.256000,33.1,33.05,33.1,9884929.0
2018-01-25 11:42:33.842000,33.1,33.05,33.1,9884929.0
2018-01-25 11:42:36.247000,33.1,33.05,33.1,9884929.0
2018-01-25 11:42:38.604000,33.1,33.05,33.1,9884929.0
2018-01-25 11:42:41.451000,33.1,33.05,33.1,9884929.0
2018-01-25 11:42:44.250000,33.1,33.05,33.1,9884929.0
2018-01-25 11:42:46.822000,33.1,33.05,33.1,9884929.0
2018-01-25 11:42:49.308000,33.1,33.05,33.1,9884929.0
2018-01-25 11:42:52.025000,33.1,33.05,33.1,9884929.0
2018-01-25 11:42:54.480000,33.1,33.05,33.1,9884929.0
2018-01-25 11:42:57.034000,33.1,33.05,33.1,9884929.0
2018-01-25 11:42:59.374000,33.1,33.05,33.1,9884929.0
2018-01-25 11:43:01.837000,33.1,33.05,33.1,9884929.0
2018-01-25 11:43:04.235000,33.1,33.05,33.1,9897929.0
2018-01-25 11:43:06.715000,33.1,33.05,33.1,9897929.0
2018-01-25 11:43:09.350000,33.1,33.05,33.1,9897929.0
2018-01-25 11:43:11.839000,33.1,33.05,33.1,9897929.0
2018-01-25 11:43:14.660000,33.1,33.05,33.1,9897929.0
2018-01-25 11:43:17.212000,33.1,33.05,33.1,9897929.0
2018-01-25 11:43:19.644000,33.1,33.05,33.1,9897929.0
2018-01-25 11:43:21.979000,33.1,33.05,33.1,9897929.0
2018-01-25 11:43:24.452000,33.1,33.05,33.1,9897929.0
2018-01-25 11:43:27.032000,33.1,33.05,33.1,9897929.0
2018-01-25 11:43:29.640000,33.1,33.05,33.1,9897929.0
2018-01-25 11:43:32.118000,33.1,33.05,33.1,9897929.0
2018-01-25 11:43:34.734000,33.1,33.05,33.1,9897929.0
2018-01-25 11:43:37.277000,33.1,33.05,33.1,9897929.0
2018-01-25 11:43:39.780000,33.1,33.05,33.1,9897929.0
2018-01-25 11:43:42.148000,33.1,33.05,33.1,9897929.0
2018-01-25 11:43:45.150000,33.1,33.05,33.1,9897929.0
2018-01-25 11:43:47.527000,33.1,33.05,33.1,9897929.0
2018-01-25 11:43:50.057000,33.1,33.05,33.1,9897929.0
2018-01-25 11:43:52.768000,33.1,33.05,33.1,9897929.0
2018-01-25 11:43:55.802000,33.1,33.05,33.1,9897929.0
2018-01-25 11:43:58.638000,33.1,33.05,33.1,9897929.0
2018-01-25 11:44:01.363000,33.1,33.05,33.1,9897929.0
2018-01-25 11:44:03.739000,33.1,33.05,33.1,9897929.0
2018-01-25 11:44:06.303000,33.1,33.05,33.1,9897929.0
2018-01-25 11:44:08.833000,33.1,33.05,33.1,9897929.0
2018-01-25 11:44:11.071000,33.1,33.05,33.1,9897929.0
2018-01-25 11:44:13.655000,33.1,33.05,33.1,9897929.0
2018-01-25 11:44:16.091000,33.1,33.05,33.1,9897929.0
2018-01-25 11:44:18.577000,33.1,33.05,33.1,9897929.0
2018-01-25 11:44:20.968000,33.1,33.05,33.1,9897929.0
2018-01-25 11:44:23.630000,33.1,33.05,33.1,9897929.0
2018-01-25 11:44:26.055000,33.1,33.05,33.1,9897929.0
2018-01-25 11:44:28.281000,33.1,33.05,33.1,9897929.0
2018-01-25 11:44:30.719000,33.1,33.05,33.1,9897929.0
2018-01-25 11:44:33.178000,33.1,33.05,33.1,9897929.0
2018-01-25 11:44:35.713000,33.1,33.05,33.1,9897929.0
2018-01-25 11:44:38.342000,33.1,33.05,33.1,9897929.0
2018-01-25 11:44:41.006000,33.1,33.05,33.1,9897929.0
2018-01-25 11:44:43.469000,33.1,33.05,33.1,9897929.0
2018-01-25 11:44:46.129000,33.1,33.05,33.1,9897929.0
2018-01-25 11:44:48.515000,33.1,33.05,33.1,9897929.0
2018-01-25 11:44:51.304000,33.1,33.05,33.1,9897929.0
2018-01-25 11:44:53.631000,33.1,33.05,33.1,9897929.0
2018-01-25 11:44:56.234000,33.1,33.05,33.1,9897929.0
2018-01-25 11:44:58.688000,33.1,33.05,33.1,9897929.0
2018-01-25 11:45:01.333000,33.1,33.05,33.1,9897929.0
2018-01-25 11:45:04.692000,33.1,33.05,33.1,9897929.0
2018-01-25 11:45:07.810000,33.1,33.05,33.1,9897929.0
2018-01-25 11:45:10.236000,33.1,33.05,33.1,9897929.0
2018-01-25 11:45:12.768000,33.1,33.05,33.1,9914429.0
2018-01-25 11:45:15.521000,33.1,33.05,33.1,9914429.0
2018-01-25 11:45:18.111000,33.1,33.05,33.1,9914429.0
2018-01-25 11:45:20.803000,33.1,33.05,33.1,9914429.0
2018-01-25 11:45:23.392000,33.1,33.05,33.1,9914429.0
2018-01-25 11:45:25.976000,33.1,33.05,33.1,9914429.0
2018-01-25 11:45:28.531000,33.1,33.05,33.1,9914429.0
2018-01-25 11:45:31.303000,33.1,33.05,33.1,9914429.0
2018-01-25 11:45:33.881000,33.1,33.05,33.1,9914429.0
2018-01-25 11:45:36.339000,33.1,33.05,33.1,9914429.0
2018-01-25 11:45:38.753000,33.1,33.05,33.1,9914429.0
2018-01-25 11:45:41.241000,33.1,33.05,33.1,9914429.0
2018-01-25 11:45:43.907000,33.1,33.05,33.1,9914429.0
