time,price,bid,ask,volume
2018-01-23 09:31:57.144000,5.04,5.03,5.04,362900.0
2018-01-23 09:31:59.654000,5.04,5.03,5.04,362900.0
2018-01-23 09:32:02.246000,5.04,5.03,5.04,362900.0
2018-01-23 09:32:04.753000,5.04,5.03,5.04,362900.0
2018-01-23 09:32:07.395000,5.04,5.03,5.05,362900.0
2018-01-23 09:32:10.230000,5.04,5.03,5.05,362900.0
2018-01-23 09:32:12.937000,5.04,5.03,5.04,362900.0
2018-01-23 09:32:15.222000,5.04,5.03,5.04,362900.0
2018-01-23 09:32:17.651000,5.04,5.03,5.04,362900.0
2018-01-23 09:32:20.492000,5.04,5.03,5.04,362900.0
2018-01-23 09:32:23.205000,5.04,5.03,5.04,362900.0
2018-01-23 09:32:25.803000,5.04,5.03,5.04,362900.0
2018-01-23 09:32:28.477000,5.04,5.03,5.04,362900.0
2018-01-23 09:32:31.074000,5.04,5.03,5.04,362900.0
2018-01-23 09:32:33.746000,5.04,5.03,5.04,362900.0
2018-01-23 09:32:36.325000,5.04,5.03,5.04,362900.0
2018-01-23 09:32:38.807000,5.04,5.03,5.04,362900.0
2018-01-23 09:32:41.420000,5.04,5.03,5.05,362900.0
2018-01-23 09:32:44.166000,5.04,5.03,5.05,362900.0
2018-01-23 09:32:46.779000,5.04,5.03,5.05,362900.0
2018-01-23 09:32:49.540000,5.04,5.03,5.05,362900.0
2018-01-23 09:32:52.324000,5.04,5.03,5.05,362900.0
2018-01-23 09:32:55.149000,5.04,5.03,5.05,362900.0
2018-01-23 09:32:57.842000,5.04,5.03,5.05,362900.0
2018-01-23 09:33:00.202000,5.04,5.03,5.05,362900.0
2018-01-23 09:33:02.858000,5.04,5.03,5.05,362900.0
2018-01-23 09:33:05.421000,5.04,5.03,5.05,362900.0
2018-01-23 09:33:08.112000,5.04,5.03,5.05,362900.0
2018-01-23 09:33:10.697000,5.04,5.03,5.05,362900.0
2018-01-23 09:33:13.247000,5.04,5.03,5.04,362900.0
2018-01-23 09:33:15.975000,5.04,5.03,5.04,362900.0
2018-01-23 09:33:18.661000,5.04,5.03,5.04,362900.0
2018-01-23 09:33:21.405000,5.04,5.03,5.04,362900.0
2018-01-23 09:33:23.965000,5.04,5.03,5.04,362900.0
2018-01-23 09:33:26.387000,5.04,5.03,5.04,362900.0
2018-01-23 09:33:28.818000,5.04,5.03,5.04,362900.0
2018-01-23 09:33:31.375000,5.04,5.03,5.04,362900.0
2018-01-23 09:33:34.010000,5.04,5.03,5.04,362900.0
2018-01-23 09:33:36.748000,5.04,5.03,5.04,362900.0
2018-01-23 09:33:39.449000,5.04,5.03,5.04,362900.0
2018-01-23 09:33:42.030000,5.04,5.03,5.04,362900.0
2018-01-23 09:33:44.767000,5.04,5.03,5.04,362900.0
2018-01-23 09:33:47.549000,5.04,5.03,5.04,362900.0
2018-01-23 09:33:50.244000,5.04,5.03,5.04,362900.0
2018-01-23 09:33:52.813000,5.04,5.03,5.04,362900.0
2018-01-23 09:33:55.762000,5.04,5.03,5.04,362900.0
2018-01-23 09:33:58.949000,5.04,5.03,5.04,362900.0
2018-01-23 09:34:01.521000,5.04,5.03,5.04,362900.0
2018-01-23 09:34:04.339000,5.04,5.03,5.04,362900.0
2018-01-23 09:34:06.787000,5.04,5.03,5.04,362900.0
2018-01-23 09:34:09.620000,5.04,5.03,5.04,362900.0
2018-01-23 09:34:12.355000,5.04,5.03,5.04,362900.0
2018-01-23 09:34:14.934000,5.04,5.03,5.04,362900.0
2018-01-23 09:34:17.991000,5.04,5.03,5.04,362900.0
2018-01-23 09:34:21.075000,5.04,5.03,5.04,362900.0
2018-01-23 09:34:23.876000,5.04,5.03,5.04,362900.0
2018-01-23 09:34:26.589000,5.04,5.03,5.04,362900.0
2018-01-23 09:34:29.510000,5.04,5.03,5.04,362900.0
2018-01-23 09:34:32.060000,5.04,5.03,5.04,362900.0
2018-01-23 09:34:34.890000,5.04,5.03,5.04,362900.0
2018-01-23 09:34:37.406000,5.04,5.03,5.04,362900.0
2018-01-23 09:34:39.949000,5.04,5.03,5.04,362900.0
2018-01-23 09:34:42.570000,5.04,5.03,5.04,362900.0
2018-01-23 09:34:45.202000,5.04,5.03,5.04,362900.0
2018-01-23 09:34:47.846000,5.04,5.03,5.04,362900.0
2018-01-23 09:34:50.419000,5.04,5.03,5.04,362900.0
2018-01-23 09:34:53.094000,5.04,5.03,5.04,362900.0
2018-01-23 09:34:55.609000,5.04,5.03,5.04,362900.0
2018-01-23 09:34:58.299000,5.04,5.03,5.04,362900.0
2018-01-23 09:35:00.843000,5.04,5.03,5.04,362900.0
2018-01-23 09:35:03.241000,5.04,5.03,5.04,362900.0
2018-01-23 09:35:05.727000,5.04,5.03,5.04,362900.0
2018-01-23 09:35:08.310000,5.04,5.03,5.04,362900.0
2018-01-23 09:35:10.799000,5.04,5.03,5.04,362900.0
2018-01-23 09:35:13.474000,5.04,5.03,5.04,362900.0
2018-01-23 09:35:15.969000,5.04,5.03,5.04,362900.0
2018-01-23 09:35:18.407000,5.04,5.03,5.04,362900.0
2018-01-23 09:35:21.096000,5.04,5.03,5.04,362900.0
2018-01-23 09:35:23.534000,5.04,5.03,5.04,362900.0
2018-01-23 09:35:25.904000,5.04,5.03,5.04,362900.0
2018-01-23 09:35:28.487000,5.04,5.03,5.04,362900.0
2018-01-23 09:35:31.121000,5.04,5.03,5.04,362900.0
2018-01-23 09:35:33.787000,5.04,5.03,5.04,362900.0
2018-01-23 09:35:36.157000,5.04,5.03,5.04,362900.0
2018-01-23 09:35:38.809000,5.04,5.03,5.04,362900.0
2018-01-23 09:35:41.455000,5.04,5.03,5.04,362900.0
2018-01-23 09:35:43.924000,5.04,5.03,5.04,362900.0
2018-01-23 09:35:46.769000,5.04,5.03,5.04,362900.0
2018-01-23 09:35:49.513000,5.04,5.03,5.04,362900.0
2018-01-23 09:35:52.116000,5.04,5.03,5.04,362900.0
2018-01-23 09:35:55.050000,5.04,5.03,5.04,362900.0
2018-01-23 09:35:57.740000,5.04,5.03,5.04,362900.0
2018-01-23 09:36:00.521000,5.04,5.03,5.04,362900.0
2018-01-23 09:36:03.213000,5.04,5.03,5.04,362900.0
2018-01-23 09:36:05.800000,5.04,5.03,5.04,362900.0
2018-01-23 09:36:08.473000,5.04,5.03,5.04,362900.0
2018-01-23 09:36:11.798000,5.04,5.03,5.04,362900.0
2018-01-23 09:36:14.295000,5.04,5.03,5.04,362900.0
2018-01-23 09:36:17.033000,5.04,5.03,5.04,362900.0
2018-01-23 09:36:20.035000,5.04,5.03,5.04,362900.0
2018-01-23 09:36:22.601000,5.04,5.03,5.04,362900.0
2018-01-23 09:36:25.094000,5.04,5.03,5.04,362900.0
2018-01-23 09:36:27.659000,5.04,5.03,5.04,362900.0
2018-01-23 09:36:30.127000,5.04,5.03,5.04,362900.0
2018-01-23 09:36:32.527000,5.04,5.03,5.04,362900.0
2018-01-23 09:36:34.905000,5.04,5.03,5.04,362900.0
2018-01-23 09:36:37.511000,5.04,5.03,5.04,362900.0
2018-01-23 09:36:40.202000,5.04,5.03,5.04,362900.0
2018-01-23 09:36:42.659000,5.04,5.03,5.04,362900.0
2018-01-23 09:36:45.018000,5.04,5.03,5.04,362900.0
2018-01-23 09:36:47.584000,5.04,5.03,5.04,362900.0
2018-01-23 09:36:50.672000,5.04,5.03,5.04,362900.0
2018-01-23 09:36:53.555000,5.04,5.03,5.04,362900.0
2018-01-23 09:36:56.287000,5.04,5.03,5.04,362900.0
2018-01-23 09:36:58.868000,5.04,5.03,5.04,362900.0
2018-01-23 09:37:01.215000,5.04,5.03,5.04,362900.0
2018-01-23 09:37:03.735000,5.04,5.03,5.04,362900.0
2018-01-23 09:37:06.426000,5.04,5.03,5.04,362900.0
2018-01-23 09:37:08.851000,5.04,5.03,5.04,362900.0
2018-01-23 09:37:11.395000,5.04,5.03,5.04,362900.0
2018-01-23 09:37:14.187000,5.04,5.03,5.04,362900.0
2018-01-23 09:37:16.537000,5.04,5.03,5.04,362900.0
2018-01-23 09:37:18.904000,5.04,5.03,5.04,362900.0
2018-01-23 09:37:21.535000,5.04,5.03,5.04,362900.0
2018-01-23 09:37:24.671000,5.04,5.03,5.04,362900.0
2018-01-23 09:37:27.468000,5.04,5.03,5.04,362900.0
2018-01-23 09:37:29.782000,5.04,5.03,5.04,362900.0
2018-01-23 09:37:32.161000,5.04,5.03,5.04,362900.0
2018-01-23 09:37:34.922000,5.04,5.03,5.04,362900.0
2018-01-23 09:37:37.512000,5.04,5.03,5.04,362900.0
2018-01-23 09:37:40.490000,5.04,5.03,5.04,362900.0
2018-01-23 09:37:44.139000,5.04,5.03,5.04,362900.0
2018-01-23 09:37:46.525000,5.04,5.03,5.04,362900.0
2018-01-23 09:37:49.118000,5.04,5.03,5.04,362900.0
2018-01-23 09:37:51.692000,5.04,5.03,5.04,362900.0
2018-01-23 09:37:54.234000,5.04,5.03,5.04,362900.0
2018-01-23 09:37:56.885000,5.04,5.03,5.04,362900.0
2018-01-23 09:37:59.266000,5.04,5.03,5.04,362900.0
2018-01-23 09:38:02.370000,5.04,5.04,5.05,368900.0
2018-01-23 09:38:05.096000,5.04,5.04,5.05,368900.0
2018-01-23 09:38:08.131000,5.04,5.04,5.05,368900.0
2018-01-23 09:38:10.658000,5.04,5.04,5.05,368900.0
2018-01-23 09:38:13.317000,5.04,5.04,5.05,368900.0
2018-01-23 09:38:16.126000,5.04,5.04,5.05,368900.0
2018-01-23 09:38:18.506000,5.04,5.04,5.05,368900.0
2018-01-23 09:38:21.067000,5.04,5.04,5.05,368900.0
2018-01-23 09:38:23.577000,5.04,5.04,5.05,368900.0
2018-01-23 09:38:26.131000,5.04,5.04,5.05,368900.0
2018-01-23 09:38:28.811000,5.04,5.04,5.05,368900.0
2018-01-23 09:38:31.238000,5.04,5.04,5.05,368900.0
2018-01-23 09:38:33.757000,5.04,5.04,5.05,368900.0
2018-01-23 09:38:36.392000,5.04,5.04,5.05,368900.0
2018-01-23 09:38:38.754000,5.04,5.04,5.05,368900.0
2018-01-23 09:38:41.199000,5.04,5.04,5.05,368900.0
2018-01-23 09:38:43.827000,5.04,5.04,5.05,368900.0
2018-01-23 09:38:46.503000,5.04,5.04,5.05,368900.0
2018-01-23 09:38:48.864000,5.04,5.04,5.05,368900.0
2018-01-23 09:38:51.542000,5.04,5.04,5.05,368900.0
2018-01-23 09:38:54.118000,5.04,5.04,5.05,368900.0
2018-01-23 09:38:56.665000,5.04,5.04,5.05,368900.0
2018-01-23 09:38:59.099000,5.04,5.04,5.05,368900.0
2018-01-23 09:39:01.773000,5.04,5.04,5.05,368900.0
2018-01-23 09:39:04.231000,5.04,5.04,5.05,368900.0
2018-01-23 09:39:06.661000,5.04,5.04,5.05,368900.0
2018-01-23 09:39:09.274000,5.04,5.04,5.05,368900.0
2018-01-23 09:39:11.614000,5.04,5.04,5.05,368900.0
2018-01-23 09:39:14.067000,5.04,5.04,5.05,368900.0
2018-01-23 09:39:16.630000,5.04,5.04,5.05,372800.0
2018-01-23 09:39:19.076000,5.04,5.04,5.05,372800.0
2018-01-23 09:39:21.583000,5.04,5.04,5.05,372800.0
2018-01-23 09:39:23.976000,5.04,5.04,5.05,372800.0
2018-01-23 09:39:26.645000,5.04,5.04,5.05,372800.0
2018-01-23 09:39:29.581000,5.04,5.04,5.05,372800.0
2018-01-23 09:39:32.419000,5.04,5.04,5.05,372800.0
2018-01-23 09:39:34.886000,5.04,5.04,5.05,372800.0
2018-01-23 09:39:37.426000,5.04,5.04,5.05,372800.0
2018-01-23 09:39:40.129000,5.04,5.04,5.05,372800.0
2018-01-23 09:39:42.836000,5.04,5.04,5.05,372800.0
2018-01-23 09:39:45.598000,5.04,5.04,5.05,372800.0
2018-01-23 09:39:48.241000,5.04,5.04,5.05,372800.0
2018-01-23 09:39:50.882000,5.04,5.04,5.05,372800.0
2018-01-23 09:39:53.385000,5.04,5.04,5.05,372800.0
2018-01-23 09:39:56.022000,5.04,5.04,5.05,416300.0
2018-01-23 09:39:58.416000,5.04,5.04,5.05,416300.0
2018-01-23 09:40:01.087000,5.04,5.04,5.05,416300.0
2018-01-23 09:40:03.638000,5.04,5.04,5.05,416300.0
2018-01-23 09:40:06.281000,5.04,5.03,5.05,592400.0
2018-01-23 09:40:08.949000,5.04,5.03,5.05,592400.0
2018-01-23 09:40:11.589000,5.04,5.03,5.05,592400.0
2018-01-23 09:40:14.173000,5.04,5.03,5.05,592400.0
2018-01-23 09:40:16.778000,5.04,5.03,5.05,592400.0
2018-01-23 09:40:19.813000,5.04,5.03,5.04,691100.0
2018-01-23 09:40:22.258000,5.04,5.03,5.04,691100.0
2018-01-23 09:40:25.099000,5.04,5.03,5.04,691100.0
2018-01-23 09:40:27.540000,5.04,5.03,5.04,691100.0
2018-01-23 09:40:29.918000,5.04,5.03,5.04,691100.0
2018-01-23 09:40:32.389000,5.04,5.03,5.04,691100.0
2018-01-23 09:40:34.661000,5.04,5.03,5.04,691100.0
2018-01-23 09:40:36.781000,5.04,5.03,5.04,691100.0
2018-01-23 09:40:43.112000,5.04,5.03,5.04,691100.0
2018-01-23 09:40:45.341000,5.04,5.03,5.04,691100.0
2018-01-23 09:40:47.401000,5.04,5.03,5.04,691100.0
2018-01-23 09:40:49.614000,5.04,5.03,5.04,691100.0
2018-01-23 09:40:51.737000,5.04,5.03,5.04,691100.0
2018-01-23 09:40:53.807000,5.04,5.03,5.04,691100.0
2018-01-23 09:40:55.973000,5.04,5.03,5.04,691100.0
2018-01-23 09:40:58.190000,5.04,5.03,5.04,691100.0
2018-01-23 09:41:00.453000,5.04,5.03,5.04,691100.0
2018-01-23 09:41:02.549000,5.04,5.03,5.04,691100.0
2018-01-23 09:41:04.888000,5.04,5.03,5.04,716100.0
2018-01-23 09:41:06.965000,5.04,5.03,5.04,716100.0
2018-01-23 09:41:09.217000,5.04,5.03,5.04,716100.0
2018-01-23 09:41:11.513000,5.04,5.03,5.04,716100.0
2018-01-23 09:41:30.341000,5.04,5.03,5.04,716100.0
2018-01-23 09:41:32.575000,5.04,5.03,5.04,716100.0
2018-01-23 09:41:34.811000,5.04,5.03,5.04,716100.0
2018-01-23 09:41:37.028000,5.04,5.03,5.04,716100.0
2018-01-23 09:41:39.213000,5.04,5.03,5.04,716100.0
2018-01-23 09:41:41.569000,5.04,5.03,5.04,716100.0
2018-01-23 09:41:43.777000,5.04,5.03,5.04,716100.0
2018-01-23 09:41:45.882000,5.04,5.03,5.04,716100.0
2018-01-23 09:41:48.088000,5.04,5.03,5.04,716100.0
2018-01-23 09:41:50.136000,5.04,5.03,5.04,716100.0
2018-01-23 09:41:55.326000,5.04,5.03,5.04,716100.0
2018-01-23 09:41:57.482000,5.04,5.03,5.04,716100.0
2018-01-23 09:41:59.601000,5.04,5.03,5.04,716100.0
2018-01-23 09:42:01.794000,5.04,5.03,5.04,716100.0
2018-01-23 09:42:03.968000,5.04,5.03,5.04,716100.0
2018-01-23 09:42:06.159000,5.04,5.03,5.04,716100.0
2018-01-23 09:42:08.316000,5.04,5.03,5.04,716100.0
2018-01-23 09:42:10.756000,5.04,5.03,5.04,716100.0
2018-01-23 09:42:12.881000,5.04,5.03,5.04,716100.0
2018-01-23 09:42:15.030000,5.04,5.03,5.04,716100.0
2018-01-23 09:42:17.311000,5.04,5.03,5.04,716100.0
2018-01-23 09:42:19.447000,5.04,5.03,5.04,716100.0
2018-01-23 09:42:22.288000,5.04,5.03,5.04,716100.0
2018-01-23 09:42:24.795000,5.04,5.03,5.04,716100.0
2018-01-23 09:42:26.911000,5.04,5.03,5.04,716100.0
2018-01-23 09:42:29.049000,5.04,5.03,5.04,716100.0
2018-01-23 09:42:31.472000,5.04,5.03,5.04,716100.0
2018-01-23 09:42:33.760000,5.04,5.03,5.04,716100.0
2018-01-23 09:42:35.853000,5.04,5.03,5.04,716100.0
2018-01-23 09:42:37.961000,5.04,5.03,5.04,716100.0
2018-01-23 09:42:40,5.04,5.03,5.04,716100.0
2018-01-23 09:42:42.696000,5.04,5.03,5.04,716100.0
2018-01-23 09:42:45.131000,5.04,5.03,5.05,716100.0
2018-01-23 09:42:47.694000,5.04,5.03,5.05,716100.0
2018-01-23 09:42:50.820000,5.04,5.03,5.05,716100.0
2018-01-23 09:42:53.360000,5.04,5.03,5.05,716100.0
2018-01-23 09:42:55.910000,5.04,5.03,5.05,716100.0
2018-01-23 09:42:58.661000,5.04,5.03,5.05,716100.0
2018-01-23 09:43:01.197000,5.04,5.03,5.05,716100.0
2018-01-23 09:43:03.988000,5.04,5.04,5.05,731200.0
2018-01-23 09:43:06.337000,5.04,5.04,5.05,731200.0
2018-01-23 09:43:08.752000,5.04,5.04,5.05,731200.0
2018-01-23 09:43:11.273000,5.04,5.04,5.05,731200.0
2018-01-23 09:43:13.790000,5.04,5.04,5.05,731200.0
2018-01-23 09:43:16.246000,5.04,5.04,5.05,731200.0
2018-01-23 09:43:19.058000,5.04,5.03,5.04,731200.0
2018-01-23 09:43:21.556000,5.04,5.03,5.04,731200.0
2018-01-23 09:43:23.950000,5.04,5.03,5.04,731200.0
2018-01-23 09:43:26.594000,5.04,5.03,5.04,731200.0
2018-01-23 09:43:29.312000,5.04,5.03,5.04,731200.0
2018-01-23 09:43:31.844000,5.04,5.03,5.04,731200.0
2018-01-23 09:43:34.392000,5.04,5.03,5.04,731200.0
2018-01-23 09:43:36.889000,5.04,5.04,5.05,731200.0
2018-01-23 09:43:39.171000,5.04,5.04,5.05,731200.0
2018-01-23 09:43:41.685000,5.04,5.04,5.05,731200.0
2018-01-23 09:43:44.201000,5.04,5.04,5.05,731200.0
2018-01-23 09:43:46.728000,5.04,5.04,5.05,731200.0
2018-01-23 09:43:59.900000,5.04,5.04,5.05,731200.0
2018-01-23 09:44:16.213000,5.04,5.04,5.05,731200.0
2018-01-23 09:44:29.506000,5.04,5.04,5.05,731200.0
2018-01-23 09:44:38.957000,5.04,5.04,5.05,731200.0
2018-01-23 09:44:54.038000,5.04,5.03,5.05,731200.0
2018-01-23 09:45:00.527000,5.04,5.03,5.05,731200.0
2018-01-23 09:45:03.577000,5.04,5.03,5.05,731200.0
2018-01-23 09:45:06.731000,5.04,5.03,5.05,731200.0
2018-01-23 09:45:09.856000,5.04,5.04,5.05,761200.0
2018-01-23 09:45:13.271000,5.04,5.04,5.05,761200.0
2018-01-23 09:45:16.434000,5.04,5.04,5.05,761200.0
2018-01-23 09:45:19.390000,5.04,5.04,5.05,761200.0
2018-01-23 09:45:23.388000,5.04,5.04,5.05,761200.0
2018-01-23 09:45:26.326000,5.04,5.04,5.05,761200.0
2018-01-23 09:45:29.360000,5.04,5.04,5.05,761200.0
2018-01-23 09:45:32.357000,5.04,5.04,5.05,761200.0
2018-01-23 09:45:35.464000,5.04,5.04,5.05,761200.0
2018-01-23 09:45:38.580000,5.04,5.04,5.05,761200.0
2018-01-23 09:45:42.977000,5.04,5.04,5.05,763200.0
2018-01-23 09:45:45.936000,5.04,5.04,5.05,763200.0
2018-01-23 09:45:48.876000,5.04,5.04,5.05,763200.0
2018-01-23 09:45:51.718000,5.04,5.04,5.05,763200.0
2018-01-23 09:45:54.781000,5.04,5.04,5.05,763200.0
2018-01-23 09:45:57.750000,5.04,5.04,5.05,763200.0
2018-01-23 09:46:00.937000,5.04,5.04,5.05,763200.0
2018-01-23 09:46:03.940000,5.04,5.04,5.05,763200.0
2018-01-23 09:46:07.200000,5.04,5.04,5.05,763200.0
2018-01-23 09:46:10.202000,5.04,5.04,5.05,763200.0
2018-01-23 09:46:13.224000,5.04,5.04,5.05,763200.0
2018-01-23 09:46:16.315000,5.04,5.04,5.05,763200.0
2018-01-23 09:46:19.318000,5.04,5.04,5.05,763200.0
2018-01-23 09:46:22.195000,5.04,5.04,5.05,763200.0
2018-01-23 09:46:25.405000,5.04,5.04,5.05,763200.0
2018-01-23 09:46:28.517000,5.04,5.04,5.05,763200.0
2018-01-23 09:46:31.757000,5.04,5.04,5.05,763200.0
2018-01-23 09:46:35.014000,5.04,5.04,5.05,763200.0
2018-01-23 09:46:38.002000,5.04,5.04,5.05,763200.0
2018-01-23 09:46:40.939000,5.04,5.04,5.05,763200.0
2018-01-23 09:46:43.817000,5.04,5.04,5.05,763200.0
2018-01-23 09:46:46.845000,5.04,5.04,5.05,763200.0
2018-01-23 09:46:50.138000,5.04,5.04,5.05,763200.0
2018-01-23 09:46:53.211000,5.04,5.04,5.05,773200.0
2018-01-23 09:46:56.298000,5.04,5.04,5.05,773200.0
2018-01-23 09:46:59.523000,5.04,5.04,5.05,773200.0
2018-01-23 09:47:02.398000,5.04,5.04,5.05,773200.0
2018-01-23 09:47:05.405000,5.04,5.04,5.05,773200.0
2018-01-23 09:47:08.399000,5.04,5.04,5.05,773200.0
2018-01-23 09:47:11.228000,5.04,5.04,5.05,773200.0
2018-01-23 09:47:14.251000,5.04,5.04,5.05,773200.0
2018-01-23 09:47:17.142000,5.04,5.04,5.05,773200.0
2018-01-23 09:47:20.047000,5.04,5.04,5.05,773200.0
2018-01-23 09:47:22.871000,5.04,5.04,5.05,773200.0
2018-01-23 09:47:25.734000,5.04,5.04,5.05,773200.0
2018-01-23 09:47:28.910000,5.04,5.04,5.05,773200.0
2018-01-23 09:47:31.828000,5.04,5.04,5.05,773200.0
2018-01-23 09:47:34.919000,5.04,5.04,5.05,773200.0
2018-01-23 09:47:38.159000,5.04,5.04,5.05,773200.0
2018-01-23 09:47:41.266000,5.04,5.04,5.05,773200.0
2018-01-23 09:47:44.333000,5.04,5.04,5.05,773200.0
2018-01-23 09:47:47.399000,5.04,5.04,5.05,773200.0
2018-01-23 09:47:50.173000,5.04,5.04,5.05,833200.0
2018-01-23 09:47:53.617000,5.04,5.04,5.05,833200.0
2018-01-23 09:47:56.708000,5.04,5.04,5.05,833200.0
2018-01-23 09:47:59.719000,5.04,5.04,5.05,833200.0
2018-01-23 09:48:02.840000,5.04,5.04,5.05,833200.0
2018-01-23 09:48:06.282000,5.04,5.04,5.05,833200.0
2018-01-23 09:48:09.457000,5.04,5.04,5.05,833200.0
2018-01-23 09:48:12.718000,5.04,5.03,5.04,843200.0
2018-01-23 09:48:15.642000,5.04,5.03,5.04,843200.0
2018-01-23 09:48:18.262000,5.04,5.03,5.04,843200.0
2018-01-23 09:48:21.062000,5.04,5.03,5.04,843200.0
2018-01-23 09:48:23.612000,5.04,5.03,5.04,843200.0
2018-01-23 09:48:26.329000,5.04,5.03,5.04,843200.0
2018-01-23 09:48:28.898000,5.04,5.03,5.04,843200.0
2018-01-23 09:48:31.471000,5.04,5.03,5.04,843200.0
2018-01-23 09:48:34.085000,5.04,5.03,5.04,843200.0
2018-01-23 09:48:36.626000,5.04,5.03,5.04,843200.0
2018-01-23 09:48:38.943000,5.04,5.03,5.04,843200.0
2018-01-23 09:48:41.463000,5.04,5.03,5.04,843200.0
2018-01-23 09:48:44.104000,5.04,5.03,5.04,843200.0
2018-01-23 09:48:46.942000,5.04,5.03,5.04,843200.0
2018-01-23 09:48:49.531000,5.04,5.03,5.04,843200.0
2018-01-23 09:48:52.478000,5.04,5.03,5.04,843200.0
2018-01-23 09:48:55.173000,5.04,5.03,5.04,843200.0
2018-01-23 09:48:58.322000,5.04,5.03,5.04,843200.0
2018-01-23 09:49:00.940000,5.04,5.03,5.04,843200.0
2018-01-23 09:49:03.883000,5.04,5.03,5.04,843200.0
2018-01-23 09:49:06.335000,5.04,5.03,5.04,843200.0
2018-01-23 09:49:09.135000,5.04,5.03,5.04,843200.0
2018-01-23 09:49:11.745000,5.04,5.03,5.04,843200.0
2018-01-23 09:49:14.576000,5.04,5.03,5.04,843200.0
2018-01-23 09:49:17.270000,5.04,5.03,5.04,843200.0
2018-01-23 09:49:20.269000,5.04,5.03,5.04,843200.0
2018-01-23 09:49:22.897000,5.04,5.03,5.04,843200.0
2018-01-23 09:49:25.783000,5.04,5.03,5.04,843200.0
2018-01-23 09:49:28.929000,5.04,5.03,5.04,843200.0
2018-01-23 09:49:31.628000,5.04,5.03,5.04,843200.0
2018-01-23 09:49:34.332000,5.04,5.03,5.04,843200.0
2018-01-23 09:49:36.928000,5.04,5.03,5.04,843200.0
2018-01-23 09:49:39.413000,5.04,5.03,5.04,843200.0
2018-01-23 09:49:41.939000,5.04,5.03,5.04,843200.0
2018-01-23 09:49:44.795000,5.04,5.03,5.04,843200.0
2018-01-23 09:49:47.441000,5.04,5.03,5.04,843200.0
2018-01-23 09:49:50.175000,5.04,5.03,5.04,843200.0
2018-01-23 09:49:52.781000,5.04,5.03,5.04,843200.0
2018-01-23 09:49:55.534000,5.04,5.03,5.04,843200.0
2018-01-23 09:49:58.022000,5.04,5.03,5.04,843200.0
2018-01-23 09:50:00.706000,5.04,5.03,5.04,843200.0
2018-01-23 09:50:03.387000,5.04,5.03,5.04,843200.0
2018-01-23 09:50:06.225000,5.04,5.03,5.04,843200.0
2018-01-23 09:50:08.904000,5.04,5.03,5.04,843200.0
2018-01-23 09:50:11.753000,5.04,5.03,5.04,843200.0
2018-01-23 09:50:14.310000,5.04,5.03,5.04,843200.0
2018-01-23 09:50:16.941000,5.04,5.03,5.04,843200.0
2018-01-23 09:50:19.608000,5.04,5.03,5.04,843200.0
2018-01-23 09:50:22.179000,5.04,5.03,5.04,843200.0
2018-01-23 09:50:24.957000,5.04,5.03,5.04,843200.0
2018-01-23 09:50:27.470000,5.04,5.03,5.04,843200.0
2018-01-23 09:50:30.112000,5.04,5.03,5.04,843200.0
2018-01-23 09:50:32.773000,5.04,5.03,5.04,843200.0
2018-01-23 09:50:35.769000,5.04,5.03,5.04,843200.0
2018-01-23 09:50:38.868000,5.04,5.03,5.04,843200.0
2018-01-23 09:50:41.664000,5.04,5.03,5.04,843200.0
2018-01-23 09:50:44.566000,5.04,5.03,5.04,843200.0
2018-01-23 09:50:47.421000,5.04,5.03,5.04,843200.0
2018-01-23 09:50:49.890000,5.04,5.03,5.04,843200.0
2018-01-23 09:50:52.579000,5.04,5.03,5.04,843200.0
2018-01-23 09:50:55.193000,5.04,5.03,5.04,843200.0
2018-01-23 09:50:57.663000,5.04,5.03,5.04,843200.0
2018-01-23 09:51:00.663000,5.04,5.03,5.04,843200.0
2018-01-23 09:51:03.927000,5.04,5.03,5.04,843200.0
2018-01-23 09:51:06.632000,5.04,5.03,5.04,843200.0
2018-01-23 09:51:09.254000,5.04,5.03,5.04,843200.0
2018-01-23 09:51:11.951000,5.04,5.03,5.04,843200.0
2018-01-23 09:51:14.517000,5.04,5.03,5.04,843200.0
2018-01-23 09:51:17.377000,5.04,5.03,5.04,843200.0
2018-01-23 09:51:20.332000,5.04,5.03,5.04,843200.0
2018-01-23 09:51:22.930000,5.04,5.03,5.04,843200.0
2018-01-23 09:51:25.427000,5.04,5.03,5.04,843200.0
2018-01-23 09:51:27.971000,5.04,5.03,5.04,843200.0
2018-01-23 09:51:30.661000,5.04,5.03,5.04,843200.0
2018-01-23 09:51:33.108000,5.04,5.03,5.04,843200.0
2018-01-23 09:51:35.570000,5.04,5.03,5.04,843200.0
2018-01-23 09:51:38.279000,5.04,5.03,5.04,843200.0
2018-01-23 09:51:41.034000,5.04,5.03,5.04,843200.0
2018-01-23 09:51:43.499000,5.04,5.03,5.04,843200.0
2018-01-23 09:51:46.115000,5.04,5.03,5.04,843200.0
2018-01-23 09:51:48.694000,5.04,5.03,5.04,843200.0
2018-01-23 09:51:51.649000,5.04,5.03,5.04,843200.0
2018-01-23 09:51:54.293000,5.04,5.03,5.04,843200.0
2018-01-23 09:51:57.199000,5.04,5.03,5.04,843200.0
2018-01-23 09:52:00.218000,5.04,5.03,5.04,843200.0
2018-01-23 09:52:03.130000,5.04,5.03,5.04,843200.0
2018-01-23 09:52:05.803000,5.04,5.03,5.04,843200.0
2018-01-23 09:52:08.228000,5.04,5.03,5.04,843200.0
2018-01-23 09:52:11.116000,5.04,5.03,5.04,843200.0
2018-01-23 09:52:13.670000,5.04,5.03,5.04,843200.0
2018-01-23 09:52:16.229000,5.04,5.03,5.04,843200.0
2018-01-23 09:52:18.649000,5.04,5.03,5.04,843200.0
2018-01-23 09:52:21.464000,5.04,5.03,5.04,843200.0
2018-01-23 09:52:24.227000,5.04,5.03,5.04,843200.0
2018-01-23 09:52:27.083000,5.04,5.03,5.04,843200.0
2018-01-23 09:52:29.743000,5.04,5.03,5.04,843200.0
2018-01-23 09:52:32.288000,5.04,5.03,5.04,843200.0
2018-01-23 09:52:34.874000,5.04,5.03,5.04,843200.0
2018-01-23 09:52:37.654000,5.04,5.03,5.04,843200.0
2018-01-23 09:52:40.185000,5.04,5.03,5.04,843200.0
2018-01-23 09:52:42.839000,5.04,5.03,5.04,843200.0
2018-01-23 09:52:45.335000,5.04,5.03,5.04,843200.0
2018-01-23 09:52:47.951000,5.04,5.03,5.04,843200.0
2018-01-23 09:52:50.617000,5.04,5.03,5.04,843200.0
2018-01-23 09:52:53.261000,5.04,5.03,5.04,843200.0
2018-01-23 09:52:55.868000,5.04,5.03,5.04,843200.0
2018-01-23 09:52:58.558000,5.04,5.03,5.04,843200.0
2018-01-23 09:53:00.914000,5.04,5.03,5.04,843200.0
2018-01-23 09:53:03.386000,5.04,5.03,5.04,843200.0
2018-01-23 09:53:06.108000,5.03,5.03,5.04,860700.0
2018-01-23 09:53:08.642000,5.03,5.03,5.04,860700.0
2018-01-23 09:53:11.633000,5.03,5.03,5.04,860700.0
2018-01-23 09:53:14.262000,5.03,5.03,5.04,860700.0
2018-01-23 09:53:17.059000,5.03,5.03,5.04,860700.0
2018-01-23 09:53:19.800000,5.03,5.03,5.04,860700.0
2018-01-23 09:53:22.386000,5.03,5.03,5.04,860700.0
2018-01-23 09:53:25.164000,5.03,5.03,5.04,860700.0
2018-01-23 09:53:27.635000,5.03,5.03,5.04,860700.0
2018-01-23 09:53:30.101000,5.03,5.03,5.04,860700.0
2018-01-23 09:53:32.956000,5.03,5.03,5.04,860700.0
2018-01-23 09:53:35.341000,5.03,5.03,5.04,860700.0
2018-01-23 09:53:37.638000,5.03,5.03,5.04,860700.0
2018-01-23 09:53:40.358000,5.03,5.03,5.04,860700.0
2018-01-23 09:53:42.683000,5.03,5.03,5.04,860700.0
2018-01-23 09:53:45.057000,5.03,5.03,5.04,860700.0
2018-01-23 09:53:47.519000,5.03,5.03,5.04,860700.0
2018-01-23 09:53:50.276000,5.03,5.03,5.04,860700.0
2018-01-23 09:53:52.718000,5.03,5.03,5.04,860700.0
2018-01-23 09:53:55.367000,5.03,5.03,5.04,860700.0
2018-01-23 09:53:58.107000,5.03,5.03,5.04,860700.0
2018-01-23 09:54:00.795000,5.03,5.03,5.04,860700.0
2018-01-23 09:54:03.467000,5.03,5.03,5.04,860700.0
2018-01-23 09:54:06.165000,5.03,5.03,5.04,860700.0
2018-01-23 09:54:08.875000,5.03,5.03,5.04,860700.0
2018-01-23 09:54:11.495000,5.03,5.03,5.04,860700.0
2018-01-23 09:54:14.123000,5.03,5.03,5.04,860700.0
2018-01-23 09:54:16.748000,5.03,5.03,5.04,860700.0
2018-01-23 09:54:19.361000,5.03,5.03,5.04,860700.0
2018-01-23 09:54:22.335000,5.03,5.03,5.04,860700.0
2018-01-23 09:54:25.127000,5.03,5.03,5.04,860700.0
2018-01-23 09:54:27.966000,5.03,5.03,5.04,860700.0
2018-01-23 09:54:30.527000,5.03,5.03,5.04,860700.0
2018-01-23 09:54:33.233000,5.03,5.03,5.04,860700.0
2018-01-23 09:54:36.011000,5.03,5.03,5.04,860700.0
2018-01-23 09:54:38.742000,5.03,5.03,5.04,860700.0
2018-01-23 09:54:41.325000,5.03,5.03,5.04,860700.0
2018-01-23 09:54:44.031000,5.03,5.03,5.04,860700.0
2018-01-23 09:54:46.701000,5.03,5.03,5.04,860700.0
2018-01-23 09:54:49.315000,5.03,5.03,5.04,860700.0
2018-01-23 09:54:51.959000,5.03,5.03,5.04,860700.0
2018-01-23 09:54:54.477000,5.03,5.03,5.04,860700.0
2018-01-23 09:54:57.263000,5.03,5.03,5.04,860700.0
2018-01-23 09:54:59.832000,5.03,5.03,5.04,860700.0
2018-01-23 09:55:02.497000,5.03,5.03,5.04,860700.0
2018-01-23 09:55:05.504000,5.03,5.03,5.04,954700.0
2018-01-23 09:55:07.998000,5.03,5.03,5.04,954700.0
2018-01-23 09:55:10.620000,5.03,5.03,5.04,954700.0
2018-01-23 09:55:13.501000,5.03,5.03,5.04,954700.0
2018-01-23 09:55:16.045000,5.03,5.03,5.04,954700.0
2018-01-23 09:55:18.532000,5.03,5.03,5.04,954700.0
2018-01-23 09:55:21.296000,5.03,5.03,5.04,954700.0
2018-01-23 09:55:23.958000,5.03,5.03,5.04,954700.0
2018-01-23 09:55:26.893000,5.03,5.03,5.04,954700.0
2018-01-23 09:55:29.852000,5.03,5.03,5.04,954700.0
2018-01-23 09:55:32.653000,5.03,5.03,5.04,954700.0
2018-01-23 09:55:35.171000,5.03,5.03,5.04,954700.0
2018-01-23 09:55:37.996000,5.03,5.03,5.04,954700.0
2018-01-23 09:55:40.531000,5.03,5.03,5.04,954700.0
2018-01-23 09:55:43.340000,5.03,5.03,5.04,954700.0
2018-01-23 09:55:45.965000,5.02,5.02,5.03,979700.0
2018-01-23 09:55:48.484000,5.02,5.02,5.03,979700.0
2018-01-23 09:55:50.981000,5.02,5.02,5.03,979700.0
2018-01-23 09:55:53.844000,5.02,5.02,5.03,979700.0
2018-01-23 09:55:56.842000,5.02,5.02,5.03,979700.0
2018-01-23 09:55:59.424000,5.02,5.02,5.03,979700.0
2018-01-23 09:56:02.032000,5.02,5.02,5.03,979700.0
2018-01-23 09:56:04.770000,5.02,5.02,5.03,979700.0
2018-01-23 09:56:07.414000,5.02,5.02,5.03,979700.0
2018-01-23 09:56:10.500000,5.02,5.02,5.03,979700.0
2018-01-23 09:56:13.052000,5.02,5.02,5.03,979700.0
2018-01-23 09:56:15.585000,5.02,5.02,5.03,979700.0
2018-01-23 09:56:18.375000,5.02,5.02,5.03,979700.0
2018-01-23 09:56:21.019000,5.02,5.02,5.03,979700.0
2018-01-23 09:56:23.600000,5.02,5.02,5.03,979700.0
2018-01-23 09:56:26.325000,5.02,5.02,5.03,979700.0
2018-01-23 09:56:28.943000,5.02,5.02,5.03,979700.0
2018-01-23 09:56:31.435000,5.02,5.02,5.03,979700.0
2018-01-23 09:56:34.016000,5.02,5.02,5.03,979700.0
2018-01-23 09:56:36.704000,5.02,5.02,5.03,979700.0
2018-01-23 09:56:39.348000,5.02,5.02,5.03,979700.0
2018-01-23 09:56:41.924000,5.02,5.02,5.03,979700.0
2018-01-23 09:56:44.568000,5.02,5.02,5.03,979700.0
2018-01-23 09:56:47.435000,5.02,5.02,5.03,979700.0
2018-01-23 09:56:49.997000,5.02,5.02,5.03,979700.0
2018-01-23 09:56:52.713000,5.02,5.02,5.03,979700.0
2018-01-23 09:56:55.335000,5.02,5.02,5.03,979700.0
2018-01-23 09:56:58.017000,5.02,5.02,5.03,979700.0
2018-01-23 09:57:00.784000,5.02,5.02,5.03,979700.0
2018-01-23 09:57:03.553000,5.02,5.02,5.03,979700.0
2018-01-23 09:57:06.190000,5.02,5.02,5.03,979700.0
2018-01-23 09:57:08.819000,5.02,5.02,5.03,979700.0
2018-01-23 09:57:11.384000,5.02,5.02,5.03,979700.0
2018-01-23 09:57:14.014000,5.02,5.02,5.03,979700.0
2018-01-23 09:57:16.766000,5.02,5.02,5.03,979700.0
2018-01-23 09:57:19.643000,5.02,5.02,5.03,979700.0
2018-01-23 09:57:22.206000,5.02,5.02,5.03,979700.0
2018-01-23 09:57:24.965000,5.02,5.02,5.03,979700.0
2018-01-23 09:57:27.586000,5.02,5.02,5.03,979700.0
2018-01-23 09:57:30.428000,5.02,5.02,5.03,979700.0
2018-01-23 09:57:33.066000,5.02,5.02,5.03,979700.0
2018-01-23 09:57:35.843000,5.02,5.02,5.03,979700.0
2018-01-23 09:57:38.237000,5.02,5.02,5.03,979700.0
2018-01-23 09:57:40.441000,5.02,5.02,5.03,979700.0
2018-01-23 09:57:42.849000,5.02,5.02,5.03,979700.0
2018-01-23 09:57:45.253000,5.02,5.02,5.03,979700.0
2018-01-23 09:57:47.388000,5.02,5.02,5.03,979700.0
2018-01-23 09:57:49.623000,5.02,5.02,5.03,979700.0
2018-01-23 09:57:51.856000,5.02,5.02,5.03,979700.0
2018-01-23 09:57:54.260000,5.02,5.02,5.03,979700.0
2018-01-23 09:57:56.491000,5.02,5.02,5.03,979700.0
2018-01-23 09:57:58.828000,5.02,5.02,5.03,979700.0
2018-01-23 09:58:01.324000,5.02,5.02,5.03,979700.0
2018-01-23 09:58:03.509000,5.02,5.02,5.03,979700.0
2018-01-23 09:58:06.053000,5.02,5.02,5.03,979700.0
2018-01-23 09:58:08.271000,5.02,5.02,5.03,979700.0
2018-01-23 09:58:10.440000,5.02,5.02,5.03,979700.0
2018-01-23 09:58:12.786000,5.02,5.02,5.03,979700.0
2018-01-23 09:58:15.101000,5.02,5.02,5.03,979700.0
2018-01-23 09:58:17.295000,5.02,5.02,5.03,979700.0
2018-01-23 09:58:19.449000,5.02,5.02,5.03,979700.0
2018-01-23 09:58:21.789000,5.02,5.02,5.03,979700.0
2018-01-23 09:58:23.919000,5.02,5.02,5.03,979700.0
2018-01-23 09:58:26.086000,5.02,5.02,5.03,979700.0
2018-01-23 09:58:28.321000,5.02,5.02,5.03,979700.0
2018-01-23 09:58:30.561000,5.02,5.02,5.03,979700.0
2018-01-23 09:58:32.929000,5.02,5.02,5.03,979700.0
2018-01-23 09:58:34.838000,5.02,5.02,5.03,979700.0
2018-01-23 09:58:37.125000,5.02,5.02,5.03,979700.0
2018-01-23 09:58:39.268000,5.02,5.02,5.03,979700.0
2018-01-23 09:58:41.601000,5.02,5.02,5.03,979700.0
2018-01-23 09:58:43.891000,5.02,5.02,5.03,979700.0
2018-01-23 09:58:46.313000,5.03,5.02,5.03,1000700.0
2018-01-23 09:58:48.360000,5.03,5.02,5.03,1000700.0
2018-01-23 09:58:50.373000,5.03,5.02,5.03,1000700.0
2018-01-23 09:58:52.480000,5.03,5.02,5.03,1000700.0
2018-01-23 09:58:54.681000,5.03,5.02,5.03,1000700.0
2018-01-23 09:58:56.884000,5.03,5.02,5.03,1000700.0
2018-01-23 09:58:59.167000,5.03,5.02,5.03,1000700.0
2018-01-23 09:59:01.297000,5.03,5.02,5.03,1000700.0
2018-01-23 09:59:03.717000,5.03,5.02,5.03,1000700.0
2018-01-23 09:59:05.986000,5.03,5.02,5.03,1000700.0
2018-01-23 09:59:08.207000,5.03,5.02,5.03,1000700.0
2018-01-23 09:59:10.439000,5.03,5.02,5.03,1000700.0
2018-01-23 09:59:12.493000,5.03,5.02,5.03,1000700.0
2018-01-23 09:59:14.919000,5.03,5.02,5.03,1000700.0
2018-01-23 09:59:17.350000,5.03,5.02,5.03,1000700.0
2018-01-23 09:59:19.536000,5.03,5.02,5.03,1000700.0
2018-01-23 09:59:21.887000,5.03,5.02,5.03,1000700.0
2018-01-23 09:59:24.027000,5.03,5.02,5.03,1000700.0
2018-01-23 09:59:26.299000,5.03,5.02,5.03,1000700.0
2018-01-23 09:59:28.585000,5.03,5.02,5.03,1000700.0
2018-01-23 09:59:30.956000,5.03,5.02,5.03,1000700.0
2018-01-23 09:59:33.209000,5.03,5.02,5.03,1000700.0
2018-01-23 09:59:35.425000,5.03,5.02,5.03,1000700.0
2018-01-23 09:59:37.432000,5.03,5.02,5.03,1000700.0
2018-01-23 09:59:39.635000,5.03,5.02,5.03,1000700.0
2018-01-23 09:59:41.918000,5.03,5.02,5.03,1000700.0
2018-01-23 09:59:44.151000,5.03,5.02,5.03,1000700.0
2018-01-23 09:59:46.676000,5.03,5.02,5.03,1000700.0
2018-01-23 09:59:48.951000,5.03,5.02,5.03,1000700.0
2018-01-23 09:59:51.177000,5.03,5.02,5.03,1000700.0
2018-01-23 09:59:53.411000,5.03,5.02,5.03,1000700.0
2018-01-23 09:59:55.702000,5.03,5.02,5.03,1000700.0
2018-01-23 09:59:57.908000,5.03,5.02,5.03,1000700.0
2018-01-23 10:00:00.282000,5.03,5.02,5.03,1000700.0
2018-01-23 10:00:02.574000,5.03,5.02,5.03,1000700.0
2018-01-23 10:00:04.908000,5.03,5.02,5.03,1000700.0
2018-01-23 10:00:07.354000,5.03,5.02,5.03,1000700.0
2018-01-23 10:00:09.448000,5.03,5.02,5.03,1000700.0
2018-01-23 10:00:11.822000,5.03,5.02,5.03,1000700.0
2018-01-23 10:00:14.075000,5.03,5.02,5.03,1000700.0
2018-01-23 10:00:16.426000,5.03,5.02,5.03,1000700.0
2018-01-23 10:00:18.519000,5.03,5.02,5.03,1000700.0
2018-01-23 10:00:21.346000,5.03,5.02,5.03,1000700.0
2018-01-23 10:00:23.597000,5.03,5.02,5.03,1000700.0
2018-01-23 10:00:25.794000,5.03,5.02,5.03,1000700.0
2018-01-23 10:00:28.099000,5.03,5.02,5.03,1000700.0
2018-01-23 10:00:30.409000,5.03,5.02,5.03,1000700.0
2018-01-23 10:00:32.512000,5.03,5.02,5.03,1000700.0
2018-01-23 10:00:34.714000,5.03,5.02,5.03,1000700.0
2018-01-23 10:00:37.042000,5.03,5.02,5.03,1000700.0
2018-01-23 10:00:39.383000,5.03,5.02,5.03,1000700.0
2018-01-23 10:00:41.716000,5.03,5.02,5.03,1000700.0
2018-01-23 10:00:43.630000,5.03,5.02,5.03,1000700.0
2018-01-23 10:00:45.793000,5.03,5.02,5.03,1000700.0
2018-01-23 10:00:48.049000,5.03,5.02,5.03,1000700.0
2018-01-23 10:00:50.237000,5.03,5.02,5.03,1000700.0
2018-01-23 10:00:52.338000,5.03,5.02,5.03,1000700.0
2018-01-23 10:00:54.733000,5.03,5.02,5.03,1000700.0
2018-01-23 10:00:56.932000,5.03,5.02,5.03,1000700.0
2018-01-23 10:00:59.136000,5.03,5.02,5.03,1000700.0
2018-01-23 10:01:01.240000,5.03,5.02,5.03,1000700.0
2018-01-23 10:01:03.396000,5.03,5.02,5.03,1000700.0
2018-01-23 10:01:05.702000,5.03,5.02,5.03,1000700.0
2018-01-23 10:01:07.799000,5.03,5.02,5.03,1000700.0
2018-01-23 10:01:10.189000,5.03,5.02,5.03,1000700.0
2018-01-23 10:01:12.404000,5.03,5.02,5.03,1000700.0
2018-01-23 10:01:14.764000,5.03,5.02,5.03,1000700.0
2018-01-23 10:01:17.123000,5.03,5.02,5.03,1000700.0
2018-01-23 10:01:19.481000,5.03,5.02,5.03,1000700.0
2018-01-23 10:01:21.810000,5.03,5.02,5.03,1000700.0
2018-01-23 10:01:24.497000,5.03,5.02,5.03,1000700.0
2018-01-23 10:01:27.324000,5.03,5.02,5.03,1000700.0
2018-01-23 10:01:30.567000,5.03,5.02,5.03,1000700.0
2018-01-23 10:01:34.152000,5.03,5.02,5.03,1000700.0
2018-01-23 10:01:37.655000,5.03,5.02,5.03,1000700.0
2018-01-23 10:01:40.879000,5.03,5.02,5.03,1000700.0
2018-01-23 10:01:44.186000,5.03,5.02,5.03,1000700.0
2018-01-23 10:01:47.607000,5.03,5.02,5.03,1000700.0
2018-01-23 10:01:51.147000,5.03,5.02,5.03,1000700.0
2018-01-23 10:01:54.529000,5.03,5.02,5.03,1000700.0
2018-01-23 10:01:57.608000,5.03,5.02,5.03,1000700.0
2018-01-23 10:02:00.741000,5.03,5.02,5.03,1000700.0
2018-01-23 10:02:04.404000,5.03,5.02,5.03,1000700.0
2018-01-23 10:02:07.729000,5.03,5.02,5.03,1000700.0
2018-01-23 10:02:11.085000,5.03,5.02,5.03,1000700.0
2018-01-23 10:02:14.499000,5.03,5.02,5.03,1000700.0
2018-01-23 10:02:18.445000,5.03,5.02,5.03,1000700.0
2018-01-23 10:02:21.678000,5.03,5.02,5.03,1000700.0
2018-01-23 10:02:25.024000,5.03,5.02,5.03,1000700.0
2018-01-23 10:02:28.367000,5.03,5.02,5.03,1005700.0
2018-01-23 10:02:31.665000,5.03,5.02,5.03,1005700.0
2018-01-23 10:02:34.852000,5.03,5.02,5.03,1005700.0
2018-01-23 10:02:38.089000,5.03,5.02,5.03,1005700.0
2018-01-23 10:02:41.368000,5.03,5.02,5.03,1005700.0
2018-01-23 10:02:44.990000,5.03,5.02,5.03,1005700.0
2018-01-23 10:02:48.277000,5.03,5.02,5.03,1005700.0
2018-01-23 10:02:51.997000,5.03,5.02,5.03,1005700.0
2018-01-23 10:02:55.363000,5.03,5.02,5.03,1005700.0
2018-01-23 10:02:59.750000,5.03,5.02,5.03,1005700.0
2018-01-23 10:03:03.102000,5.03,5.02,5.03,1005700.0
2018-01-23 10:03:07.204000,5.03,5.02,5.03,1005700.0
2018-01-23 10:03:10.912000,5.03,5.02,5.03,1005700.0
2018-01-23 10:03:14.506000,5.03,5.02,5.03,1005700.0
2018-01-23 10:03:18.262000,5.03,5.02,5.03,1005700.0
2018-01-23 10:03:22.171000,5.03,5.02,5.03,1005700.0
2018-01-23 10:03:25.526000,5.03,5.02,5.03,1005700.0
2018-01-23 10:03:28.905000,5.03,5.02,5.03,1005700.0
2018-01-23 10:03:33.729000,5.03,5.02,5.03,1005700.0
2018-01-23 10:03:38.432000,5.03,5.02,5.03,1010700.0
2018-01-23 10:03:41.792000,5.03,5.02,5.03,1010700.0
2018-01-23 10:03:45.241000,5.03,5.02,5.03,1010700.0
2018-01-23 10:03:49.109000,5.03,5.02,5.03,1010700.0
2018-01-23 10:03:52.408000,5.03,5.02,5.03,1010700.0
2018-01-23 10:03:55.573000,5.03,5.02,5.03,1010700.0
2018-01-23 10:03:58.893000,5.03,5.02,5.03,1010700.0
2018-01-23 10:04:02.140000,5.03,5.02,5.03,1010700.0
2018-01-23 10:04:05.714000,5.03,5.02,5.03,1010700.0
2018-01-23 10:04:09.124000,5.03,5.02,5.03,1010700.0
2018-01-23 10:04:12.640000,5.03,5.02,5.03,1010700.0
2018-01-23 10:04:16.444000,5.03,5.02,5.03,1010700.0
2018-01-23 10:04:19.732000,5.03,5.02,5.03,1010700.0
2018-01-23 10:04:22.860000,5.03,5.02,5.03,1010700.0
2018-01-23 10:04:26.923000,5.03,5.02,5.03,1010700.0
2018-01-23 10:04:30.101000,5.03,5.02,5.03,1010700.0
2018-01-23 10:04:33.816000,5.03,5.02,5.03,1010700.0
2018-01-23 10:04:37.081000,5.03,5.02,5.03,1010700.0
2018-01-23 10:04:40.469000,5.03,5.02,5.03,1010700.0
2018-01-23 10:04:42.609000,5.03,5.02,5.03,1010700.0
2018-01-23 10:04:44.656000,5.03,5.02,5.03,1010700.0
2018-01-23 10:04:46.893000,5.03,5.02,5.03,1010700.0
2018-01-23 10:04:49.159000,5.03,5.02,5.03,1010700.0
2018-01-23 10:04:51.340000,5.03,5.02,5.03,1110700.0
2018-01-23 10:04:53.573000,5.03,5.02,5.03,1110700.0
2018-01-23 10:04:55.775000,5.03,5.02,5.03,1110700.0
2018-01-23 10:04:57.889000,5.03,5.02,5.03,1110700.0
2018-01-23 10:04:59.934000,5.03,5.02,5.03,1110700.0
2018-01-23 10:05:02.188000,5.03,5.02,5.03,1110700.0
2018-01-23 10:05:04.253000,5.03,5.02,5.03,1110700.0
2018-01-23 10:05:06.529000,5.03,5.02,5.03,1110700.0
2018-01-23 10:05:08.684000,5.03,5.02,5.03,1110700.0
2018-01-23 10:05:10.718000,5.03,5.02,5.03,1110700.0
2018-01-23 10:05:12.838000,5.03,5.02,5.03,1110700.0
2018-01-23 10:05:14.966000,5.03,5.02,5.03,1110700.0
2018-01-23 10:05:17.021000,5.03,5.02,5.03,1110700.0
2018-01-23 10:05:19.210000,5.03,5.02,5.03,1110700.0
2018-01-23 10:05:21.417000,5.03,5.02,5.03,1110700.0
2018-01-23 10:05:23.620000,5.03,5.02,5.03,1110700.0
2018-01-23 10:05:25.969000,5.03,5.02,5.03,1110700.0
2018-01-23 10:05:28.292000,5.03,5.02,5.03,1110700.0
2018-01-23 10:05:30.493000,5.03,5.02,5.03,1110700.0
2018-01-23 10:05:32.840000,5.03,5.02,5.03,1110700.0
2018-01-23 10:05:36.733000,5.03,5.02,5.03,1110700.0
2018-01-23 10:05:40.799000,5.03,5.02,5.03,1110700.0
2018-01-23 10:05:44.617000,5.03,5.02,5.03,1110700.0
2018-01-23 10:05:48.311000,5.03,5.02,5.03,1110700.0
2018-01-23 10:05:51.683000,5.03,5.02,5.03,1110700.0
2018-01-23 10:05:56.077000,5.03,5.02,5.03,1110700.0
2018-01-23 10:05:59.471000,5.03,5.02,5.03,1110700.0
2018-01-23 10:06:02.983000,5.03,5.02,5.03,1110700.0
2018-01-23 10:06:07.106000,5.03,5.02,5.03,1110700.0
2018-01-23 10:06:11.309000,5.03,5.02,5.03,1110700.0
2018-01-23 10:06:15.243000,5.03,5.02,5.03,1110700.0
2018-01-23 10:06:19.022000,5.03,5.02,5.03,1110700.0
2018-01-23 10:06:22.495000,5.03,5.02,5.03,1110700.0
2018-01-23 10:06:26.314000,5.03,5.02,5.03,1110700.0
2018-01-23 10:06:29.997000,5.03,5.02,5.03,1140700.0
2018-01-23 10:06:34.431000,5.03,5.02,5.03,1140700.0
2018-01-23 10:06:38.667000,5.03,5.02,5.03,1140700.0
2018-01-23 10:06:41.921000,5.03,5.02,5.03,1140700.0
2018-01-23 10:06:45.630000,5.03,5.02,5.03,1140700.0
2018-01-23 10:06:49.005000,5.03,5.02,5.03,1140700.0
2018-01-23 10:06:52.862000,5.03,5.02,5.03,1140700.0
2018-01-23 10:06:56.223000,5.03,5.02,5.03,1140700.0
2018-01-23 10:07:00.054000,5.03,5.02,5.03,1140700.0
2018-01-23 10:07:03.348000,5.03,5.02,5.03,1140700.0
2018-01-23 10:07:07.022000,5.03,5.02,5.03,1140700.0
2018-01-23 10:07:11.021000,5.03,5.02,5.03,1186800.0
2018-01-23 10:07:14.658000,5.03,5.02,5.03,1186800.0
2018-01-23 10:07:18.035000,5.03,5.02,5.03,1186800.0
2018-01-23 10:07:21.515000,5.03,5.02,5.03,1186800.0
2018-01-23 10:07:26.016000,5.03,5.02,5.03,1186800.0
2018-01-23 10:07:29.516000,5.03,5.02,5.03,1186800.0
2018-01-23 10:07:34.200000,5.03,5.02,5.03,1186800.0
2018-01-23 10:07:37.862000,5.03,5.02,5.03,1186800.0
2018-01-23 10:07:41.905000,5.03,5.02,5.03,1186800.0
2018-01-23 10:07:45.652000,5.03,5.02,5.03,1186800.0
2018-01-23 10:07:49.423000,5.03,5.02,5.03,1186800.0
2018-01-23 10:07:53.060000,5.03,5.02,5.03,1186800.0
2018-01-23 10:07:57.265000,5.03,5.02,5.03,1186800.0
2018-01-23 10:08:01.016000,5.03,5.02,5.03,1186800.0
2018-01-23 10:08:04.667000,5.03,5.02,5.03,1186800.0
2018-01-23 10:08:08.444000,5.03,5.02,5.03,1186800.0
2018-01-23 10:08:11.751000,5.03,5.02,5.03,1186800.0
2018-01-23 10:08:15.489000,5.03,5.02,5.03,1186800.0
2018-01-23 10:08:19.272000,5.03,5.02,5.03,1186800.0
2018-01-23 10:08:23.181000,5.03,5.02,5.03,1186800.0
2018-01-23 10:08:26.642000,5.03,5.02,5.03,1186800.0
2018-01-23 10:08:30.176000,5.03,5.02,5.03,1186800.0
2018-01-23 10:08:33.833000,5.03,5.02,5.03,1186800.0
2018-01-23 10:08:37.407000,5.03,5.02,5.03,1186800.0
2018-01-23 10:08:41.382000,5.03,5.02,5.03,1186800.0
2018-01-23 10:08:45.024000,5.03,5.02,5.03,1186800.0
2018-01-23 10:08:49.146000,5.03,5.02,5.03,1186800.0
2018-01-23 10:08:53.502000,5.03,5.02,5.03,1186800.0
2018-01-23 10:08:57.252000,5.03,5.02,5.03,1186800.0
2018-01-23 10:09:01.197000,5.03,5.02,5.03,1186800.0
2018-01-23 10:09:04.790000,5.03,5.02,5.03,1186800.0
2018-01-23 10:09:07.266000,5.03,5.02,5.03,1186800.0
2018-01-23 10:09:09.865000,5.03,5.02,5.03,1186800.0
2018-01-23 10:09:12.222000,5.03,5.02,5.03,1186800.0
2018-01-23 10:09:14.661000,5.03,5.02,5.03,1186800.0
2018-01-23 10:09:17.881000,5.03,5.02,5.03,1186800.0
2018-01-23 10:09:21.892000,5.03,5.02,5.03,1186800.0
2018-01-23 10:09:25.261000,5.03,5.02,5.03,1186800.0
2018-01-23 10:09:29.055000,5.03,5.02,5.03,1186800.0
2018-01-23 10:09:32.286000,5.03,5.02,5.03,1186800.0
2018-01-23 10:09:35.674000,5.03,5.02,5.03,1186800.0
2018-01-23 10:09:38.798000,5.03,5.02,5.03,1186800.0
2018-01-23 10:09:41.926000,5.03,5.02,5.03,1186800.0
2018-01-23 10:09:45.842000,5.03,5.02,5.03,1186800.0
2018-01-23 10:09:49.645000,5.03,5.02,5.03,1186800.0
2018-01-23 10:09:52.767000,5.03,5.02,5.03,1186800.0
2018-01-23 10:09:55.906000,5.03,5.02,5.03,1186800.0
2018-01-23 10:09:59.070000,5.03,5.02,5.03,1186800.0
2018-01-23 10:10:02.562000,5.03,5.02,5.03,1186800.0
2018-01-23 10:10:05.905000,5.03,5.02,5.03,1186800.0
2018-01-23 10:10:09.722000,5.03,5.02,5.03,1186800.0
2018-01-23 10:10:13.600000,5.03,5.02,5.03,1186800.0
2018-01-23 10:10:17.088000,5.03,5.02,5.03,1186800.0
2018-01-23 10:10:20.454000,5.03,5.02,5.03,1186800.0
2018-01-23 10:10:23.591000,5.03,5.02,5.03,1186800.0
2018-01-23 10:10:26.696000,5.03,5.02,5.03,1186800.0
2018-01-23 10:10:29.817000,5.03,5.02,5.03,1186800.0
2018-01-23 10:10:33.416000,5.03,5.02,5.03,1186800.0
2018-01-23 10:10:36.637000,5.03,5.02,5.03,1186800.0
2018-01-23 10:10:41.377000,5.03,5.02,5.03,1186800.0
2018-01-23 10:10:45.543000,5.03,5.02,5.03,1186800.0
2018-01-23 10:10:49.374000,5.03,5.02,5.03,1186800.0
2018-01-23 10:10:52.676000,5.03,5.02,5.03,1186800.0
2018-01-23 10:10:55.983000,5.03,5.02,5.03,1186800.0
2018-01-23 10:10:59.611000,5.03,5.02,5.03,1186800.0
2018-01-23 10:11:03.005000,5.03,5.02,5.03,1186800.0
2018-01-23 10:11:06.593000,5.03,5.02,5.03,1186800.0
2018-01-23 10:11:10.309000,5.03,5.02,5.03,1186800.0
2018-01-23 10:11:14.513000,5.03,5.02,5.03,1186800.0
2018-01-23 10:11:18.281000,5.03,5.02,5.03,1186800.0
2018-01-23 10:11:21.572000,5.03,5.02,5.03,1186800.0
2018-01-23 10:11:25.051000,5.03,5.02,5.03,1186800.0
2018-01-23 10:11:28.201000,5.03,5.02,5.03,1186800.0
2018-01-23 10:11:31.813000,5.03,5.02,5.03,1186800.0
2018-01-23 10:11:35.537000,5.03,5.02,5.03,1186800.0
2018-01-23 10:11:38.836000,5.03,5.02,5.03,1186800.0
2018-01-23 10:11:42.163000,5.03,5.02,5.03,1186800.0
2018-01-23 10:11:45.746000,5.03,5.02,5.03,1186800.0
2018-01-23 10:11:49.177000,5.03,5.02,5.03,1186800.0
2018-01-23 10:11:52.616000,5.03,5.02,5.03,1186800.0
2018-01-23 10:11:56.770000,5.03,5.02,5.03,1186800.0
2018-01-23 10:11:59.815000,5.03,5.02,5.03,1186800.0
2018-01-23 10:12:02.179000,5.03,5.02,5.03,1186800.0
2018-01-23 10:12:04.749000,5.03,5.02,5.03,1186800.0
2018-01-23 10:12:08.148000,5.03,5.02,5.03,1186800.0
2018-01-23 10:12:11.296000,5.03,5.02,5.03,1186800.0
2018-01-23 10:12:14.585000,5.03,5.02,5.03,1186800.0
2018-01-23 10:12:17.851000,5.03,5.02,5.03,1186800.0
2018-01-23 10:12:20.800000,5.03,5.02,5.03,1186800.0
2018-01-23 10:12:24.622000,5.03,5.02,5.03,1186800.0
2018-01-23 10:12:27.962000,5.03,5.02,5.03,1186800.0
2018-01-23 10:12:30.620000,5.03,5.02,5.03,1186800.0
2018-01-23 10:12:33.091000,5.03,5.02,5.03,1186800.0
2018-01-23 10:12:35.638000,5.03,5.02,5.03,1186800.0
2018-01-23 10:12:38.430000,5.03,5.02,5.03,1186800.0
2018-01-23 10:12:41.212000,5.03,5.02,5.03,1186800.0
2018-01-23 10:12:44.116000,5.03,5.02,5.03,1186800.0
2018-01-23 10:12:46.647000,5.03,5.02,5.03,1193800.0
2018-01-23 10:12:49.384000,5.03,5.02,5.03,1193800.0
2018-01-23 10:12:52.102000,5.03,5.02,5.03,1193800.0
2018-01-23 10:12:54.713000,5.03,5.02,5.03,1193800.0
2018-01-23 10:12:57.209000,5.03,5.02,5.03,1193800.0
2018-01-23 10:12:59.828000,5.03,5.02,5.03,1193800.0
2018-01-23 10:13:02.352000,5.03,5.02,5.03,1193800.0
2018-01-23 10:13:05.149000,5.03,5.02,5.03,1193800.0
2018-01-23 10:13:07.700000,5.03,5.02,5.03,1193800.0
2018-01-23 10:13:10.162000,5.03,5.02,5.03,1193800.0
2018-01-23 10:13:12.664000,5.03,5.02,5.03,1193800.0
2018-01-23 10:13:15.540000,5.03,5.02,5.03,1193800.0
2018-01-23 10:13:18.007000,5.03,5.02,5.03,1193800.0
2018-01-23 10:13:20.460000,5.03,5.02,5.03,1193800.0
2018-01-23 10:13:23.008000,5.03,5.02,5.03,1193800.0
2018-01-23 10:13:25.603000,5.03,5.02,5.03,1193800.0
2018-01-23 10:13:28.103000,5.03,5.02,5.03,1193800.0
2018-01-23 10:13:30.803000,5.03,5.02,5.03,1193800.0
2018-01-23 10:13:33.386000,5.03,5.02,5.03,1193800.0
2018-01-23 10:13:35.777000,5.03,5.02,5.03,1193800.0
2018-01-23 10:13:38.398000,5.03,5.02,5.03,1193800.0
2018-01-23 10:13:41.336000,5.03,5.02,5.03,1193800.0
2018-01-23 10:13:43.769000,5.03,5.02,5.03,1193800.0
2018-01-23 10:13:46.286000,5.03,5.02,5.03,1193800.0
2018-01-23 10:13:49.137000,5.03,5.02,5.03,1193800.0
2018-01-23 10:13:51.715000,5.03,5.02,5.03,1193800.0
2018-01-23 10:13:54.775000,5.03,5.02,5.03,1195800.0
2018-01-23 10:13:57.480000,5.03,5.02,5.03,1195800.0
2018-01-23 10:14:00.353000,5.03,5.02,5.03,1195800.0
2018-01-23 10:14:03.266000,5.03,5.02,5.03,1195800.0
2018-01-23 10:14:05.951000,5.03,5.02,5.03,1195800.0
2018-01-23 10:14:09.009000,5.03,5.02,5.03,1195800.0
2018-01-23 10:14:11.776000,5.03,5.02,5.03,1195800.0
2018-01-23 10:14:14.775000,5.03,5.02,5.03,1195800.0
2018-01-23 10:14:17.417000,5.03,5.02,5.03,1195800.0
2018-01-23 10:14:20.105000,5.03,5.02,5.03,1195800.0
2018-01-23 10:14:22.696000,5.03,5.02,5.03,1195800.0
2018-01-23 10:14:25.455000,5.03,5.02,5.03,1195800.0
2018-01-23 10:14:28.089000,5.03,5.02,5.03,1195800.0
2018-01-23 10:14:30.511000,5.03,5.02,5.03,1195800.0
2018-01-23 10:14:32.916000,5.03,5.02,5.03,1195800.0
2018-01-23 10:14:35.500000,5.03,5.02,5.03,1195800.0
2018-01-23 10:14:38.166000,5.03,5.02,5.03,1195800.0
2018-01-23 10:14:40.777000,5.03,5.02,5.03,1195800.0
2018-01-23 10:14:43.481000,5.03,5.02,5.03,1195800.0
2018-01-23 10:14:46.038000,5.03,5.02,5.03,1195800.0
2018-01-23 10:14:48.650000,5.03,5.02,5.03,1195800.0
2018-01-23 10:14:51.228000,5.03,5.02,5.03,1195800.0
2018-01-23 10:14:53.411000,5.03,5.02,5.03,1195800.0
2018-01-23 10:14:55.938000,5.03,5.02,5.03,1195800.0
2018-01-23 10:14:58.371000,5.03,5.02,5.03,1195800.0
2018-01-23 10:15:00.617000,5.03,5.02,5.03,1195800.0
2018-01-23 10:15:03.072000,5.03,5.02,5.03,1195800.0
2018-01-23 10:15:05.479000,5.03,5.02,5.03,1195800.0
2018-01-23 10:15:08.387000,5.03,5.02,5.03,1195800.0
2018-01-23 10:15:11.051000,5.03,5.02,5.03,1195800.0
2018-01-23 10:15:13.760000,5.03,5.02,5.03,1195800.0
2018-01-23 10:15:16.198000,5.03,5.02,5.03,1195800.0
2018-01-23 10:15:18.794000,5.03,5.02,5.03,1195800.0
2018-01-23 10:15:21.560000,5.03,5.02,5.03,1195800.0
2018-01-23 10:15:24.279000,5.03,5.02,5.03,1195800.0
2018-01-23 10:15:27.100000,5.03,5.02,5.03,1256800.0
2018-01-23 10:15:29.683000,5.03,5.02,5.03,1256800.0
2018-01-23 10:15:32.527000,5.03,5.02,5.03,1256800.0
2018-01-23 10:15:35.268000,5.03,5.02,5.03,1256800.0
2018-01-23 10:15:37.949000,5.03,5.02,5.03,1256800.0
2018-01-23 10:15:40.391000,5.03,5.02,5.03,1256800.0
2018-01-23 10:15:42.794000,5.03,5.02,5.03,1256800.0
2018-01-23 10:15:45.263000,5.03,5.02,5.03,1256800.0
2018-01-23 10:15:47.637000,5.03,5.02,5.03,1256800.0
2018-01-23 10:15:50.174000,5.03,5.02,5.03,1256800.0
2018-01-23 10:15:52.682000,5.03,5.02,5.03,1256800.0
2018-01-23 10:15:55.120000,5.03,5.02,5.03,1256800.0
2018-01-23 10:15:57.776000,5.03,5.02,5.03,1256800.0
2018-01-23 10:16:00.483000,5.03,5.02,5.03,1256800.0
2018-01-23 10:16:02.937000,5.03,5.02,5.03,1256800.0
2018-01-23 10:16:05.274000,5.03,5.02,5.03,1256800.0
2018-01-23 10:16:07.997000,5.03,5.02,5.03,1256800.0
2018-01-23 10:16:10.813000,5.03,5.02,5.03,1256800.0
2018-01-23 10:16:13.499000,5.03,5.02,5.03,1256800.0
2018-01-23 10:16:16.013000,5.03,5.02,5.03,1256800.0
2018-01-23 10:16:18.762000,5.03,5.02,5.03,1256800.0
2018-01-23 10:16:21.203000,5.03,5.02,5.03,1256800.0
2018-01-23 10:16:23.733000,5.03,5.02,5.03,1256800.0
2018-01-23 10:16:26.153000,5.03,5.02,5.03,2256800.0
2018-01-23 10:16:28.403000,5.03,5.02,5.03,2256800.0
2018-01-23 10:16:30.597000,5.03,5.02,5.03,2256800.0
2018-01-23 10:16:32.880000,5.03,5.02,5.03,2256800.0
2018-01-23 10:16:35.159000,5.03,5.02,5.03,2256800.0
2018-01-23 10:16:37.390000,5.03,5.02,5.03,2256800.0
2018-01-23 10:16:39.483000,5.03,5.02,5.03,2256800.0
2018-01-23 10:16:41.748000,5.03,5.02,5.03,2256800.0
2018-01-23 10:16:43.872000,5.03,5.02,5.03,2256800.0
2018-01-23 10:16:46.277000,5.03,5.02,5.03,2256800.0
2018-01-23 10:16:48.426000,5.03,5.02,5.03,2256800.0
2018-01-23 10:16:50.532000,5.03,5.02,5.03,2256800.0
2018-01-23 10:16:52.670000,5.03,5.02,5.03,2256800.0
2018-01-23 10:16:54.850000,5.03,5.02,5.03,2256800.0
2018-01-23 10:16:57.038000,5.03,5.02,5.03,2256800.0
2018-01-23 10:16:59.229000,5.03,5.02,5.03,2256800.0
2018-01-23 10:17:01.555000,5.03,5.02,5.03,2256800.0
2018-01-23 10:17:04.635000,5.03,5.02,5.03,2256800.0
2018-01-23 10:17:07.881000,5.03,5.02,5.03,2256800.0
2018-01-23 10:17:11.291000,5.03,5.02,5.03,2256800.0
2018-01-23 10:17:14.605000,5.03,5.02,5.03,2256800.0
2018-01-23 10:17:18.235000,5.03,5.02,5.03,2256800.0
2018-01-23 10:17:21.567000,5.03,5.02,5.03,2256800.0
2018-01-23 10:17:24.780000,5.03,5.02,5.03,2256800.0
2018-01-23 10:17:28.154000,5.03,5.02,5.03,2256800.0
2018-01-23 10:17:32.238000,5.03,5.02,5.03,2256800.0
2018-01-23 10:17:35.497000,5.03,5.02,5.03,2256800.0
2018-01-23 10:17:38.673000,5.03,5.02,5.03,2285200.0
2018-01-23 10:17:41.871000,5.03,5.02,5.03,2285200.0
2018-01-23 10:17:45.296000,5.03,5.02,5.03,2285200.0
2018-01-23 10:17:48.623000,5.03,5.02,5.03,2285200.0
2018-01-23 10:17:51.638000,5.03,5.02,5.03,2285200.0
2018-01-23 10:17:54.780000,5.03,5.02,5.03,2285200.0
2018-01-23 10:17:58.015000,5.03,5.02,5.04,2285200.0
2018-01-23 10:18:01.327000,5.03,5.03,5.04,2285200.0
2018-01-23 10:18:04.700000,5.03,5.03,5.04,2285200.0
2018-01-23 10:18:08.017000,5.03,5.03,5.04,2285200.0
2018-01-23 10:18:11.357000,5.03,5.03,5.04,2285200.0
2018-01-23 10:18:14.583000,5.03,5.03,5.04,2285200.0
2018-01-23 10:18:17.830000,5.03,5.02,5.03,2290200.0
2018-01-23 10:18:21.166000,5.03,5.02,5.03,2290200.0
2018-01-23 10:18:24.319000,5.03,5.02,5.03,2290200.0
2018-01-23 10:18:27.625000,5.03,5.02,5.03,2290200.0
2018-01-23 10:18:30.939000,5.03,5.02,5.03,2290200.0
2018-01-23 10:18:34.108000,5.03,5.02,5.03,2290200.0
2018-01-23 10:18:37.152000,5.03,5.02,5.03,2290200.0
2018-01-23 10:18:40.179000,5.03,5.02,5.03,2290200.0
2018-01-23 10:18:43.445000,5.03,5.02,5.03,2290200.0
2018-01-23 10:18:46.813000,5.03,5.02,5.03,2290200.0
2018-01-23 10:18:50.365000,5.03,5.02,5.03,2290200.0
2018-01-23 10:18:53.723000,5.03,5.02,5.03,2290200.0
2018-01-23 10:18:57.439000,5.03,5.02,5.03,2290200.0
2018-01-23 10:19:00.617000,5.03,5.02,5.03,2290200.0
2018-01-23 10:19:03.974000,5.03,5.02,5.03,2290200.0
2018-01-23 10:19:07.390000,5.03,5.02,5.03,2290200.0
2018-01-23 10:19:10.771000,5.03,5.02,5.03,2290200.0
2018-01-23 10:19:14.162000,5.03,5.02,5.03,2290200.0
2018-01-23 10:19:17.380000,5.03,5.02,5.03,2290200.0
2018-01-23 10:19:20.576000,5.03,5.02,5.03,2290200.0
2018-01-23 10:19:23.674000,5.03,5.02,5.03,2290200.0
2018-01-23 10:19:27.410000,5.03,5.02,5.03,2290200.0
2018-01-23 10:19:30.740000,5.03,5.02,5.03,2290200.0
2018-01-23 10:19:33.758000,5.03,5.02,5.04,2291200.0
2018-01-23 10:19:36.337000,5.03,5.03,5.04,2291200.0
2018-01-23 10:19:40.661000,5.02,5.02,5.04,2301200.0
2018-01-23 10:19:44.162000,5.02,5.02,5.04,2301200.0
2018-01-23 10:19:47.402000,5.02,5.02,5.04,2301200.0
2018-01-23 10:19:50.986000,5.02,5.02,5.04,2301200.0
2018-01-23 10:19:55.129000,5.02,5.02,5.04,2301200.0
2018-01-23 10:19:59.200000,5.02,5.02,5.04,2301200.0
2018-01-23 10:20:03.376000,5.02,5.02,5.04,2301200.0
2018-01-23 10:20:07.939000,5.02,5.02,5.04,2301200.0
2018-01-23 10:20:11.540000,5.02,5.02,5.04,2301200.0
2018-01-23 10:20:15.839000,5.02,5.02,5.04,2301200.0
2018-01-23 10:20:20.075000,5.02,5.02,5.04,2301200.0
2018-01-23 10:20:24.057000,5.02,5.02,5.04,2301200.0
2018-01-23 10:20:28.224000,5.02,5.02,5.04,2301200.0
2018-01-23 10:20:31.893000,5.02,5.02,5.04,2301200.0
2018-01-23 10:20:35.600000,5.02,5.02,5.04,2301200.0
2018-01-23 10:20:40.143000,5.02,5.02,5.04,2301200.0
2018-01-23 10:20:43.901000,5.02,5.02,5.04,2301200.0
2018-01-23 10:20:47.785000,5.02,5.02,5.04,2301200.0
2018-01-23 10:20:51.366000,5.02,5.02,5.04,2301200.0
2018-01-23 10:20:55.083000,5.02,5.02,5.04,2301200.0
2018-01-23 10:20:58.728000,5.02,5.02,5.04,2301200.0
2018-01-23 10:21:02.524000,5.02,5.02,5.04,2301200.0
2018-01-23 10:21:06.568000,5.02,5.02,5.04,2301200.0
2018-01-23 10:21:10.417000,5.02,5.02,5.04,2301200.0
2018-01-23 10:21:14.103000,5.02,5.02,5.04,2301200.0
2018-01-23 10:21:18.068000,5.02,5.02,5.04,2301200.0
2018-01-23 10:21:21.987000,5.02,5.02,5.04,2301200.0
2018-01-23 10:21:26.054000,5.02,5.02,5.04,2301200.0
2018-01-23 10:21:30.883000,5.02,5.02,5.04,2301200.0
2018-01-23 10:21:34.544000,5.02,5.02,5.04,2301200.0
2018-01-23 10:21:38.451000,5.02,5.02,5.04,2301200.0
2018-01-23 10:21:42.306000,5.02,5.02,5.04,2301200.0
2018-01-23 10:21:46.071000,5.02,5.02,5.04,2301200.0
2018-01-23 10:21:50.198000,5.02,5.02,5.04,2301200.0
2018-01-23 10:21:54.086000,5.02,5.02,5.04,2301200.0
2018-01-23 10:21:57.754000,5.02,5.02,5.04,2301200.0
2018-01-23 10:22:01.198000,5.02,5.02,5.04,2301200.0
2018-01-23 10:22:04.975000,5.02,5.02,5.04,2301200.0
2018-01-23 10:22:09.012000,5.02,5.02,5.04,2301200.0
2018-01-23 10:22:13.015000,5.02,5.02,5.04,2301200.0
2018-01-23 10:22:17.023000,5.02,5.02,5.04,2301200.0
2018-01-23 10:22:20.983000,5.02,5.02,5.04,2301200.0
2018-01-23 10:22:24.188000,5.03,5.02,5.03,2481200.0
2018-01-23 10:22:27.149000,5.03,5.02,5.03,2481200.0
2018-01-23 10:22:30.453000,5.03,5.02,5.03,2481200.0
2018-01-23 10:22:34.351000,5.03,5.02,5.03,2481200.0
2018-01-23 10:22:38.942000,5.03,5.02,5.03,2481200.0
2018-01-23 10:22:42.914000,5.03,5.02,5.03,2481200.0
2018-01-23 10:22:47.081000,5.03,5.02,5.03,2481200.0
2018-01-23 10:22:51.806000,5.03,5.02,5.03,2481200.0
2018-01-23 10:22:55.812000,5.03,5.03,5.04,2491200.0
2018-01-23 10:22:59.827000,5.03,5.03,5.04,2491200.0
2018-01-23 10:23:03.759000,5.03,5.03,5.04,2491200.0
2018-01-23 10:23:07.720000,5.03,5.03,5.04,2491200.0
2018-01-23 10:23:11.411000,5.03,5.03,5.04,2491200.0
2018-01-23 10:23:15.629000,5.03,5.03,5.04,2491200.0
2018-01-23 10:23:19.476000,5.03,5.03,5.04,2491200.0
2018-01-23 10:23:23.741000,5.03,5.03,5.04,2491200.0
2018-01-23 10:23:27.737000,5.03,5.03,5.04,2491200.0
2018-01-23 10:23:31.514000,5.03,5.03,5.04,2491200.0
2018-01-23 10:23:35.483000,5.03,5.03,5.04,2491200.0
2018-01-23 10:23:39.169000,5.03,5.03,5.04,2491200.0
2018-01-23 10:23:43.009000,5.03,5.03,5.04,2491200.0
2018-01-23 10:23:47.234000,5.03,5.03,5.04,2491200.0
2018-01-23 10:23:51.808000,5.03,5.03,5.04,2491200.0
2018-01-23 10:23:55.686000,5.03,5.03,5.04,2491200.0
2018-01-23 10:23:59.520000,5.03,5.03,5.04,2491200.0
2018-01-23 10:24:03.587000,5.03,5.03,5.04,2491200.0
2018-01-23 10:24:07.222000,5.03,5.03,5.04,2491200.0
2018-01-23 10:24:11.036000,5.03,5.03,5.04,2491200.0
2018-01-23 10:24:15.164000,5.03,5.03,5.04,2491200.0
2018-01-23 10:24:19.309000,5.03,5.03,5.04,2491200.0
2018-01-23 10:24:23.433000,5.03,5.03,5.04,2491200.0
2018-01-23 10:24:26.999000,5.03,5.03,5.04,2491200.0
2018-01-23 10:24:30.878000,5.03,5.03,5.04,2491200.0
2018-01-23 10:24:34.490000,5.03,5.03,5.04,2491200.0
2018-01-23 10:24:38.002000,5.03,5.03,5.04,2491200.0
2018-01-23 10:24:41.791000,5.03,5.03,5.04,2491200.0
2018-01-23 10:24:45.544000,5.03,5.03,5.04,2491200.0
2018-01-23 10:24:49.312000,5.03,5.03,5.04,2491200.0
2018-01-23 10:24:52.795000,5.03,5.03,5.04,2491200.0
2018-01-23 10:24:56.846000,5.03,5.03,5.04,2495200.0
2018-01-23 10:25:00.753000,5.03,5.03,5.04,2495200.0
2018-01-23 10:25:04.623000,5.03,5.03,5.04,2495200.0
2018-01-23 10:25:07.674000,5.03,5.03,5.04,2495200.0
2018-01-23 10:25:10.529000,5.03,5.03,5.04,2495200.0
2018-01-23 10:25:16.145000,5.03,5.03,5.04,2495200.0
2018-01-23 10:25:19.443000,5.03,5.03,5.04,2495200.0
2018-01-23 10:25:22.383000,5.03,5.03,5.04,2495200.0
2018-01-23 10:25:25.286000,5.03,5.03,5.04,2495200.0
2018-01-23 10:25:28.326000,5.03,5.03,5.04,2495200.0
2018-01-23 10:25:31.266000,5.03,5.03,5.04,2495200.0
2018-01-23 10:25:34.748000,5.03,5.03,5.04,2495200.0
2018-01-23 10:25:37.597000,5.03,5.03,5.04,2495200.0
2018-01-23 10:25:40.391000,5.03,5.03,5.04,2495200.0
2018-01-23 10:25:43.387000,5.03,5.03,5.04,2495200.0
2018-01-23 10:25:46.390000,5.03,5.03,5.04,2495200.0
2018-01-23 10:25:49.404000,5.03,5.03,5.04,2495200.0
2018-01-23 10:25:52.522000,5.03,5.03,5.04,2495200.0
2018-01-23 10:25:55.708000,5.03,5.03,5.04,2495200.0
2018-01-23 10:25:59.080000,5.03,5.03,5.04,2495200.0
2018-01-23 10:26:02.451000,5.03,5.03,5.04,2495200.0
2018-01-23 10:26:05.171000,5.03,5.03,5.04,2495200.0
2018-01-23 10:26:08.264000,5.04,5.03,5.04,2600500.0
2018-01-23 10:26:11.192000,5.04,5.04,5.05,3170500.0
2018-01-23 10:26:14.262000,5.04,5.04,5.05,3170500.0
2018-01-23 10:26:18.419000,5.04,5.03,5.05,3170500.0
2018-01-23 10:26:21.220000,5.04,5.03,5.05,3170500.0
2018-01-23 10:26:24.720000,5.04,5.04,5.05,3170500.0
2018-01-23 10:26:27.794000,5.04,5.04,5.05,3170500.0
2018-01-23 10:26:31.179000,5.04,5.03,5.04,3170500.0
2018-01-23 10:26:34.140000,5.04,5.03,5.04,3170500.0
2018-01-23 10:26:37.034000,5.04,5.03,5.04,3170500.0
2018-01-23 10:26:39.968000,5.04,5.03,5.04,3170500.0
2018-01-23 10:26:42.800000,5.04,5.03,5.04,3170500.0
2018-01-23 10:26:45.811000,5.04,5.03,5.04,3170500.0
2018-01-23 10:26:48.858000,5.04,5.03,5.04,3170500.0
2018-01-23 10:26:51.766000,5.04,5.03,5.04,3170500.0
2018-01-23 10:26:54.765000,5.04,5.03,5.04,3170500.0
2018-01-23 10:26:57.738000,5.04,5.03,5.04,3170500.0
2018-01-23 10:27:00.632000,5.04,5.03,5.04,3170500.0
2018-01-23 10:27:03.514000,5.04,5.03,5.04,3170500.0
2018-01-23 10:27:06.548000,5.04,5.03,5.04,3170500.0
2018-01-23 10:27:09.549000,5.04,5.03,5.04,3170500.0
2018-01-23 10:27:12.668000,5.04,5.03,5.04,3170500.0
2018-01-23 10:27:15.767000,5.04,5.03,5.04,3170500.0
2018-01-23 10:27:18.795000,5.04,5.03,5.04,3170500.0
2018-01-23 10:27:21.642000,5.04,5.03,5.04,3170500.0
2018-01-23 10:27:24.579000,5.04,5.03,5.04,3170500.0
2018-01-23 10:27:28.280000,5.04,5.03,5.04,3170500.0
2018-01-23 10:27:31.592000,5.04,5.03,5.04,3170500.0
2018-01-23 10:27:36.737000,5.04,5.03,5.04,3170500.0
2018-01-23 10:27:40.689000,5.04,5.03,5.04,3170500.0
2018-01-23 10:27:44.405000,5.04,5.03,5.04,3170500.0
2018-01-23 10:27:47.674000,5.04,5.03,5.04,3170500.0
2018-01-23 10:27:50.656000,5.04,5.03,5.04,3170500.0
2018-01-23 10:27:53.688000,5.04,5.03,5.04,3170500.0
2018-01-23 10:27:56.566000,5.04,5.03,5.04,3170500.0
2018-01-23 10:27:59.405000,5.04,5.03,5.04,3170500.0
2018-01-23 10:28:02.268000,5.04,5.03,5.04,3170500.0
2018-01-23 10:28:05.088000,5.04,5.03,5.04,3170500.0
2018-01-23 10:28:07.961000,5.04,5.03,5.04,3170500.0
2018-01-23 10:28:10.801000,5.04,5.03,5.04,3170500.0
2018-01-23 10:28:13.624000,5.04,5.03,5.04,3170500.0
2018-01-23 10:28:16.580000,5.04,5.03,5.04,3170500.0
2018-01-23 10:28:19.431000,5.04,5.03,5.04,3170500.0
2018-01-23 10:28:22.278000,5.04,5.03,5.04,3170500.0
2018-01-23 10:28:25.118000,5.04,5.03,5.04,3170500.0
2018-01-23 10:28:28.561000,5.04,5.03,5.04,3170500.0
2018-01-23 10:28:31.737000,5.04,5.03,5.04,3170500.0
2018-01-23 10:28:34.894000,5.04,5.03,5.04,3170500.0
2018-01-23 10:28:37.801000,5.04,5.03,5.04,3170500.0
2018-01-23 10:28:40.815000,5.04,5.03,5.04,3170500.0
2018-01-23 10:28:43.844000,5.04,5.03,5.04,3170500.0
2018-01-23 10:28:46.688000,5.04,5.03,5.04,3170500.0
2018-01-23 10:28:49.821000,5.04,5.03,5.04,3170500.0
2018-01-23 10:28:53.151000,5.04,5.03,5.04,3170500.0
2018-01-23 10:28:55.901000,5.04,5.03,5.04,3170500.0
2018-01-23 10:28:58.862000,5.04,5.03,5.04,3170500.0
2018-01-23 10:29:01.663000,5.04,5.03,5.04,3170500.0
2018-01-23 10:29:04.753000,5.04,5.03,5.04,3170500.0
2018-01-23 10:29:07.785000,5.04,5.03,5.04,3170500.0
2018-01-23 10:29:10.514000,5.04,5.03,5.04,3170500.0
2018-01-23 10:29:13.372000,5.04,5.03,5.04,3170500.0
2018-01-23 10:29:16.416000,5.04,5.03,5.04,3170500.0
2018-01-23 10:29:19.271000,5.04,5.03,5.04,3170500.0
2018-01-23 10:29:22.123000,5.04,5.03,5.04,3170500.0
2018-01-23 10:29:25.145000,5.04,5.03,5.04,3170500.0
2018-01-23 10:29:28.070000,5.04,5.03,5.04,3191300.0
2018-01-23 10:29:30.833000,5.04,5.03,5.04,3191300.0
2018-01-23 10:29:33.753000,5.04,5.03,5.04,3191300.0
2018-01-23 10:29:36.587000,5.04,5.03,5.04,3191300.0
2018-01-23 10:29:39.347000,5.04,5.03,5.04,3191300.0
2018-01-23 10:29:42.116000,5.04,5.03,5.04,3191300.0
2018-01-23 10:29:44.818000,5.04,5.03,5.04,3191300.0
2018-01-23 10:29:47.711000,5.04,5.03,5.04,3191300.0
2018-01-23 10:29:50.893000,5.04,5.03,5.04,3191300.0
2018-01-23 10:29:53.519000,5.04,5.03,5.04,3191300.0
2018-01-23 10:29:56.294000,5.04,5.03,5.04,3191300.0
2018-01-23 10:29:59.124000,5.04,5.03,5.04,3191300.0
2018-01-23 10:30:02.081000,5.04,5.03,5.04,3191300.0
2018-01-23 10:30:05.105000,5.04,5.03,5.04,3191300.0
2018-01-23 10:30:08.029000,5.04,5.03,5.04,3191300.0
2018-01-23 10:30:10.833000,5.04,5.03,5.04,3191300.0
2018-01-23 10:30:13.660000,5.04,5.03,5.04,3191300.0
2018-01-23 10:30:16.458000,5.04,5.03,5.04,3191300.0
2018-01-23 10:30:19.459000,5.04,5.03,5.04,3191300.0
2018-01-23 10:30:22.313000,5.04,5.03,5.04,3191300.0
2018-01-23 10:30:25.038000,5.04,5.03,5.04,3191300.0
2018-01-23 10:30:27.916000,5.04,5.03,5.04,3191300.0
2018-01-23 10:30:30.677000,5.04,5.03,5.04,3191300.0
2018-01-23 10:30:33.816000,5.04,5.03,5.04,3191300.0
2018-01-23 10:30:36.630000,5.04,5.03,5.04,3191300.0
2018-01-23 10:30:39.697000,5.04,5.03,5.04,3191300.0
2018-01-23 10:30:42.762000,5.04,5.03,5.04,3191300.0
2018-01-23 10:30:45.677000,5.04,5.03,5.04,3191300.0
2018-01-23 10:30:48.924000,5.04,5.03,5.04,3191300.0
2018-01-23 10:30:51.958000,5.04,5.03,5.04,3191300.0
2018-01-23 10:30:54.819000,5.04,5.03,5.04,3191300.0
2018-01-23 10:30:57.857000,5.04,5.03,5.04,3191300.0
2018-01-23 10:31:00.804000,5.04,5.03,5.04,3191300.0
2018-01-23 10:31:03.802000,5.04,5.03,5.04,3191300.0
2018-01-23 10:31:06.884000,5.04,5.03,5.04,3191300.0
2018-01-23 10:31:09.772000,5.04,5.03,5.04,3191300.0
2018-01-23 10:31:12.494000,5.04,5.03,5.04,3191300.0
2018-01-23 10:31:15.352000,5.04,5.03,5.04,3191300.0
2018-01-23 10:31:18.183000,5.04,5.03,5.04,3191300.0
2018-01-23 10:31:21.042000,5.04,5.03,5.04,3191300.0
2018-01-23 10:31:24.035000,5.04,5.03,5.04,3191300.0
2018-01-23 10:31:26.940000,5.04,5.03,5.04,3191300.0
2018-01-23 10:31:30.223000,5.04,5.03,5.04,3191300.0
2018-01-23 10:31:33.258000,5.04,5.03,5.04,3191300.0
2018-01-23 10:31:36.368000,5.04,5.03,5.04,3191300.0
2018-01-23 10:31:39.192000,5.04,5.03,5.04,3191300.0
2018-01-23 10:31:42.039000,5.04,5.03,5.04,3191300.0
2018-01-23 10:31:44.943000,5.04,5.03,5.04,3191300.0
2018-01-23 10:31:48.045000,5.03,5.03,5.04,3205300.0
2018-01-23 10:31:50.789000,5.03,5.03,5.04,3205300.0
2018-01-23 10:31:53.741000,5.03,5.03,5.04,3205300.0
2018-01-23 10:31:56.710000,5.03,5.03,5.04,3205300.0
2018-01-23 10:31:59.493000,5.03,5.03,5.04,3205300.0
2018-01-23 10:32:02.449000,5.03,5.03,5.04,3205300.0
2018-01-23 10:32:05.664000,5.03,5.03,5.04,3205300.0
2018-01-23 10:32:08.979000,5.03,5.03,5.04,3205300.0
2018-01-23 10:32:11.864000,5.03,5.03,5.04,3205300.0
2018-01-23 10:32:14.877000,5.03,5.03,5.04,3205300.0
2018-01-23 10:32:17.810000,5.03,5.03,5.04,3205300.0
2018-01-23 10:32:20.721000,5.03,5.03,5.04,3205300.0
2018-01-23 10:32:23.628000,5.03,5.03,5.04,3205300.0
2018-01-23 10:32:26.434000,5.03,5.03,5.04,3205300.0
2018-01-23 10:32:29.318000,5.03,5.03,5.04,3205300.0
2018-01-23 10:32:32.258000,5.03,5.03,5.04,3205300.0
2018-01-23 10:32:35.292000,5.03,5.03,5.04,3205300.0
2018-01-23 10:32:38.264000,5.03,5.03,5.04,3205300.0
2018-01-23 10:32:41.197000,5.03,5.03,5.04,3205300.0
2018-01-23 10:32:44.071000,5.03,5.03,5.04,3205300.0
2018-01-23 10:32:46.680000,5.03,5.03,5.04,3205300.0
2018-01-23 10:32:49.618000,5.03,5.03,5.04,3205300.0
2018-01-23 10:32:52.637000,5.03,5.03,5.04,3205300.0
2018-01-23 10:32:55.409000,5.03,5.03,5.04,3205300.0
2018-01-23 10:32:58.412000,5.03,5.03,5.04,3205300.0
2018-01-23 10:33:01.229000,5.03,5.03,5.04,3205300.0
2018-01-23 10:33:04.370000,5.03,5.03,5.04,3205300.0
2018-01-23 10:33:07.248000,5.03,5.03,5.04,3205300.0
2018-01-23 10:33:09.991000,5.03,5.03,5.04,3205300.0
2018-01-23 10:33:12.870000,5.03,5.03,5.04,3205300.0
2018-01-23 10:33:15.839000,5.03,5.03,5.04,3205300.0
2018-01-23 10:33:18.684000,5.03,5.03,5.04,3205300.0
2018-01-23 10:33:21.541000,5.03,5.03,5.04,3205300.0
2018-01-23 10:33:24.344000,5.03,5.03,5.04,3205300.0
2018-01-23 10:33:27.428000,5.03,5.03,5.04,3205300.0
2018-01-23 10:33:30.325000,5.03,5.03,5.04,3205300.0
2018-01-23 10:33:33.297000,5.03,5.03,5.04,3205300.0
2018-01-23 10:33:36.231000,5.03,5.03,5.04,3205300.0
2018-01-23 10:33:39.056000,5.03,5.03,5.04,3205300.0
2018-01-23 10:33:42.005000,5.03,5.03,5.04,3205300.0
2018-01-23 10:33:44.878000,5.04,5.03,5.04,3210300.0
2018-01-23 10:33:47.754000,5.04,5.03,5.04,3210300.0
2018-01-23 10:33:50.683000,5.04,5.03,5.04,3210300.0
2018-01-23 10:33:53.507000,5.04,5.03,5.04,3210300.0
2018-01-23 10:33:56.402000,5.04,5.03,5.04,3210300.0
2018-01-23 10:33:59.168000,5.04,5.03,5.04,3210300.0
2018-01-23 10:34:01.992000,5.04,5.03,5.04,3210300.0
2018-01-23 10:34:04.791000,5.04,5.03,5.04,3210300.0
2018-01-23 10:34:07.663000,5.04,5.03,5.04,3210300.0
2018-01-23 10:34:10.642000,5.04,5.03,5.04,3210300.0
2018-01-23 10:34:13.584000,5.04,5.03,5.04,3210300.0
2018-01-23 10:34:16.372000,5.04,5.03,5.04,3210300.0
2018-01-23 10:34:19.211000,5.04,5.03,5.04,3210300.0
2018-01-23 10:34:22.120000,5.04,5.03,5.04,3210300.0
2018-01-23 10:34:24.947000,5.04,5.03,5.04,3210300.0
2018-01-23 10:34:27.841000,5.04,5.03,5.04,3210300.0
2018-01-23 10:34:30.713000,5.04,5.03,5.04,3210300.0
2018-01-23 10:34:33.575000,5.04,5.03,5.04,3210300.0
2018-01-23 10:34:36.332000,5.04,5.03,5.04,3210300.0
2018-01-23 10:34:39.260000,5.04,5.03,5.04,3210300.0
2018-01-23 10:34:42.200000,5.04,5.03,5.04,3210300.0
2018-01-23 10:34:45.073000,5.04,5.03,5.05,3710300.0
2018-01-23 10:34:47.909000,5.04,5.03,5.05,3710300.0
2018-01-23 10:34:50.818000,,,,
2018-01-23 10:34:53.645000,5.04,5.03,5.05,3720300.0
2018-01-23 10:34:56.493000,5.04,5.03,5.05,3720300.0
2018-01-23 10:34:59.510000,5.04,5.03,5.05,3720300.0
2018-01-23 10:35:02.624000,5.04,5.03,5.05,3720300.0
2018-01-23 10:35:05.487000,5.04,5.03,5.05,3720300.0
2018-01-23 10:35:08.228000,5.04,5.03,5.05,3720300.0
2018-01-23 10:35:11.124000,5.04,5.03,5.05,3720300.0
2018-01-23 10:35:13.964000,5.04,5.03,5.05,3720300.0
2018-01-23 10:35:16.957000,5.04,5.03,5.05,3720300.0
2018-01-23 10:35:19.885000,5.04,5.03,5.05,3720300.0
2018-01-23 10:35:22.976000,5.04,5.03,5.05,3720300.0
2018-01-23 10:35:25.866000,5.04,5.03,5.05,3720300.0
2018-01-23 10:35:28.749000,5.04,5.03,5.05,3720300.0
2018-01-23 10:35:31.637000,5.04,5.03,5.05,3720300.0
2018-01-23 10:35:34.434000,5.04,5.03,5.05,3720300.0
2018-01-23 10:35:37.319000,5.04,5.03,5.04,3749800.0
2018-01-23 10:35:40.229000,5.04,5.03,5.05,3749800.0
2018-01-23 10:35:43.154000,5.04,5.03,5.05,3749800.0
2018-01-23 10:35:45.997000,5.04,5.03,5.05,3749800.0
2018-01-23 10:35:48.699000,5.04,5.03,5.05,3749800.0
2018-01-23 10:35:51.465000,5.04,5.03,5.05,3749800.0
2018-01-23 10:35:54.809000,5.04,5.03,5.05,3749800.0
2018-01-23 10:35:57.657000,5.04,5.03,5.05,3749800.0
2018-01-23 10:36:00.562000,5.04,5.03,5.05,3749800.0
2018-01-23 10:36:03.437000,5.04,5.03,5.05,3749800.0
2018-01-23 10:36:06.464000,5.04,5.03,5.05,3749800.0
2018-01-23 10:36:09.357000,5.04,5.04,5.05,3749800.0
2018-01-23 10:36:12.081000,5.04,5.03,5.05,3749800.0
2018-01-23 10:36:14.839000,5.04,5.03,5.05,3749800.0
2018-01-23 10:36:17.716000,5.04,5.04,5.05,3749800.0
2018-01-23 10:36:20.721000,5.04,5.04,5.05,3749800.0
2018-01-23 10:36:23.724000,5.04,5.04,5.05,3749800.0
2018-01-23 10:36:26.640000,5.04,5.04,5.05,3749800.0
2018-01-23 10:36:29.450000,5.04,5.04,5.05,3749800.0
2018-01-23 10:36:32.438000,5.04,5.04,5.05,3749800.0
2018-01-23 10:36:34.936000,5.04,5.04,5.05,3749800.0
2018-01-23 10:36:37.749000,5.04,5.04,5.05,3749800.0
2018-01-23 10:36:40.923000,5.04,5.04,5.05,3749800.0
2018-01-23 10:36:44.075000,5.04,5.04,5.05,3749800.0
2018-01-23 10:36:46.950000,5.04,5.04,5.05,3749800.0
2018-01-23 10:36:49.843000,5.04,5.04,5.05,3749800.0
2018-01-23 10:36:52.697000,5.04,5.04,5.05,3749800.0
2018-01-23 10:36:55.671000,5.04,5.04,5.05,3749800.0
2018-01-23 10:36:58.458000,5.04,5.04,5.05,3749800.0
2018-01-23 10:37:01.280000,5.04,5.04,5.05,3749800.0
2018-01-23 10:37:04.093000,5.04,5.04,5.05,3749800.0
2018-01-23 10:37:07.061000,5.04,5.04,5.05,3749800.0
2018-01-23 10:37:09.872000,5.04,5.04,5.05,3749800.0
2018-01-23 10:37:12.500000,5.04,5.04,5.05,3749800.0
2018-01-23 10:37:15.310000,5.04,5.04,5.05,3749800.0
2018-01-23 10:37:18.297000,5.04,5.04,5.05,3749800.0
2018-01-23 10:37:21.142000,5.04,5.04,5.05,3749800.0
2018-01-23 10:37:24.137000,5.04,5.04,5.05,3749800.0
2018-01-23 10:37:27.173000,5.04,5.04,5.05,3749800.0
2018-01-23 10:37:30.004000,5.04,5.04,5.05,3749800.0
2018-01-23 10:37:32.754000,5.04,5.04,5.05,3749800.0
2018-01-23 10:37:35.485000,5.04,5.04,5.05,3749800.0
2018-01-23 10:37:38.333000,5.04,5.04,5.05,3749800.0
2018-01-23 10:37:41.191000,5.04,5.04,5.05,3749800.0
2018-01-23 10:37:44.118000,5.04,5.04,5.05,3749800.0
2018-01-23 10:37:47.019000,5.04,5.04,5.05,3749800.0
2018-01-23 10:37:50.047000,5.04,5.04,5.05,3749800.0
2018-01-23 10:37:52.879000,5.03,5.03,5.04,3801800.0
2018-01-23 10:37:55.499000,5.03,5.03,5.04,3801800.0
2018-01-23 10:37:58.315000,5.03,5.03,5.04,3801800.0
2018-01-23 10:38:01.287000,5.03,5.03,5.04,3801800.0
2018-01-23 10:38:04.265000,5.03,5.03,5.04,3801800.0
2018-01-23 10:38:07.091000,5.03,5.03,5.04,3801800.0
2018-01-23 10:38:09.869000,5.03,5.03,5.04,3801800.0
2018-01-23 10:38:12.687000,5.03,5.03,5.04,3801800.0
2018-01-23 10:38:15.609000,5.03,5.03,5.04,3801800.0
2018-01-23 10:38:18.284000,5.03,5.03,5.04,3801800.0
2018-01-23 10:38:20.676000,5.03,5.03,5.04,3801800.0
2018-01-23 10:38:23.467000,5.03,5.03,5.04,3801800.0
2018-01-23 10:38:26.021000,5.03,5.03,5.04,3801800.0
2018-01-23 10:38:28.493000,5.03,5.03,5.04,3801800.0
2018-01-23 10:38:31.048000,5.03,5.03,5.04,3801800.0
2018-01-23 10:38:33.604000,5.03,5.03,5.04,3801800.0
2018-01-23 10:38:36.159000,5.03,5.03,5.04,3801800.0
2018-01-23 10:38:38.675000,5.03,5.03,5.04,3801800.0
2018-01-23 10:38:41.308000,5.03,5.03,5.04,3801800.0
2018-01-23 10:38:43.808000,5.03,5.03,5.04,3801800.0
2018-01-23 10:38:46.292000,5.03,5.03,5.04,3801800.0
2018-01-23 10:38:48.754000,5.03,5.03,5.04,3801800.0
2018-01-23 10:38:51.394000,5.03,5.03,5.04,3801800.0
2018-01-23 10:38:53.857000,5.03,5.03,5.04,3801800.0
2018-01-23 10:38:56.378000,5.03,5.03,5.04,3801800.0
2018-01-23 10:38:58.994000,5.03,5.03,5.04,3801800.0
2018-01-23 10:39:01.470000,5.03,5.03,5.04,3801800.0
2018-01-23 10:39:03.958000,5.03,5.03,5.04,3801800.0
2018-01-23 10:39:06.433000,5.03,5.03,5.04,3801800.0
2018-01-23 10:39:08.867000,5.03,5.03,5.04,3801800.0
2018-01-23 10:39:11.269000,5.03,5.03,5.04,3801800.0
2018-01-23 10:39:13.839000,5.03,5.03,5.04,3801800.0
2018-01-23 10:39:16.615000,5.03,5.03,5.04,3801800.0
2018-01-23 10:39:19.360000,5.03,5.03,5.04,3801800.0
2018-01-23 10:39:21.830000,5.03,5.03,5.05,3801800.0
2018-01-23 10:39:24.275000,5.04,5.04,5.05,3801800.0
2018-01-23 10:39:26.612000,5.04,5.04,5.05,3801800.0
2018-01-23 10:39:29.164000,5.03,5.03,5.05,3801800.0
2018-01-23 10:39:31.567000,5.03,5.03,5.05,3801800.0
2018-01-23 10:39:34.002000,5.04,5.04,5.05,3801800.0
2018-01-23 10:39:36.329000,5.04,5.04,5.05,3801800.0
2018-01-23 10:39:38.738000,5.04,5.04,5.05,3801800.0
2018-01-23 10:39:41.116000,5.03,5.03,5.05,3801800.0
2018-01-23 10:39:43.555000,5.03,5.03,5.05,3801800.0
2018-01-23 10:39:46.128000,5.03,5.03,5.05,3801800.0
2018-01-23 10:39:48.852000,5.03,5.03,5.05,3801800.0
2018-01-23 10:39:51.473000,5.04,5.04,5.05,3801800.0
2018-01-23 10:39:53.999000,5.04,5.04,5.05,3801800.0
2018-01-23 10:39:56.506000,5.04,5.04,5.05,3801800.0
2018-01-23 10:39:59.225000,5.04,5.04,5.05,3801800.0
2018-01-23 10:40:01.764000,5.04,5.04,5.05,3801800.0
2018-01-23 10:40:04.278000,5.04,5.04,5.05,3801800.0
2018-01-23 10:40:07.166000,5.04,5.04,5.05,3801800.0
2018-01-23 10:40:09.783000,5.04,5.04,5.05,3801800.0
2018-01-23 10:40:12.193000,5.04,5.04,5.05,3801800.0
2018-01-23 10:40:14.908000,5.04,5.04,5.05,3801800.0
2018-01-23 10:40:17.321000,5.04,5.04,5.05,3801800.0
2018-01-23 10:40:19.676000,5.04,5.04,5.05,3801800.0
2018-01-23 10:40:22.171000,5.04,5.04,5.05,3801800.0
2018-01-23 10:40:24.551000,5.04,5.04,5.05,3801800.0
2018-01-23 10:40:27.084000,5.04,5.04,5.05,3801800.0
2018-01-23 10:40:29.837000,5.04,5.04,5.05,3801800.0
2018-01-23 10:40:32.185000,5.04,5.04,5.05,3801800.0
2018-01-23 10:40:34.784000,5.04,5.04,5.05,3801800.0
2018-01-23 10:40:37.241000,5.04,5.04,5.05,3801800.0
2018-01-23 10:40:39.675000,5.04,5.04,5.05,3801800.0
2018-01-23 10:40:42.428000,5.04,5.04,5.05,3801800.0
2018-01-23 10:40:44.972000,5.04,5.04,5.05,3801800.0
2018-01-23 10:40:47.288000,5.04,5.04,5.05,3801800.0
2018-01-23 10:40:49.784000,5.04,5.04,5.05,3801800.0
2018-01-23 10:40:52.390000,5.04,5.04,5.05,3801800.0
2018-01-23 10:40:55.116000,5.04,5.04,5.05,3801800.0
2018-01-23 10:40:58.123000,5.04,5.04,5.05,3801800.0
2018-01-23 10:41:00.552000,5.04,5.04,5.05,3801800.0
2018-01-23 10:41:03.075000,5.04,5.04,5.05,3801800.0
2018-01-23 10:41:05.521000,5.04,5.04,5.05,3801800.0
2018-01-23 10:41:07.885000,5.04,5.04,5.05,3801800.0
2018-01-23 10:41:10.175000,5.04,5.04,5.05,3801800.0
2018-01-23 10:41:12.903000,5.04,5.04,5.05,3801800.0
2018-01-23 10:41:15.538000,5.04,5.04,5.05,3801800.0
2018-01-23 10:41:17.917000,5.04,5.04,5.05,3801800.0
2018-01-23 10:41:20.772000,5.04,5.04,5.05,3801800.0
2018-01-23 10:41:23.213000,5.04,5.04,5.05,3801800.0
2018-01-23 10:41:25.901000,5.04,5.04,5.05,3801800.0
2018-01-23 10:41:28.392000,5.04,5.04,5.05,3801800.0
2018-01-23 10:41:30.774000,5.04,5.04,5.05,3801800.0
2018-01-23 10:41:33.192000,5.04,5.04,5.05,3801800.0
2018-01-23 10:41:35.756000,5.04,5.04,5.05,3801800.0
2018-01-23 10:41:38.340000,5.04,5.04,5.05,3801800.0
2018-01-23 10:41:40.884000,5.04,5.04,5.05,3801800.0
2018-01-23 10:41:43.659000,5.04,5.04,5.05,3801800.0
2018-01-23 10:41:46.152000,5.04,5.04,5.05,3801800.0
2018-01-23 10:41:48.626000,5.04,5.04,5.05,3801800.0
2018-01-23 10:41:51.119000,5.04,5.04,5.05,3801800.0
2018-01-23 10:41:53.716000,5.04,5.04,5.05,3801800.0
2018-01-23 10:41:56.274000,5.04,5.04,5.05,3801800.0
2018-01-23 10:41:58.856000,5.04,5.04,5.05,3801800.0
2018-01-23 10:42:01.608000,5.04,5.03,5.04,3818000.0
2018-01-23 10:42:04.500000,5.04,5.03,5.04,3818000.0
2018-01-23 10:42:07.020000,5.04,5.03,5.04,3818000.0
2018-01-23 10:42:09.630000,5.04,5.03,5.04,3818000.0
2018-01-23 10:42:12.020000,5.04,5.03,5.04,3818000.0
2018-01-23 10:42:14.661000,5.04,5.03,5.04,3818000.0
2018-01-23 10:42:17.382000,5.04,5.03,5.04,3818000.0
2018-01-23 10:42:19.899000,5.04,5.03,5.04,3818000.0
2018-01-23 10:42:22.529000,5.04,5.03,5.04,3818000.0
2018-01-23 10:42:25.276000,5.04,5.03,5.04,3818000.0
2018-01-23 10:42:27.910000,5.04,5.03,5.04,3818000.0
2018-01-23 10:42:30.652000,5.04,5.03,5.04,3818000.0
2018-01-23 10:42:33.177000,5.04,5.03,5.04,3818000.0
2018-01-23 10:42:36.135000,5.04,5.03,5.04,3818000.0
2018-01-23 10:42:38.669000,5.04,5.03,5.04,3818000.0
2018-01-23 10:42:41.540000,5.04,5.03,5.04,3818000.0
2018-01-23 10:42:44.272000,5.04,5.03,5.04,3818000.0
2018-01-23 10:42:47.032000,5.04,5.03,5.04,3818000.0
2018-01-23 10:42:49.835000,5.04,5.03,5.04,3818000.0
2018-01-23 10:42:52.338000,5.04,5.03,5.04,3818000.0
2018-01-23 10:42:54.980000,5.04,5.03,5.04,3818000.0
2018-01-23 10:42:57.480000,5.04,5.03,5.04,3818000.0
2018-01-23 10:43:00.039000,5.04,5.03,5.04,3818000.0
2018-01-23 10:43:02.557000,5.04,5.03,5.04,3818000.0
2018-01-23 10:43:05.149000,5.04,5.03,5.04,3820300.0
2018-01-23 10:43:08.021000,5.04,5.03,5.04,3820300.0
2018-01-23 10:43:10.693000,5.04,5.03,5.04,3820300.0
2018-01-23 10:43:13.506000,5.04,5.03,5.04,3820300.0
2018-01-23 10:43:16.181000,5.04,5.03,5.04,3820300.0
2018-01-23 10:43:18.794000,5.04,5.03,5.04,3820300.0
2018-01-23 10:43:21.837000,5.04,5.03,5.04,3820300.0
2018-01-23 10:43:24.576000,5.04,5.03,5.04,3820300.0
2018-01-23 10:43:27.183000,5.04,5.03,5.04,3820300.0
2018-01-23 10:43:30.117000,5.04,5.03,5.04,3820300.0
2018-01-23 10:43:32.698000,5.04,5.03,5.04,3820300.0
2018-01-23 10:43:35.340000,5.04,5.03,5.04,3820300.0
2018-01-23 10:43:37.937000,5.04,5.03,5.04,3820300.0
2018-01-23 10:43:40.540000,5.04,5.03,5.04,3820300.0
2018-01-23 10:43:43.204000,5.04,5.03,5.04,3820300.0
2018-01-23 10:43:45.871000,5.04,5.03,5.04,3820300.0
2018-01-23 10:43:48.590000,5.04,5.03,5.04,3820300.0
2018-01-23 10:43:51.446000,5.04,5.03,5.04,3820300.0
2018-01-23 10:43:54.061000,5.04,5.03,5.04,3820300.0
2018-01-23 10:43:56.701000,5.04,5.03,5.04,3820300.0
2018-01-23 10:43:59.113000,5.04,5.03,5.04,3820300.0
2018-01-23 10:44:01.555000,5.04,5.03,5.04,3820300.0
2018-01-23 10:44:04.012000,5.04,5.03,5.04,3820300.0
2018-01-23 10:44:06.795000,5.04,5.03,5.04,3820300.0
2018-01-23 10:44:09.491000,5.04,5.03,5.04,3820300.0
2018-01-23 10:44:11.991000,5.04,5.03,5.04,3820300.0
2018-01-23 10:44:14.760000,5.04,5.03,5.04,3820300.0
2018-01-23 10:44:17.508000,5.04,5.03,5.04,3820300.0
2018-01-23 10:44:20.152000,5.04,5.03,5.04,3820300.0
2018-01-23 10:44:23.095000,5.04,5.03,5.04,3820300.0
2018-01-23 10:44:25.855000,5.04,5.03,5.04,3820300.0
2018-01-23 10:44:28.514000,5.04,5.03,5.04,3820300.0
2018-01-23 10:44:31.276000,5.04,5.03,5.04,3820300.0
2018-01-23 10:44:34.143000,5.04,5.03,5.04,3820300.0
2018-01-23 10:44:36.815000,5.04,5.03,5.04,3820300.0
2018-01-23 10:44:39.434000,5.04,5.03,5.04,3820300.0
2018-01-23 10:44:41.823000,5.04,5.03,5.04,3820300.0
2018-01-23 10:44:44.202000,5.04,5.03,5.04,3820300.0
2018-01-23 10:44:46.606000,5.04,5.03,5.04,3820300.0
2018-01-23 10:44:49.126000,5.04,5.03,5.04,3820300.0
2018-01-23 10:44:51.567000,5.04,5.03,5.04,3820300.0
2018-01-23 10:44:54.002000,5.04,5.03,5.04,3820300.0
2018-01-23 10:44:56.591000,5.04,5.03,5.04,3820300.0
2018-01-23 10:44:59.062000,5.04,5.03,5.04,3821300.0
2018-01-23 10:45:01.951000,5.04,5.03,5.04,3821300.0
2018-01-23 10:45:04.491000,5.04,5.03,5.04,3821300.0
2018-01-23 10:45:07.051000,5.04,5.03,5.04,3821300.0
2018-01-23 10:45:09.603000,5.04,5.03,5.04,3821300.0
2018-01-23 10:45:12.231000,5.04,5.03,5.04,3821300.0
2018-01-23 10:45:14.978000,5.04,5.03,5.04,3821300.0
2018-01-23 10:45:17.676000,5.04,5.03,5.04,3821300.0
2018-01-23 10:45:20.059000,5.04,5.03,5.04,3821300.0
2018-01-23 10:45:22.797000,5.04,5.03,5.04,3821300.0
2018-01-23 10:45:25.730000,5.04,5.03,5.04,3821300.0
2018-01-23 10:45:28.563000,5.04,5.03,5.04,3821300.0
2018-01-23 10:45:30.851000,5.04,5.03,5.04,3821300.0
2018-01-23 10:45:33.254000,5.04,5.03,5.04,3821300.0
2018-01-23 10:45:35.729000,5.04,5.03,5.04,3821300.0
2018-01-23 10:45:38.262000,5.04,5.03,5.04,3821300.0
2018-01-23 10:45:40.715000,5.04,5.03,5.04,3821300.0
2018-01-23 10:45:43.266000,5.04,5.03,5.04,3821300.0
2018-01-23 10:45:46.145000,5.04,5.03,5.04,3821300.0
2018-01-23 10:45:48.703000,5.04,5.03,5.04,3821300.0
2018-01-23 10:45:51.141000,5.04,5.03,5.04,3821300.0
2018-01-23 10:45:53.915000,5.04,5.03,5.04,3821300.0
2018-01-23 10:45:56.734000,5.04,5.03,5.04,3821300.0
2018-01-23 10:45:59.224000,5.04,5.03,5.04,3821300.0
2018-01-23 10:46:01.844000,5.04,5.03,5.04,3821300.0
2018-01-23 10:46:04.413000,5.04,5.03,5.04,3821300.0
2018-01-23 10:46:07.265000,5.04,5.03,5.04,3821300.0
2018-01-23 10:46:09.934000,5.04,5.03,5.04,3821300.0
2018-01-23 10:46:12.781000,5.04,5.03,5.04,3821300.0
2018-01-23 10:46:15.605000,5.04,5.03,5.04,3821300.0
2018-01-23 10:46:18.287000,5.04,5.03,5.04,3821300.0
2018-01-23 10:46:20.860000,5.04,5.03,5.04,3821300.0
2018-01-23 10:46:23.519000,5.04,5.03,5.04,3821300.0
2018-01-23 10:46:26.136000,5.04,5.03,5.04,3821300.0
2018-01-23 10:46:28.811000,5.04,5.03,5.04,3821300.0
2018-01-23 10:46:31.439000,5.04,5.03,5.04,3821300.0
2018-01-23 10:46:34.203000,5.04,5.03,5.04,3821300.0
2018-01-23 10:46:37.189000,5.04,5.03,5.04,3821300.0
2018-01-23 10:46:39.998000,5.04,5.03,5.04,3821300.0
2018-01-23 10:46:42.695000,5.04,5.03,5.04,3821300.0
2018-01-23 10:46:45.402000,5.04,5.03,5.04,3821300.0
2018-01-23 10:46:48.312000,5.04,5.03,5.04,3821300.0
2018-01-23 10:46:50.956000,5.04,5.03,5.04,3821300.0
2018-01-23 10:46:53.538000,5.04,5.03,5.04,3821300.0
2018-01-23 10:46:56.203000,5.04,5.03,5.04,3821300.0
2018-01-23 10:46:59.057000,5.04,5.03,5.04,3821300.0
2018-01-23 10:47:01.405000,5.04,5.03,5.04,3821300.0
2018-01-23 10:47:04.065000,5.04,5.03,5.04,3821300.0
2018-01-23 10:47:06.815000,5.04,5.03,5.04,3821300.0
2018-01-23 10:47:09.474000,5.04,5.03,5.04,3821300.0
2018-01-23 10:47:12.047000,5.04,5.03,5.04,3821300.0
2018-01-23 10:47:14.753000,5.04,5.03,5.04,3821300.0
2018-01-23 10:47:17.877000,5.04,5.03,5.04,3821300.0
2018-01-23 10:47:20.419000,5.04,5.03,5.04,3821300.0
2018-01-23 10:47:22.879000,5.04,5.03,5.04,3821300.0
2018-01-23 10:47:25.827000,5.04,5.03,5.04,3821300.0
2018-01-23 10:47:28.690000,5.04,5.03,5.04,3821300.0
2018-01-23 10:47:31.532000,5.04,5.03,5.04,3821300.0
2018-01-23 10:47:34.097000,5.04,5.03,5.04,3821300.0
2018-01-23 10:47:36.881000,5.04,5.03,5.04,3821300.0
2018-01-23 10:47:39.509000,5.04,5.03,5.04,3821300.0
2018-01-23 10:47:42.121000,5.04,5.03,5.04,3821300.0
2018-01-23 10:47:44.881000,5.04,5.03,5.04,3821300.0
2018-01-23 10:47:47.674000,5.04,5.03,5.04,3821300.0
2018-01-23 10:47:50.466000,5.04,5.03,5.04,3821300.0
2018-01-23 10:47:53.142000,5.04,5.03,5.04,3821300.0
2018-01-23 10:47:56.016000,5.04,5.03,5.04,3821300.0
2018-01-23 10:47:58.738000,5.04,5.03,5.04,3821300.0
2018-01-23 10:48:01.327000,5.04,5.03,5.04,3821300.0
2018-01-23 10:48:04.191000,5.04,5.03,5.04,3821300.0
2018-01-23 10:48:07.065000,5.04,5.03,5.04,3821300.0
2018-01-23 10:48:09.771000,5.04,5.03,5.04,3821300.0
2018-01-23 10:48:12.487000,5.04,5.03,5.04,3821300.0
2018-01-23 10:48:15.343000,5.04,5.03,5.04,3822200.0
2018-01-23 10:48:17.954000,5.04,5.03,5.04,3822200.0
2018-01-23 10:48:20.826000,5.04,5.03,5.04,3822200.0
2018-01-23 10:48:23.424000,5.04,5.03,5.04,3822200.0
2018-01-23 10:48:26.297000,5.04,5.03,5.04,3822200.0
2018-01-23 10:48:28.957000,5.04,5.03,5.04,3822200.0
2018-01-23 10:48:31.860000,5.04,5.03,5.04,3822200.0
2018-01-23 10:48:34.691000,5.04,5.03,5.04,3822200.0
2018-01-23 10:48:37.336000,5.04,5.03,5.04,3822200.0
2018-01-23 10:48:39.821000,5.04,5.03,5.04,3822200.0
2018-01-23 10:48:42.307000,5.04,5.03,5.04,3822200.0
2018-01-23 10:48:45.125000,5.04,5.03,5.04,3822200.0
2018-01-23 10:48:47.866000,5.04,5.03,5.04,3822200.0
2018-01-23 10:48:50.437000,5.04,5.03,5.04,3822200.0
2018-01-23 10:48:52.982000,5.04,5.03,5.04,3822200.0
2018-01-23 10:48:55.749000,5.04,5.03,5.04,3822200.0
2018-01-23 10:48:58.222000,5.04,5.03,5.04,3822200.0
2018-01-23 10:49:00.844000,5.04,5.03,5.04,3822200.0
2018-01-23 10:49:03.441000,5.04,5.03,5.04,3822200.0
2018-01-23 10:49:06.035000,5.04,5.03,5.04,3822200.0
2018-01-23 10:49:08.724000,5.04,5.03,5.04,3822200.0
2018-01-23 10:49:11.473000,5.04,5.03,5.04,3822200.0
2018-01-23 10:49:14.118000,5.04,5.03,5.04,3822200.0
2018-01-23 10:49:16.676000,5.04,5.03,5.04,3822200.0
2018-01-23 10:49:19.492000,5.04,5.03,5.04,3822200.0
2018-01-23 10:49:22.052000,5.04,5.03,5.04,3822200.0
2018-01-23 10:49:24.840000,5.04,5.03,5.04,3822200.0
2018-01-23 10:49:27.599000,5.04,5.03,5.04,3822200.0
2018-01-23 10:49:30.376000,5.04,5.03,5.04,3822200.0
2018-01-23 10:49:33.101000,5.04,5.03,5.04,3822200.0
2018-01-23 10:49:35.828000,5.04,5.03,5.04,3822200.0
2018-01-23 10:49:38.533000,5.04,5.03,5.04,3822200.0
2018-01-23 10:49:40.977000,5.04,5.03,5.04,3822200.0
2018-01-23 10:49:43.687000,5.04,5.03,5.04,3822200.0
2018-01-23 10:49:46.251000,5.04,5.03,5.04,3822200.0
2018-01-23 10:49:48.943000,5.04,5.03,5.04,3822200.0
2018-01-23 10:49:51.596000,5.04,5.03,5.04,3822200.0
2018-01-23 10:49:54.138000,5.04,5.03,5.04,3822200.0
2018-01-23 10:49:56.927000,5.04,5.03,5.04,3822200.0
2018-01-23 10:49:59.497000,5.04,5.03,5.04,3822200.0
2018-01-23 10:50:02.536000,5.04,5.03,5.04,3822200.0
2018-01-23 10:50:05.238000,5.04,5.03,5.04,3822200.0
2018-01-23 10:50:07.896000,5.04,5.03,5.04,3822200.0
2018-01-23 10:50:10.988000,5.04,5.03,5.04,3822200.0
2018-01-23 10:50:13.817000,5.04,5.03,5.04,3822200.0
2018-01-23 10:50:16.533000,5.04,5.03,5.04,3822200.0
2018-01-23 10:50:19.362000,5.04,5.03,5.04,3822200.0
2018-01-23 10:50:21.800000,5.04,5.03,5.04,3822200.0
2018-01-23 10:50:24.500000,5.04,5.03,5.04,3822200.0
2018-01-23 10:50:27.458000,5.04,5.03,5.04,3822200.0
2018-01-23 10:50:30.157000,5.03,5.03,5.04,3852200.0
2018-01-23 10:50:32.769000,5.03,5.03,5.04,3852200.0
2018-01-23 10:50:35.455000,5.03,5.03,5.04,3852200.0
2018-01-23 10:50:38.098000,5.03,5.03,5.04,3852200.0
2018-01-23 10:50:40.645000,5.03,5.03,5.04,3852200.0
2018-01-23 10:50:43.197000,5.03,5.03,5.04,3852200.0
2018-01-23 10:50:45.645000,5.03,5.03,5.04,3852200.0
2018-01-23 10:50:48.132000,5.03,5.03,5.04,3852200.0
2018-01-23 10:50:50.783000,5.03,5.03,5.04,3852200.0
2018-01-23 10:50:53.505000,,,,
2018-01-23 10:50:56.315000,5.03,5.03,5.04,3852200.0
2018-01-23 10:50:59.026000,5.03,5.03,5.04,3852200.0
2018-01-23 10:51:01.644000,5.03,5.03,5.04,3852200.0
2018-01-23 10:51:04.195000,5.03,5.03,5.04,3852200.0
2018-01-23 10:51:06.944000,5.03,5.03,5.04,3852200.0
2018-01-23 10:51:09.671000,5.03,5.03,5.04,3852200.0
2018-01-23 10:51:12.497000,5.03,5.03,5.04,3852200.0
2018-01-23 10:51:15.049000,5.03,5.03,5.04,3852200.0
2018-01-23 10:51:17.716000,5.03,5.03,5.04,3876000.0
2018-01-23 10:51:20.304000,5.03,5.03,5.04,3876000.0
2018-01-23 10:51:22.856000,5.03,5.03,5.04,3876000.0
2018-01-23 10:51:25.489000,5.03,5.03,5.04,3876000.0
2018-01-23 10:51:28.274000,5.03,5.03,5.04,3876000.0
2018-01-23 10:51:30.882000,5.03,5.03,5.04,3876000.0
2018-01-23 10:51:33.710000,5.03,5.03,5.04,3876000.0
2018-01-23 10:51:36.411000,5.03,5.03,5.04,3876000.0
2018-01-23 10:51:39.157000,5.03,5.03,5.04,3876000.0
2018-01-23 10:51:41.923000,5.03,5.03,5.04,3876000.0
2018-01-23 10:51:44.747000,5.03,5.03,5.04,3876000.0
2018-01-23 10:51:47.259000,5.03,5.03,5.04,3876000.0
2018-01-23 10:51:49.721000,5.03,5.03,5.04,3876000.0
2018-01-23 10:51:52.237000,5.03,5.03,5.04,3876000.0
2018-01-23 10:51:54.751000,5.03,5.03,5.04,3876000.0
2018-01-23 10:51:56.989000,5.03,5.03,5.04,3876000.0
2018-01-23 10:51:59.205000,5.03,5.03,5.04,3876000.0
2018-01-23 10:52:01.574000,5.03,5.03,5.04,3876000.0
2018-01-23 10:52:03.973000,5.03,5.03,5.04,3876000.0
2018-01-23 10:52:06.402000,5.03,5.03,5.04,3876000.0
2018-01-23 10:52:08.728000,5.03,5.03,5.04,3876000.0
2018-01-23 10:52:11.121000,5.03,5.02,5.04,3892200.0
2018-01-23 10:52:13.384000,5.03,5.02,5.04,3892200.0
2018-01-23 10:52:15.630000,5.03,5.02,5.04,3892200.0
2018-01-23 10:52:17.900000,5.03,5.02,5.04,3892200.0
2018-01-23 10:52:20.067000,5.03,5.02,5.04,3892200.0
2018-01-23 10:52:22.351000,5.03,5.02,5.04,3892200.0
2018-01-23 10:52:25.458000,5.03,5.02,5.04,3892200.0
2018-01-23 10:52:28.650000,5.03,5.02,5.04,3892200.0
2018-01-23 10:52:32.029000,5.03,5.02,5.04,3892200.0
2018-01-23 10:52:35.490000,5.03,5.02,5.04,3892200.0
2018-01-23 10:52:39.120000,5.03,5.02,5.04,3892200.0
2018-01-23 10:52:42.716000,5.03,5.02,5.04,3892200.0
2018-01-23 10:52:45.990000,5.03,5.02,5.04,3892200.0
2018-01-23 10:52:49.787000,5.03,5.02,5.04,3892200.0
2018-01-23 10:52:53.063000,5.03,5.02,5.04,3892200.0
2018-01-23 10:52:56.342000,5.03,5.02,5.04,3892200.0
2018-01-23 10:52:59.594000,5.03,5.02,5.04,3892200.0
2018-01-23 10:53:02.933000,5.03,5.02,5.04,3892200.0
2018-01-23 10:53:06.170000,5.03,5.02,5.04,3892200.0
2018-01-23 10:53:09.401000,5.03,5.02,5.04,3892200.0
2018-01-23 10:53:12.794000,5.03,5.02,5.04,3892200.0
2018-01-23 10:53:16.584000,5.03,5.02,5.04,3892200.0
2018-01-23 10:53:20.007000,5.03,5.02,5.04,3892200.0
2018-01-23 10:53:23.534000,5.03,5.02,5.04,3892200.0
2018-01-23 10:53:27.023000,5.03,5.02,5.04,3892200.0
2018-01-23 10:53:30.334000,5.03,5.02,5.04,3892200.0
2018-01-23 10:53:33.561000,5.03,5.02,5.04,3892200.0
2018-01-23 10:53:36.981000,5.03,5.02,5.04,3892200.0
2018-01-23 10:53:40.537000,5.03,5.02,5.03,3893200.0
2018-01-23 10:53:43.993000,5.03,5.02,5.03,3893200.0
2018-01-23 10:53:47.771000,5.03,5.02,5.03,3893200.0
2018-01-23 10:53:51.298000,5.03,5.02,5.03,3893200.0
2018-01-23 10:53:54.423000,5.03,5.02,5.04,3893200.0
2018-01-23 10:53:57.852000,5.03,5.02,5.04,3893200.0
2018-01-23 10:54:01.184000,5.03,5.02,5.04,3893200.0
2018-01-23 10:54:04.634000,5.03,5.02,5.04,3893200.0
2018-01-23 10:54:07.932000,5.03,5.02,5.04,3893200.0
2018-01-23 10:54:11.223000,5.03,5.02,5.04,3893200.0
2018-01-23 10:54:14.653000,5.03,5.02,5.04,3893200.0
2018-01-23 10:54:18.504000,5.03,5.02,5.04,3893200.0
2018-01-23 10:54:21.918000,5.03,5.02,5.04,3893200.0
2018-01-23 10:54:25.159000,5.03,5.02,5.04,3893200.0
2018-01-23 10:54:28.314000,5.03,5.02,5.04,3893200.0
2018-01-23 10:54:31.829000,5.03,5.02,5.04,3893200.0
2018-01-23 10:54:35.247000,5.03,5.02,5.04,3893200.0
2018-01-23 10:54:38.454000,5.03,5.02,5.04,3893200.0
2018-01-23 10:54:41.687000,5.03,5.02,5.04,3893200.0
2018-01-23 10:54:44.982000,5.03,5.02,5.04,3893200.0
2018-01-23 10:54:48.331000,5.03,5.02,5.04,3893200.0
2018-01-23 10:54:51.578000,5.03,5.02,5.04,3893200.0
2018-01-23 10:54:54.269000,5.03,5.02,5.04,3893200.0
2018-01-23 10:54:56.715000,5.03,5.02,5.04,3893200.0
2018-01-23 10:54:59.057000,5.03,5.02,5.04,3893200.0
2018-01-23 10:55:01.492000,5.03,5.02,5.04,3893200.0
2018-01-23 10:55:04.323000,5.03,5.02,5.04,3893200.0
2018-01-23 10:55:06.997000,5.03,5.02,5.04,3893200.0
2018-01-23 10:55:09.732000,5.03,5.02,5.04,3893200.0
2018-01-23 10:55:12.477000,5.03,5.02,5.04,3893200.0
2018-01-23 10:55:15.231000,5.03,5.02,5.04,3893200.0
2018-01-23 10:55:17.819000,5.03,5.02,5.04,3893200.0
2018-01-23 10:55:20.447000,5.03,5.02,5.04,3893200.0
2018-01-23 10:55:23.413000,5.03,5.02,5.04,3893200.0
2018-01-23 10:55:25.894000,5.03,5.02,5.04,3893200.0
2018-01-23 10:55:28.288000,5.03,5.02,5.04,3893200.0
2018-01-23 10:55:30.704000,5.03,5.02,5.04,3893200.0
2018-01-23 10:55:33.194000,5.03,5.02,5.04,3893200.0
2018-01-23 10:55:35.655000,5.03,5.02,5.04,3893200.0
2018-01-23 10:55:38.059000,5.03,5.02,5.04,3893200.0
2018-01-23 10:55:40.837000,5.03,5.02,5.04,3893200.0
2018-01-23 10:55:43.670000,5.03,5.02,5.04,3893200.0
2018-01-23 10:55:46.280000,5.03,5.02,5.04,3893200.0
2018-01-23 10:55:48.888000,5.03,5.02,5.04,3893200.0
2018-01-23 10:55:51.527000,5.03,5.02,5.04,3893200.0
2018-01-23 10:55:54.201000,5.03,5.02,5.04,3893200.0
2018-01-23 10:55:57.057000,5.03,5.02,5.04,3893200.0
2018-01-23 10:55:59.694000,5.03,5.02,5.04,3893200.0
2018-01-23 10:56:02.520000,5.03,5.02,5.04,3893200.0
2018-01-23 10:56:06.375000,5.03,5.02,5.04,3893200.0
2018-01-23 10:56:08.640000,5.03,5.02,5.04,3893200.0
2018-01-23 10:56:10.821000,5.03,5.02,5.04,3893200.0
2018-01-23 10:56:13.233000,5.03,5.02,5.04,3893200.0
2018-01-23 10:56:15.449000,5.03,5.02,5.03,3904200.0
2018-01-23 10:56:17.893000,5.03,5.02,5.03,3904200.0
2018-01-23 10:56:20.062000,5.03,5.02,5.03,3904200.0
2018-01-23 10:56:22.265000,5.03,5.02,5.03,3904200.0
2018-01-23 10:56:24.654000,5.03,5.02,5.03,3904200.0
2018-01-23 10:56:27.178000,5.03,5.02,5.03,3904200.0
2018-01-23 10:56:29.317000,5.03,5.02,5.03,3904200.0
2018-01-23 10:56:31.721000,5.03,5.02,5.03,3904200.0
2018-01-23 10:56:33.945000,5.03,5.02,5.03,3904200.0
2018-01-23 10:56:36.142000,5.03,5.02,5.03,3904200.0
2018-01-23 10:56:38.469000,5.03,5.02,5.03,3904200.0
2018-01-23 10:56:41.903000,5.03,5.02,5.03,3904200.0
2018-01-23 10:56:45.266000,5.03,5.02,5.03,3904200.0
2018-01-23 10:56:49.666000,5.03,5.02,5.03,3904200.0
2018-01-23 10:56:53.394000,5.03,5.02,5.03,3904200.0
2018-01-23 10:56:56.893000,5.03,5.02,5.03,3904200.0
2018-01-23 10:57:00.161000,5.03,5.02,5.03,3904200.0
2018-01-23 10:57:03.375000,5.03,5.02,5.03,3904200.0
2018-01-23 10:57:06.778000,5.03,5.02,5.03,3904200.0
2018-01-23 10:57:10.317000,5.03,5.02,5.03,3904200.0
2018-01-23 10:57:12.907000,5.03,5.02,5.03,3904200.0
2018-01-23 10:57:16.105000,5.03,5.02,5.03,3904200.0
2018-01-23 10:57:19.404000,5.03,5.02,5.03,3904200.0
2018-01-23 10:57:22.637000,5.03,5.02,5.03,3904200.0
2018-01-23 10:57:25.763000,5.03,5.02,5.03,3904200.0
2018-01-23 10:57:29.064000,5.03,5.02,5.03,3904200.0
2018-01-23 10:57:32.179000,5.03,5.02,5.03,3904200.0
2018-01-23 10:57:35.548000,5.03,5.02,5.03,3904200.0
2018-01-23 10:57:38.952000,5.03,5.02,5.03,3904200.0
2018-01-23 10:57:42.544000,5.03,5.02,5.03,3904200.0
2018-01-23 10:57:45.669000,5.03,5.02,5.03,3904200.0
2018-01-23 10:57:49.359000,5.03,5.02,5.03,3904200.0
2018-01-23 10:57:52.797000,5.03,5.02,5.03,3904200.0
2018-01-23 10:57:56.089000,5.03,5.02,5.03,3905200.0
2018-01-23 10:57:59.358000,5.03,5.02,5.03,3905200.0
2018-01-23 10:58:02.780000,5.03,5.02,5.03,3905200.0
2018-01-23 10:58:05.943000,5.03,5.02,5.03,3905200.0
2018-01-23 10:58:09.558000,5.03,5.02,5.03,3905200.0
2018-01-23 10:58:12.781000,5.03,5.02,5.03,3905200.0
2018-01-23 10:58:16.203000,5.03,5.02,5.03,3905200.0
2018-01-23 10:58:19.394000,5.03,5.02,5.03,3905200.0
2018-01-23 10:58:22.530000,5.03,5.02,5.03,3905200.0
2018-01-23 10:58:25.829000,5.03,5.02,5.03,3905200.0
2018-01-23 10:58:29.063000,5.03,5.02,5.03,3905200.0
2018-01-23 10:58:32.168000,5.03,5.02,5.03,3905200.0
2018-01-23 10:58:35.313000,5.03,5.02,5.03,3905200.0
2018-01-23 10:58:38.389000,5.03,5.02,5.03,3905200.0
2018-01-23 10:58:41.677000,5.03,5.02,5.03,3905200.0
2018-01-23 10:58:44.855000,5.03,5.02,5.03,3905200.0
2018-01-23 10:58:48.143000,5.03,5.02,5.03,3905200.0
2018-01-23 10:58:52.013000,5.03,5.02,5.03,3905200.0
2018-01-23 10:58:55.501000,5.03,5.02,5.03,3905200.0
2018-01-23 10:58:58.810000,5.03,5.02,5.03,3906200.0
2018-01-23 10:59:01.749000,5.03,5.02,5.03,3906200.0
2018-01-23 10:59:04.832000,5.03,5.02,5.03,3906200.0
2018-01-23 10:59:07.876000,5.03,5.02,5.03,3906200.0
2018-01-23 10:59:11.033000,5.03,5.02,5.03,3906200.0
2018-01-23 10:59:15.083000,5.03,5.02,5.03,3906200.0
2018-01-23 10:59:18.586000,5.03,5.02,5.03,3906200.0
2018-01-23 10:59:22.140000,5.03,5.02,5.03,3906200.0
2018-01-23 10:59:25.471000,5.03,5.02,5.03,3906200.0
2018-01-23 10:59:28.594000,5.03,5.02,5.03,3906200.0
2018-01-23 10:59:31.877000,5.03,5.02,5.03,3906200.0
2018-01-23 10:59:35.041000,5.03,5.02,5.03,3906200.0
2018-01-23 10:59:38.578000,5.03,5.02,5.03,3906200.0
2018-01-23 10:59:42.171000,5.03,5.02,5.03,3906200.0
2018-01-23 10:59:45.424000,5.03,5.02,5.03,3906200.0
2018-01-23 10:59:49.650000,5.03,5.02,5.03,3936200.0
2018-01-23 10:59:52.933000,5.03,5.02,5.03,3936200.0
2018-01-23 10:59:56.343000,5.03,5.02,5.03,3936200.0
2018-01-23 10:59:59.518000,5.03,5.02,5.03,3936200.0
2018-01-23 11:00:02.837000,5.03,5.02,5.03,3936200.0
2018-01-23 11:00:06.121000,5.03,5.02,5.03,3936200.0
2018-01-23 11:00:09.627000,5.03,5.02,5.03,3936200.0
2018-01-23 11:00:13.318000,5.03,5.02,5.03,3936200.0
2018-01-23 11:00:16.655000,5.03,5.02,5.03,3936200.0
2018-01-23 11:00:20.089000,5.03,5.02,5.03,3936200.0
2018-01-23 11:00:23.158000,5.03,5.02,5.03,3936200.0
2018-01-23 11:00:26.359000,5.03,5.02,5.03,3936200.0
2018-01-23 11:00:29.627000,5.03,5.02,5.03,3936200.0
2018-01-23 11:00:32.862000,5.03,5.02,5.03,3936200.0
2018-01-23 11:00:36.484000,5.03,5.02,5.03,3936200.0
2018-01-23 11:00:39.832000,5.03,5.02,5.03,3936200.0
2018-01-23 11:00:43.268000,5.03,5.02,5.03,3936200.0
2018-01-23 11:00:46.500000,5.03,5.02,5.03,3936200.0
2018-01-23 11:00:49.847000,5.03,5.02,5.03,3936200.0
2018-01-23 11:00:53.148000,5.03,5.02,5.03,3936200.0
2018-01-23 11:00:56.440000,5.03,5.02,5.03,3936200.0
2018-01-23 11:00:59.445000,5.03,5.02,5.03,3936200.0
2018-01-23 11:01:02.322000,5.03,5.02,5.03,3936200.0
2018-01-23 11:01:05.187000,5.03,5.02,5.03,3936200.0
2018-01-23 11:01:08.032000,5.03,5.02,5.03,3936200.0
2018-01-23 11:01:10.814000,5.03,5.02,5.03,3936200.0
2018-01-23 11:01:13.802000,5.03,5.02,5.03,3936200.0
2018-01-23 11:01:16.736000,5.03,5.02,5.03,3936200.0
2018-01-23 11:01:19.384000,5.03,5.02,5.03,3936200.0
2018-01-23 11:01:22.150000,5.03,5.02,5.03,3936200.0
2018-01-23 11:01:25.297000,5.03,5.02,5.03,3936200.0
2018-01-23 11:01:28.816000,5.03,5.02,5.03,3936200.0
2018-01-23 11:01:32.714000,5.03,5.02,5.03,3936200.0
2018-01-23 11:01:36.765000,5.03,5.02,5.03,3936200.0
2018-01-23 11:01:40.501000,5.03,5.02,5.03,3936200.0
2018-01-23 11:01:44.297000,5.03,5.02,5.03,3936200.0
2018-01-23 11:01:48.221000,5.03,5.02,5.03,3936200.0
2018-01-23 11:01:52.272000,5.03,5.02,5.03,3936200.0
2018-01-23 11:01:56.219000,5.03,5.02,5.03,3936200.0
2018-01-23 11:02:00.161000,5.03,5.02,5.03,3936200.0
2018-01-23 11:02:03.846000,5.03,5.02,5.03,3936200.0
2018-01-23 11:02:08.107000,5.03,5.02,5.03,3936200.0
2018-01-23 11:02:11.845000,5.03,5.02,5.03,3936200.0
2018-01-23 11:02:15.790000,5.03,5.02,5.03,3936200.0
2018-01-23 11:02:19.516000,5.03,5.02,5.03,3936200.0
2018-01-23 11:02:23.195000,5.03,5.02,5.03,3936200.0
2018-01-23 11:02:27.080000,5.03,5.02,5.03,3936200.0
2018-01-23 11:02:30.939000,5.03,5.02,5.03,3936200.0
2018-01-23 11:02:34.736000,5.03,5.02,5.03,3936200.0
2018-01-23 11:02:38.661000,5.03,5.02,5.03,3936200.0
2018-01-23 11:02:42.495000,5.03,5.02,5.03,3936200.0
2018-01-23 11:02:46.372000,5.03,5.02,5.03,3936200.0
2018-01-23 11:02:50.026000,5.03,5.02,5.03,3936200.0
2018-01-23 11:02:53.917000,5.03,5.02,5.03,3936200.0
2018-01-23 11:02:57.570000,5.03,5.02,5.03,3936200.0
2018-01-23 11:03:01.834000,5.03,5.02,5.03,3936200.0
2018-01-23 11:03:05.514000,5.03,5.02,5.03,3938200.0
2018-01-23 11:03:09.352000,5.03,5.02,5.03,3938200.0
2018-01-23 11:03:13.187000,5.03,5.02,5.03,3938200.0
2018-01-23 11:03:17.057000,5.03,5.02,5.03,3938200.0
2018-01-23 11:03:20.839000,5.03,5.02,5.03,3938200.0
2018-01-23 11:03:25.099000,5.03,5.02,5.03,3938200.0
2018-01-23 11:03:28.853000,5.03,5.02,5.03,3938200.0
2018-01-23 11:03:32.608000,5.03,5.02,5.03,3938200.0
2018-01-23 11:03:36.469000,5.03,5.02,5.03,3938200.0
2018-01-23 11:03:40.050000,5.03,5.02,5.03,3938200.0
2018-01-23 11:03:43.843000,5.03,5.02,5.03,3938200.0
2018-01-23 11:03:47.572000,5.03,5.02,5.03,3938200.0
2018-01-23 11:03:51.391000,5.03,5.02,5.03,3938200.0
2018-01-23 11:03:55.386000,5.03,5.02,5.03,3938200.0
2018-01-23 11:03:59.426000,5.03,5.02,5.03,3938200.0
2018-01-23 11:04:02.320000,5.03,5.02,5.03,3938200.0
2018-01-23 11:04:05.339000,5.03,5.02,5.03,3938200.0
2018-01-23 11:04:08.511000,5.03,5.02,5.03,3938200.0
2018-01-23 11:04:11.461000,5.03,5.02,5.03,3938200.0
2018-01-23 11:04:14.368000,5.03,5.02,5.03,3938200.0
2018-01-23 11:04:17.319000,5.03,5.02,5.03,3938200.0
2018-01-23 11:04:20.761000,5.03,5.02,5.03,3938200.0
2018-01-23 11:04:23.726000,5.03,5.02,5.03,3938200.0
2018-01-23 11:04:26.819000,5.03,5.02,5.03,3938200.0
2018-01-23 11:04:29.764000,5.03,5.02,5.03,3938200.0
2018-01-23 11:04:32.634000,5.03,5.02,5.03,3938200.0
2018-01-23 11:04:35.889000,5.03,5.02,5.03,3938200.0
