time,price,bid,ask,volume
2018-01-29 13:00:03.662000,4.95,4.94,4.95,6874300.0
2018-01-29 13:00:06.511000,4.95,4.94,4.95,6874300.0
2018-01-29 13:00:09.412000,4.95,4.94,4.95,6974300.0
2018-01-29 13:00:12.026000,4.95,4.94,4.95,6974300.0
2018-01-29 13:00:14.600000,4.95,4.94,4.95,6974300.0
2018-01-29 13:00:17.652000,4.95,4.94,4.95,6974300.0
2018-01-29 13:00:20.116000,4.95,4.94,4.95,6974300.0
2018-01-29 13:00:22.956000,4.95,4.94,4.95,6974300.0
2018-01-29 13:00:25.610000,4.95,4.94,4.95,6974300.0
2018-01-29 13:00:28.296000,4.95,4.94,4.95,6974300.0
2018-01-29 13:00:30.943000,4.95,4.94,4.95,6974300.0
2018-01-29 13:00:33.607000,4.95,4.94,4.95,6974300.0
2018-01-29 13:00:36.048000,4.95,4.94,4.95,6974300.0
2018-01-29 13:00:38.774000,4.95,4.94,4.95,6974300.0
2018-01-29 13:00:41.355000,4.95,4.94,4.95,6974300.0
2018-01-29 13:00:43.858000,4.95,4.94,4.95,6974300.0
2018-01-29 13:00:46.668000,4.95,4.94,4.95,6974300.0
2018-01-29 13:00:49.311000,4.95,4.94,4.95,6974300.0
2018-01-29 13:00:51.885000,4.95,4.94,4.95,6974300.0
2018-01-29 13:00:54.350000,4.95,4.94,4.95,6974300.0
2018-01-29 13:00:56.934000,4.95,4.94,4.95,6974300.0
2018-01-29 13:00:59.468000,4.95,4.94,4.95,6974300.0
2018-01-29 13:01:02.210000,4.95,4.94,4.95,6974300.0
2018-01-29 13:01:04.885000,4.95,4.94,4.95,6974300.0
2018-01-29 13:01:07.522000,4.95,4.94,4.95,6974300.0
2018-01-29 13:01:09.963000,4.95,4.94,4.95,6974300.0
2018-01-29 13:01:12.653000,4.95,4.94,4.95,6974300.0
2018-01-29 13:01:15.451000,4.95,4.94,4.95,6974300.0
2018-01-29 13:01:18.201000,4.95,4.94,4.95,6974300.0
2018-01-29 13:01:20.936000,4.95,4.94,4.95,6974300.0
2018-01-29 13:01:23.430000,4.95,4.94,4.95,6974300.0
2018-01-29 13:01:25.921000,4.95,4.94,4.95,6974300.0
2018-01-29 13:01:28.352000,4.95,4.94,4.95,6974300.0
2018-01-29 13:01:30.842000,4.95,4.94,4.95,6974300.0
2018-01-29 13:01:33.736000,4.95,4.94,4.95,6974300.0
2018-01-29 13:01:36.514000,4.95,4.94,4.95,6974300.0
2018-01-29 13:01:39.084000,4.95,4.94,4.96,6974400.0
2018-01-29 13:01:41.654000,4.95,4.94,4.96,6974400.0
2018-01-29 13:01:44.462000,4.95,4.94,4.96,6974400.0
2018-01-29 13:01:47.215000,4.95,4.94,4.96,6974400.0
2018-01-29 13:01:50.039000,4.95,4.94,4.96,6974400.0
2018-01-29 13:01:52.652000,4.95,4.94,4.96,6974400.0
2018-01-29 13:01:55.352000,4.95,4.94,4.96,6974400.0
2018-01-29 13:01:58.106000,4.95,4.94,4.96,6974400.0
2018-01-29 13:02:00.807000,4.95,4.94,4.96,6974400.0
2018-01-29 13:02:03.354000,4.95,4.94,4.96,6974400.0
2018-01-29 13:02:05.998000,4.95,4.94,4.96,6974400.0
2018-01-29 13:02:08.390000,4.95,4.94,4.96,6974400.0
2018-01-29 13:02:11.153000,4.95,4.94,4.96,6974400.0
2018-01-29 13:02:13.704000,4.95,4.94,4.96,6974400.0
2018-01-29 13:02:16.266000,4.95,4.94,4.96,6974400.0
2018-01-29 13:02:18.895000,4.95,4.94,4.96,6974400.0
2018-01-29 13:02:21.484000,4.95,4.94,4.96,6974400.0
2018-01-29 13:02:24.077000,4.95,4.94,4.96,6974400.0
2018-01-29 13:02:26.404000,4.95,4.94,4.96,6974400.0
2018-01-29 13:02:29.096000,4.95,4.94,4.96,6974400.0
2018-01-29 13:02:31.623000,4.95,4.94,4.96,6974400.0
2018-01-29 13:02:34.158000,4.95,4.94,4.96,6974400.0
2018-01-29 13:02:36.842000,4.95,4.94,4.96,6974400.0
2018-01-29 13:02:39.509000,4.95,4.94,4.96,6974400.0
2018-01-29 13:02:42.390000,4.95,4.94,4.96,6974400.0
2018-01-29 13:02:45.153000,4.95,4.94,4.96,6974400.0
2018-01-29 13:02:47.703000,4.95,4.94,4.96,6974400.0
2018-01-29 13:02:50.229000,4.95,4.94,4.96,6974400.0
2018-01-29 13:02:52.968000,4.95,4.94,4.96,6974400.0
2018-01-29 13:02:55.526000,4.95,4.94,4.96,6974400.0
2018-01-29 13:02:58.435000,4.95,4.94,4.96,6974400.0
2018-01-29 13:03:00.964000,4.95,4.94,4.96,6974400.0
2018-01-29 13:03:03.516000,4.95,4.94,4.96,6974400.0
2018-01-29 13:03:06.358000,4.95,4.94,4.96,6974400.0
2018-01-29 13:03:08.969000,4.95,4.94,4.96,6974400.0
2018-01-29 13:03:11.560000,4.95,4.94,4.96,6974400.0
2018-01-29 13:03:14.160000,4.95,4.94,4.96,6974400.0
2018-01-29 13:03:16.652000,4.95,4.94,4.96,6974400.0
2018-01-29 13:03:19.229000,4.95,4.94,4.96,6974400.0
2018-01-29 13:03:21.751000,4.95,4.94,4.96,6974400.0
2018-01-29 13:03:24.480000,4.95,4.94,4.96,6974400.0
2018-01-29 13:03:27.127000,4.95,4.94,4.96,6974400.0
2018-01-29 13:03:29.697000,4.95,4.94,4.96,6974400.0
2018-01-29 13:03:32.327000,4.95,4.94,4.96,6974400.0
2018-01-29 13:03:35.044000,4.95,4.94,4.96,6974400.0
2018-01-29 13:03:37.829000,4.95,4.94,4.96,6974400.0
2018-01-29 13:03:40.653000,4.95,4.94,4.96,6974400.0
2018-01-29 13:03:44.365000,4.95,4.94,4.96,6974400.0
2018-01-29 13:03:47.642000,4.95,4.94,4.96,6974400.0
2018-01-29 13:03:51.188000,4.95,4.94,4.96,6974400.0
2018-01-29 13:03:54.377000,4.95,4.94,4.96,6974400.0
2018-01-29 13:03:57.927000,4.95,4.94,4.96,6974400.0
2018-01-29 13:04:01.531000,4.95,4.94,4.96,6974400.0
2018-01-29 13:04:04.714000,4.95,4.94,4.96,6974400.0
2018-01-29 13:04:07.858000,4.95,4.94,4.96,6974400.0
2018-01-29 13:04:11.288000,4.95,4.94,4.96,6974400.0
2018-01-29 13:04:14.713000,4.95,4.94,4.96,6974400.0
2018-01-29 13:04:18.023000,4.95,4.94,4.96,6974400.0
2018-01-29 13:04:21.627000,4.95,4.94,4.96,6974400.0
2018-01-29 13:04:24.816000,4.95,4.94,4.96,6974400.0
2018-01-29 13:04:28.266000,4.95,4.94,4.96,6974400.0
2018-01-29 13:04:31.299000,4.95,4.94,4.96,6974400.0
2018-01-29 13:04:34.471000,4.95,4.94,4.96,6974400.0
2018-01-29 13:04:37.627000,4.95,4.94,4.96,6974400.0
2018-01-29 13:04:40.779000,4.95,4.94,4.96,6974400.0
2018-01-29 13:04:43.841000,4.95,4.94,4.96,6974400.0
2018-01-29 13:04:47.174000,4.95,4.94,4.96,6974400.0
2018-01-29 13:04:50.265000,4.95,4.94,4.96,6974400.0
2018-01-29 13:04:53.597000,4.95,4.94,4.96,6974400.0
2018-01-29 13:04:56.862000,4.95,4.94,4.96,6974400.0
2018-01-29 13:05:00.186000,4.95,4.94,4.96,6974400.0
2018-01-29 13:05:03.901000,4.95,4.94,4.96,6974400.0
2018-01-29 13:05:07.038000,4.95,4.94,4.96,6974400.0
2018-01-29 13:05:10.232000,4.95,4.94,4.96,6974400.0
2018-01-29 13:05:13.379000,4.95,4.94,4.96,6974400.0
2018-01-29 13:05:17.586000,4.95,4.94,4.96,6974400.0
2018-01-29 13:05:20.942000,4.95,4.94,4.96,6974400.0
2018-01-29 13:05:24.166000,4.95,4.94,4.96,6974400.0
2018-01-29 13:05:27.332000,4.95,4.94,4.95,6984400.0
2018-01-29 13:05:30.547000,4.95,4.94,4.95,6984400.0
2018-01-29 13:05:33.582000,4.95,4.94,4.95,6984400.0
2018-01-29 13:05:36.633000,4.95,4.94,4.95,6984400.0
2018-01-29 13:05:39.909000,4.95,4.94,4.95,6984400.0
2018-01-29 13:05:43.022000,4.95,4.94,4.95,6984400.0
2018-01-29 13:05:45.953000,4.95,4.94,4.95,6984400.0
2018-01-29 13:05:49.395000,4.95,4.94,4.95,6984400.0
2018-01-29 13:05:52.545000,4.95,4.94,4.95,6984400.0
2018-01-29 13:05:55.599000,4.95,4.94,4.95,6984400.0
2018-01-29 13:05:59.145000,4.95,4.94,4.95,6984400.0
2018-01-29 13:06:02.066000,4.95,4.94,4.95,6984400.0
2018-01-29 13:06:05.281000,4.95,4.94,4.95,6984400.0
2018-01-29 13:06:08.515000,4.95,4.94,4.95,6984400.0
2018-01-29 13:06:11.478000,4.95,4.94,4.95,6984400.0
2018-01-29 13:06:14.461000,4.95,4.94,4.95,6984400.0
2018-01-29 13:06:17.709000,4.95,4.94,4.95,6984400.0
2018-01-29 13:06:20.952000,4.95,4.94,4.95,6984400.0
2018-01-29 13:06:24.427000,4.95,4.94,4.95,6984400.0
2018-01-29 13:06:27.646000,4.95,4.94,4.95,6984400.0
2018-01-29 13:06:30.955000,4.95,4.94,4.95,6984400.0
2018-01-29 13:06:34.056000,4.95,4.94,4.95,6984400.0
2018-01-29 13:06:37.162000,4.95,4.94,4.96,6984900.0
2018-01-29 13:06:40.453000,4.95,4.94,4.96,6984900.0
2018-01-29 13:06:43.501000,4.95,4.94,4.96,6984900.0
2018-01-29 13:06:46.754000,4.95,4.94,4.96,6984900.0
2018-01-29 13:06:49.731000,4.95,4.94,4.96,6984900.0
2018-01-29 13:06:52.965000,4.95,4.94,4.96,6984900.0
2018-01-29 13:06:56.662000,4.95,4.94,4.96,6984900.0
2018-01-29 13:07:03.316000,4.95,4.94,4.96,6984900.0
2018-01-29 13:07:06.553000,4.95,4.94,4.96,6984900.0
2018-01-29 13:07:09.635000,4.95,4.94,4.96,6984900.0
2018-01-29 13:07:12.843000,4.95,4.94,4.96,6984900.0
2018-01-29 13:07:16.142000,4.95,4.94,4.96,6984900.0
2018-01-29 13:07:19.365000,4.95,4.94,4.96,6984900.0
2018-01-29 13:07:22.522000,4.95,4.94,4.96,6984900.0
2018-01-29 13:07:25.740000,4.95,4.94,4.96,6984900.0
2018-01-29 13:07:28.776000,4.95,4.94,4.96,6984900.0
2018-01-29 13:07:32.080000,4.95,4.94,4.96,6984900.0
2018-01-29 13:07:35.438000,4.95,4.94,4.96,6984900.0
2018-01-29 13:07:38.378000,4.95,4.94,4.96,6984900.0
2018-01-29 13:07:41.665000,4.95,4.94,4.96,6984900.0
2018-01-29 13:07:45.063000,4.95,4.94,4.96,6984900.0
2018-01-29 13:07:48.367000,4.95,4.94,4.96,6984900.0
2018-01-29 13:07:51.367000,4.95,4.94,4.96,6984900.0
2018-01-29 13:07:54.584000,4.95,4.94,4.96,6984900.0
2018-01-29 13:07:57.696000,4.95,4.94,4.96,6984900.0
2018-01-29 13:08:00.851000,4.95,4.94,4.96,6984900.0
2018-01-29 13:08:04,4.95,4.94,4.96,6984900.0
2018-01-29 13:08:07.206000,4.95,4.94,4.96,6984900.0
2018-01-29 13:08:10.346000,4.95,4.94,4.96,6984900.0
2018-01-29 13:08:13.527000,4.95,4.94,4.96,6984900.0
2018-01-29 13:08:16.695000,4.95,4.94,4.96,6984900.0
2018-01-29 13:08:19.825000,4.95,4.94,4.96,6984900.0
2018-01-29 13:08:23.074000,4.95,4.94,4.96,6984900.0
2018-01-29 13:08:25.939000,,,,
2018-01-29 13:08:29.258000,4.95,4.94,4.96,6984900.0
2018-01-29 13:08:32.565000,4.95,4.94,4.96,6984900.0
2018-01-29 13:08:35.630000,4.95,4.94,4.96,6984900.0
2018-01-29 13:08:38.685000,4.95,4.94,4.96,6984900.0
2018-01-29 13:08:41.865000,4.95,4.94,4.96,6984900.0
2018-01-29 13:08:45.051000,4.95,4.94,4.96,6984900.0
2018-01-29 13:08:47.991000,4.95,4.94,4.96,6984900.0
2018-01-29 13:08:51.249000,4.95,4.94,4.96,6984900.0
2018-01-29 13:08:54.367000,4.95,4.94,4.96,6984900.0
2018-01-29 13:08:57.521000,4.95,4.94,4.96,6984900.0
2018-01-29 13:09:00.740000,4.95,4.94,4.96,6984900.0
2018-01-29 13:09:03.915000,4.95,4.94,4.95,7019900.0
2018-01-29 13:09:07.060000,4.95,4.94,4.95,7019900.0
2018-01-29 13:09:10.317000,4.95,4.94,4.95,7019900.0
2018-01-29 13:09:13.607000,4.95,4.94,4.95,7019900.0
2018-01-29 13:09:17.020000,4.95,4.94,4.95,7019900.0
2018-01-29 13:09:20.199000,4.95,4.94,4.95,7019900.0
2018-01-29 13:09:23.467000,,,,
2018-01-29 13:09:26.713000,4.95,4.94,4.95,7019900.0
2018-01-29 13:09:29.760000,4.95,4.94,4.95,7019900.0
2018-01-29 13:09:32.950000,4.95,4.94,4.95,7019900.0
2018-01-29 13:09:36.490000,4.95,4.94,4.95,7019900.0
2018-01-29 13:09:39.636000,4.95,4.94,4.95,7019900.0
2018-01-29 13:09:42.890000,4.95,4.94,4.95,7019900.0
2018-01-29 13:09:46.118000,4.95,4.94,4.95,7019900.0
2018-01-29 13:09:49.152000,4.95,4.94,4.95,7019900.0
2018-01-29 13:09:52.490000,4.95,4.94,4.95,7019900.0
2018-01-29 13:09:55.552000,4.95,4.94,4.95,7019900.0
2018-01-29 13:09:58.759000,4.95,4.94,4.95,7019900.0
2018-01-29 13:10:01.902000,4.95,4.94,4.95,7019900.0
2018-01-29 13:10:05.036000,4.95,4.94,4.95,7019900.0
2018-01-29 13:10:08.167000,4.95,4.94,4.95,7019900.0
2018-01-29 13:10:11.279000,4.95,4.94,4.95,7019900.0
2018-01-29 13:10:14.520000,4.95,4.94,4.95,7019900.0
2018-01-29 13:10:17.683000,4.95,4.94,4.95,7019900.0
2018-01-29 13:10:21.043000,4.95,4.94,4.95,7019900.0
2018-01-29 13:10:24.108000,4.95,4.94,4.95,7019900.0
2018-01-29 13:10:27.230000,4.95,4.94,4.95,7019900.0
2018-01-29 13:10:30.249000,4.95,4.94,4.95,7019900.0
2018-01-29 13:10:33.465000,4.95,4.94,4.95,7019900.0
2018-01-29 13:10:36.669000,4.95,4.94,4.95,7019900.0
2018-01-29 13:10:39.859000,4.95,4.94,4.95,7019900.0
2018-01-29 13:10:43.122000,4.95,4.94,4.95,7019900.0
2018-01-29 13:10:46.429000,4.95,4.94,4.95,7019900.0
2018-01-29 13:10:49.526000,4.95,4.94,4.95,7019900.0
2018-01-29 13:10:52.784000,4.95,4.94,4.95,7019900.0
2018-01-29 13:10:55.995000,4.95,4.94,4.95,7019900.0
2018-01-29 13:10:59.062000,4.95,4.94,4.95,7019900.0
2018-01-29 13:11:02.510000,4.95,4.94,4.95,7019900.0
2018-01-29 13:11:05.716000,4.95,4.94,4.95,7019900.0
2018-01-29 13:11:08.714000,4.95,4.94,4.95,7019900.0
2018-01-29 13:11:11.763000,4.95,4.94,4.95,7019900.0
2018-01-29 13:11:14.924000,4.95,4.94,4.95,7019900.0
2018-01-29 13:11:18.203000,4.95,4.94,4.95,7019900.0
2018-01-29 13:11:21.290000,4.95,4.94,4.95,7019900.0
2018-01-29 13:11:24.230000,4.95,4.94,4.95,7019900.0
2018-01-29 13:11:27.181000,4.95,4.94,4.95,7019900.0
2018-01-29 13:11:30.556000,4.95,4.94,4.95,7019900.0
2018-01-29 13:11:33.794000,4.95,4.94,4.95,7019900.0
2018-01-29 13:11:37.133000,4.95,4.94,4.95,7019900.0
2018-01-29 13:11:40.460000,4.95,4.94,4.95,7019900.0
2018-01-29 13:11:43.607000,4.95,4.94,4.95,7019900.0
2018-01-29 13:11:46.713000,4.95,4.94,4.95,7019900.0
2018-01-29 13:11:49.935000,4.95,4.94,4.95,7019900.0
2018-01-29 13:11:53.440000,4.95,4.94,4.95,7019900.0
2018-01-29 13:11:57.108000,4.95,4.94,4.95,7019900.0
2018-01-29 13:12:00.313000,4.95,4.94,4.95,7019900.0
2018-01-29 13:12:03.670000,4.95,4.94,4.95,7019900.0
2018-01-29 13:12:06.803000,4.95,4.94,4.95,7019900.0
2018-01-29 13:12:09.869000,4.95,4.94,4.95,7019900.0
2018-01-29 13:12:12.962000,4.95,4.94,4.95,7019900.0
2018-01-29 13:12:16.276000,4.95,4.94,4.95,7019900.0
2018-01-29 13:12:19.558000,4.95,4.94,4.95,7019900.0
2018-01-29 13:12:22.601000,4.95,4.94,4.95,7019900.0
2018-01-29 13:12:25.702000,4.95,4.94,4.95,7019900.0
2018-01-29 13:12:28.777000,4.95,4.94,4.95,7019900.0
2018-01-29 13:12:31.977000,4.95,4.94,4.95,7019900.0
2018-01-29 13:12:35.014000,4.95,4.94,4.95,7019900.0
2018-01-29 13:12:38.238000,4.95,4.94,4.95,7019900.0
2018-01-29 13:12:41.296000,4.95,4.94,4.95,7019900.0
2018-01-29 13:12:44.456000,4.95,4.94,4.95,7019900.0
2018-01-29 13:12:47.593000,4.95,4.94,4.95,7019900.0
2018-01-29 13:12:50.859000,4.95,4.94,4.95,7019900.0
2018-01-29 13:12:54.249000,4.95,4.94,4.95,7019900.0
2018-01-29 13:12:57.547000,4.95,4.94,4.95,7019900.0
2018-01-29 13:13:00.668000,4.95,4.94,4.95,7019900.0
2018-01-29 13:13:03.862000,4.95,4.94,4.95,7019900.0
2018-01-29 13:13:07.104000,4.95,4.94,4.95,7019900.0
2018-01-29 13:13:10.234000,4.95,4.94,4.95,7019900.0
2018-01-29 13:13:13.112000,4.95,4.94,4.95,7019900.0
2018-01-29 13:13:16.297000,4.95,4.94,4.95,7019900.0
2018-01-29 13:13:19.680000,4.95,4.94,4.95,7019900.0
2018-01-29 13:13:22.983000,4.95,4.94,4.95,7019900.0
2018-01-29 13:13:26.136000,4.95,4.94,4.95,7019900.0
2018-01-29 13:13:29.339000,4.95,4.94,4.95,7019900.0
2018-01-29 13:13:32.756000,4.95,4.94,4.95,7019900.0
2018-01-29 13:13:35.904000,4.95,4.94,4.95,7019900.0
2018-01-29 13:13:38.926000,4.95,4.94,4.95,7019900.0
2018-01-29 13:13:42.084000,4.95,4.94,4.95,7019900.0
2018-01-29 13:13:45.477000,4.95,4.94,4.95,7019900.0
2018-01-29 13:13:48.540000,4.95,4.94,4.95,7019900.0
2018-01-29 13:13:51.844000,4.95,4.94,4.95,7019900.0
2018-01-29 13:13:55.118000,4.95,4.94,4.95,7019900.0
2018-01-29 13:13:58.204000,4.95,4.94,4.95,7019900.0
2018-01-29 13:14:01.497000,4.95,4.94,4.95,7019900.0
2018-01-29 13:14:04.798000,4.95,4.94,4.95,7019900.0
2018-01-29 13:14:07.984000,4.95,4.94,4.95,7019900.0
2018-01-29 13:14:10.873000,4.95,4.94,4.95,7019900.0
2018-01-29 13:14:14.012000,4.95,4.94,4.95,7019900.0
2018-01-29 13:14:17.139000,4.95,4.94,4.95,7019900.0
2018-01-29 13:14:20.480000,4.95,4.94,4.95,7019900.0
2018-01-29 13:14:23.342000,4.95,4.94,4.95,7019900.0
2018-01-29 13:14:26.548000,4.95,4.94,4.95,7019900.0
2018-01-29 13:14:29.659000,4.95,4.94,4.95,7019900.0
2018-01-29 13:14:33.034000,4.95,4.94,4.95,7019900.0
2018-01-29 13:14:36.093000,4.95,4.94,4.95,7019900.0
2018-01-29 13:14:39.284000,4.95,4.94,4.95,7019900.0
2018-01-29 13:14:42.456000,4.95,4.94,4.95,7019900.0
2018-01-29 13:14:45.631000,4.95,4.94,4.95,7019900.0
2018-01-29 13:14:48.669000,4.95,4.94,4.95,7019900.0
2018-01-29 13:14:51.822000,4.95,4.94,4.95,7019900.0
2018-01-29 13:14:55.120000,4.95,4.94,4.95,7019900.0
2018-01-29 13:14:58.215000,4.95,4.94,4.95,7019900.0
2018-01-29 13:15:01.389000,4.95,4.94,4.95,7019900.0
2018-01-29 13:15:04.502000,4.95,4.94,4.95,7019900.0
2018-01-29 13:15:07.484000,4.95,4.94,4.95,7019900.0
2018-01-29 13:15:10.596000,4.95,4.94,4.95,7019900.0
2018-01-29 13:15:13.873000,4.95,4.94,4.95,7019900.0
2018-01-29 13:15:17.373000,4.95,4.94,4.95,7019900.0
2018-01-29 13:15:20.502000,4.95,4.94,4.95,7019900.0
2018-01-29 13:15:23.410000,4.95,4.94,4.95,7019900.0
2018-01-29 13:15:26.707000,4.95,4.94,4.95,7019900.0
2018-01-29 13:15:29.816000,4.95,4.94,4.95,7019900.0
2018-01-29 13:15:32.785000,4.95,4.94,4.95,7019900.0
2018-01-29 13:15:36.029000,4.95,4.94,4.95,7019900.0
2018-01-29 13:15:39.303000,4.95,4.94,4.95,7019900.0
2018-01-29 13:15:42.504000,4.95,4.94,4.95,7019900.0
2018-01-29 13:15:45.664000,4.95,4.94,4.95,7019900.0
2018-01-29 13:15:48.829000,4.95,4.94,4.95,7019900.0
2018-01-29 13:15:51.765000,4.95,4.94,4.95,7019900.0
2018-01-29 13:15:54.972000,4.95,4.94,4.95,7019900.0
2018-01-29 13:15:58.315000,4.95,4.94,4.95,7019900.0
2018-01-29 13:16:01.655000,4.95,4.94,4.95,7019900.0
2018-01-29 13:16:04.741000,4.95,4.94,4.95,7019900.0
2018-01-29 13:16:07.892000,4.95,4.94,4.95,7019900.0
2018-01-29 13:16:11.170000,4.95,4.94,4.95,7019900.0
2018-01-29 13:16:14.320000,4.95,4.94,4.95,7019900.0
2018-01-29 13:16:17.610000,4.95,4.94,4.95,7019900.0
2018-01-29 13:16:20.568000,4.95,4.94,4.95,7019900.0
2018-01-29 13:16:24.037000,4.95,4.94,4.95,7019900.0
2018-01-29 13:16:27.345000,4.95,4.94,4.95,7019900.0
2018-01-29 13:16:30.365000,4.95,4.94,4.95,7019900.0
2018-01-29 13:16:33.790000,4.95,4.94,4.95,7019900.0
2018-01-29 13:16:37.072000,4.95,4.94,4.95,7019900.0
2018-01-29 13:16:40.337000,4.95,4.94,4.95,7019900.0
2018-01-29 13:16:43.512000,4.95,4.94,4.95,7019900.0
2018-01-29 13:16:46.876000,4.95,4.94,4.95,7019900.0
2018-01-29 13:16:50.118000,4.95,4.94,4.95,7019900.0
2018-01-29 13:16:53.308000,4.95,4.94,4.95,7019900.0
2018-01-29 13:16:56.312000,4.95,4.94,4.95,7019900.0
2018-01-29 13:16:59.233000,4.95,4.94,4.95,7019900.0
2018-01-29 13:17:02.213000,4.95,4.94,4.95,7019900.0
2018-01-29 13:17:05.354000,4.95,4.94,4.95,7019900.0
2018-01-29 13:17:08.373000,4.95,4.94,4.95,7019900.0
2018-01-29 13:17:11.453000,4.95,4.94,4.95,7019900.0
2018-01-29 13:17:14.646000,4.95,4.94,4.95,7019900.0
2018-01-29 13:17:17.876000,4.95,4.94,4.95,7019900.0
2018-01-29 13:17:21.016000,4.95,4.94,4.95,7019900.0
2018-01-29 13:17:24.201000,4.95,4.94,4.95,7019900.0
2018-01-29 13:17:27.347000,4.95,4.94,4.95,7019900.0
2018-01-29 13:17:30.875000,4.95,4.94,4.95,7019900.0
2018-01-29 13:17:33.939000,4.95,4.94,4.95,7019900.0
2018-01-29 13:17:36.935000,4.95,4.94,4.95,7019900.0
2018-01-29 13:17:40.073000,4.95,4.94,4.95,7019900.0
2018-01-29 13:17:43.258000,4.95,4.94,4.95,7019900.0
2018-01-29 13:17:46.409000,4.95,4.94,4.95,7019900.0
2018-01-29 13:17:49.507000,4.95,4.94,4.95,7019900.0
2018-01-29 13:17:52.576000,4.95,4.94,4.95,7019900.0
2018-01-29 13:17:55.398000,4.95,4.94,4.95,7019900.0
2018-01-29 13:17:58.288000,4.95,4.94,4.95,7019900.0
2018-01-29 13:18:01.081000,4.95,4.94,4.95,7019900.0
2018-01-29 13:18:03.914000,4.95,4.94,4.95,7024900.0
2018-01-29 13:18:06.821000,4.95,4.94,4.95,7024900.0
2018-01-29 13:18:09.976000,4.95,4.94,4.95,7024900.0
2018-01-29 13:18:13.220000,4.95,4.94,4.95,7024900.0
2018-01-29 13:18:15.921000,4.95,4.94,4.95,7024900.0
2018-01-29 13:18:18.825000,4.95,4.94,4.95,7024900.0
2018-01-29 13:18:21.823000,4.95,4.94,4.95,7024900.0
2018-01-29 13:18:24.851000,4.95,4.94,4.95,7024900.0
2018-01-29 13:18:28.272000,4.95,4.94,4.95,7024900.0
2018-01-29 13:18:31.627000,4.95,4.94,4.95,7024900.0
2018-01-29 13:18:34.810000,4.95,4.94,4.95,7024900.0
2018-01-29 13:18:38.147000,4.95,4.94,4.95,7024900.0
2018-01-29 13:18:41.173000,4.95,4.94,4.95,7024900.0
2018-01-29 13:18:44.649000,4.95,4.94,4.95,7024900.0
2018-01-29 13:18:47.759000,4.95,4.94,4.95,7024900.0
2018-01-29 13:18:51.098000,4.95,4.94,4.95,7024900.0
2018-01-29 13:18:54.385000,4.95,4.94,4.95,7024900.0
2018-01-29 13:18:57.295000,4.95,4.94,4.95,7024900.0
2018-01-29 13:19:00.603000,4.95,4.94,4.95,7024900.0
2018-01-29 13:19:03.712000,4.95,4.94,4.95,7024900.0
2018-01-29 13:19:06.800000,4.95,4.94,4.95,7024900.0
2018-01-29 13:19:09.727000,4.95,4.94,4.95,7024900.0
2018-01-29 13:19:12.697000,4.95,4.94,4.95,7024900.0
2018-01-29 13:19:15.794000,4.95,4.94,4.95,7024900.0
2018-01-29 13:19:18.903000,4.95,4.94,4.95,7024900.0
2018-01-29 13:19:22.020000,4.95,4.94,4.95,7024900.0
2018-01-29 13:19:25.108000,4.95,4.94,4.95,7024900.0
2018-01-29 13:19:29.296000,4.95,4.94,4.95,7024900.0
2018-01-29 13:19:32.367000,4.95,4.94,4.95,7024900.0
2018-01-29 13:19:35.343000,4.95,4.94,4.95,7024900.0
2018-01-29 13:19:38.431000,4.95,4.94,4.95,7024900.0
2018-01-29 13:19:41.583000,4.95,4.94,4.95,7024900.0
2018-01-29 13:19:46.621000,4.95,4.94,4.95,7024900.0
2018-01-29 13:19:49.499000,4.95,4.94,4.95,7024900.0
2018-01-29 13:19:52.538000,4.95,4.94,4.95,7024900.0
2018-01-29 13:19:55.542000,4.95,4.94,4.95,7024900.0
2018-01-29 13:19:58.826000,4.95,4.94,4.95,7024900.0
2018-01-29 13:20:01.701000,4.95,4.94,4.95,7024900.0
2018-01-29 13:20:04.746000,4.95,4.94,4.95,7024900.0
2018-01-29 13:20:07.712000,4.95,4.94,4.95,7024900.0
2018-01-29 13:20:10.903000,4.95,4.94,4.95,7024900.0
2018-01-29 13:20:13.859000,4.95,4.94,4.95,7024900.0
2018-01-29 13:20:16.771000,4.95,4.94,4.95,7024900.0
2018-01-29 13:20:19.794000,4.95,4.94,4.95,7024900.0
2018-01-29 13:20:22.622000,4.95,4.94,4.95,7024900.0
2018-01-29 13:20:25.835000,4.95,4.94,4.95,7024900.0
2018-01-29 13:20:28.646000,4.95,4.94,4.95,7024900.0
2018-01-29 13:20:31.771000,4.95,4.94,4.95,7024900.0
2018-01-29 13:20:34.812000,4.95,4.94,4.95,7024900.0
2018-01-29 13:20:38.058000,4.95,4.94,4.95,7024900.0
2018-01-29 13:20:41.037000,4.95,4.94,4.95,7024900.0
2018-01-29 13:20:44.138000,4.95,4.94,4.95,7024900.0
2018-01-29 13:20:47.274000,4.95,4.94,4.95,7024900.0
2018-01-29 13:20:50.264000,4.95,4.94,4.95,7024900.0
2018-01-29 13:20:53.128000,4.95,4.94,4.95,7024900.0
2018-01-29 13:20:56.287000,4.95,4.95,4.96,7027900.0
2018-01-29 13:20:59.346000,4.95,4.95,4.96,7027900.0
2018-01-29 13:21:02.290000,4.95,4.95,4.96,7027900.0
2018-01-29 13:21:05.419000,4.95,4.95,4.96,7027900.0
2018-01-29 13:21:08.385000,4.95,4.95,4.96,7027900.0
2018-01-29 13:21:11.428000,4.95,4.95,4.96,7027900.0
2018-01-29 13:21:14.438000,4.95,4.95,4.96,7027900.0
2018-01-29 13:21:17.490000,4.95,4.95,4.96,7027900.0
2018-01-29 13:21:20.720000,4.95,4.95,4.96,7027900.0
2018-01-29 13:21:23.889000,4.95,4.95,4.96,7027900.0
2018-01-29 13:21:26.904000,4.95,4.95,4.96,7027900.0
2018-01-29 13:21:29.918000,4.95,4.95,4.96,7027900.0
2018-01-29 13:21:33.139000,4.95,4.95,4.96,7027900.0
2018-01-29 13:21:36.102000,4.95,4.95,4.96,7027900.0
2018-01-29 13:21:39.045000,4.95,4.95,4.96,7027900.0
2018-01-29 13:21:42.514000,4.95,4.95,4.96,7027900.0
2018-01-29 13:21:45.610000,4.95,4.95,4.96,7027900.0
2018-01-29 13:21:48.624000,4.95,4.95,4.96,7027900.0
2018-01-29 13:21:51.756000,4.95,4.95,4.96,7027900.0
2018-01-29 13:21:54.734000,4.95,4.95,4.96,7027900.0
2018-01-29 13:21:57.670000,4.95,4.95,4.96,7027900.0
2018-01-29 13:22:00.797000,4.95,4.95,4.96,7027900.0
2018-01-29 13:22:04.149000,4.95,4.95,4.96,7027900.0
2018-01-29 13:22:07.059000,4.95,4.95,4.96,7027900.0
2018-01-29 13:22:10.017000,4.95,4.95,4.96,7027900.0
2018-01-29 13:22:12.998000,4.95,4.95,4.96,7027900.0
2018-01-29 13:22:16.067000,4.95,4.95,4.96,7027900.0
2018-01-29 13:22:19.030000,4.95,4.95,4.96,7027900.0
2018-01-29 13:22:21.812000,4.95,4.95,4.96,7027900.0
2018-01-29 13:22:24.983000,4.95,4.95,4.96,7027900.0
2018-01-29 13:22:28.028000,4.95,4.95,4.96,7027900.0
2018-01-29 13:22:31.285000,4.95,4.95,4.96,7027900.0
2018-01-29 13:22:34.330000,4.96,4.95,4.96,7029900.0
2018-01-29 13:22:37.295000,4.96,4.95,4.96,7029900.0
2018-01-29 13:22:40.566000,4.96,4.95,4.96,7029900.0
2018-01-29 13:22:43.422000,4.96,4.95,4.96,7029900.0
2018-01-29 13:22:46.479000,4.96,4.95,4.96,7029900.0
2018-01-29 13:22:49.726000,4.96,4.95,4.96,7029900.0
2018-01-29 13:22:52.701000,4.96,4.95,4.96,7029900.0
2018-01-29 13:22:55.635000,4.96,4.95,4.96,7029900.0
2018-01-29 13:22:58.832000,4.96,4.95,4.96,7029900.0
2018-01-29 13:23:01.872000,4.96,4.95,4.96,7029900.0
2018-01-29 13:23:04.881000,4.96,4.95,4.96,7029900.0
2018-01-29 13:23:08.014000,4.96,4.95,4.96,7029900.0
2018-01-29 13:23:11.079000,4.96,4.95,4.96,7029900.0
2018-01-29 13:23:14.193000,4.96,4.94,4.96,7029900.0
2018-01-29 13:23:17.136000,4.96,4.94,4.96,7029900.0
2018-01-29 13:23:20.157000,4.96,4.94,4.96,7029900.0
2018-01-29 13:23:23.244000,4.96,4.94,4.96,7029900.0
2018-01-29 13:23:26.224000,4.96,4.94,4.96,7029900.0
2018-01-29 13:23:29.137000,4.96,4.94,4.96,7029900.0
2018-01-29 13:23:32.174000,4.96,4.94,4.96,7029900.0
2018-01-29 13:23:35.213000,4.96,4.94,4.96,7029900.0
2018-01-29 13:23:38.292000,4.96,4.94,4.96,7029900.0
2018-01-29 13:23:41.357000,4.96,4.94,4.96,7029900.0
2018-01-29 13:23:44.421000,4.96,4.94,4.96,7029900.0
2018-01-29 13:23:47.553000,4.96,4.94,4.96,7029900.0
2018-01-29 13:23:50.437000,4.96,4.94,4.96,7029900.0
2018-01-29 13:23:53.539000,4.96,4.94,4.96,7029900.0
2018-01-29 13:23:56.492000,4.96,4.94,4.96,7029900.0
2018-01-29 13:23:59.474000,4.96,4.94,4.96,7029900.0
2018-01-29 13:24:02.561000,4.96,4.94,4.96,7029900.0
2018-01-29 13:24:05.644000,4.96,4.94,4.96,7029900.0
2018-01-29 13:24:08.765000,4.96,4.94,4.96,7029900.0
2018-01-29 13:24:11.779000,4.96,4.94,4.96,7029900.0
2018-01-29 13:24:16.386000,4.96,4.94,4.96,7029900.0
2018-01-29 13:24:19.840000,4.96,4.94,4.96,7029900.0
2018-01-29 13:24:23.674000,4.96,4.94,4.96,7029900.0
2018-01-29 13:24:26.874000,4.96,4.94,4.96,7029900.0
2018-01-29 13:24:30.381000,4.96,4.94,4.96,7029900.0
2018-01-29 13:24:33.620000,4.96,4.94,4.96,7029900.0
2018-01-29 13:24:36.841000,4.96,4.94,4.96,7029900.0
2018-01-29 13:24:40.019000,4.96,4.94,4.96,7029900.0
2018-01-29 13:24:43.225000,4.96,4.94,4.96,7029900.0
2018-01-29 13:24:46.796000,4.96,4.94,4.96,7029900.0
2018-01-29 13:24:50.204000,4.96,4.94,4.96,7029900.0
2018-01-29 13:24:53.391000,4.96,4.94,4.96,7029900.0
2018-01-29 13:24:56.576000,4.96,4.94,4.96,7029900.0
2018-01-29 13:24:59.754000,4.96,4.94,4.96,7029900.0
2018-01-29 13:25:03.254000,4.96,4.94,4.96,7029900.0
2018-01-29 13:25:06.470000,4.96,4.94,4.96,7029900.0
2018-01-29 13:25:09.485000,4.96,4.94,4.96,7029900.0
2018-01-29 13:25:12.616000,4.96,4.94,4.96,7029900.0
2018-01-29 13:25:15.873000,4.96,4.94,4.96,7029900.0
2018-01-29 13:25:18.769000,4.96,4.94,4.96,7029900.0
2018-01-29 13:25:21.731000,4.96,4.94,4.96,7029900.0
2018-01-29 13:25:24.833000,4.96,4.94,4.96,7029900.0
2018-01-29 13:25:28.130000,4.96,4.94,4.96,7029900.0
2018-01-29 13:25:31.209000,4.96,4.94,4.96,7029900.0
2018-01-29 13:25:34.020000,4.96,4.94,4.96,7029900.0
2018-01-29 13:25:37.227000,4.96,4.94,4.96,7029900.0
2018-01-29 13:25:40.210000,4.96,4.94,4.96,7029900.0
2018-01-29 13:25:43.563000,4.96,4.94,4.96,7029900.0
2018-01-29 13:25:46.397000,4.96,4.94,4.96,7029900.0
2018-01-29 13:25:49.533000,4.96,4.94,4.96,7029900.0
2018-01-29 13:25:52.403000,4.96,4.94,4.96,7029900.0
2018-01-29 13:25:55.571000,4.96,4.94,4.96,7029900.0
2018-01-29 13:25:58.677000,4.96,4.94,4.96,7029900.0
2018-01-29 13:26:01.748000,4.96,4.94,4.96,7029900.0
2018-01-29 13:26:05.974000,4.96,4.94,4.96,7029900.0
2018-01-29 13:26:09.067000,4.96,4.94,4.96,7029900.0
2018-01-29 13:26:12.693000,4.96,4.94,4.96,7029900.0
2018-01-29 13:26:15.693000,4.96,4.94,4.96,7029900.0
2018-01-29 13:26:19.111000,4.96,4.94,4.96,7029900.0
2018-01-29 13:26:22.453000,4.96,4.94,4.96,7029900.0
2018-01-29 13:26:25.637000,4.96,4.94,4.96,7029900.0
2018-01-29 13:26:28.693000,4.96,4.94,4.96,7029900.0
2018-01-29 13:26:32.016000,4.96,4.94,4.96,7029900.0
2018-01-29 13:26:35.085000,4.96,4.94,4.96,7029900.0
2018-01-29 13:26:38.143000,4.96,4.94,4.96,7029900.0
2018-01-29 13:26:41.162000,4.96,4.94,4.96,7029900.0
2018-01-29 13:26:44.269000,4.96,4.94,4.96,7029900.0
2018-01-29 13:26:47.420000,4.96,4.94,4.96,7029900.0
2018-01-29 13:26:50.571000,4.96,4.94,4.96,7029900.0
2018-01-29 13:26:53.641000,4.96,4.94,4.96,7029900.0
2018-01-29 13:26:56.621000,4.95,4.94,4.95,7037100.0
2018-01-29 13:26:59.772000,4.95,4.94,4.95,7037100.0
2018-01-29 13:27:02.659000,4.95,4.94,4.95,7037100.0
2018-01-29 13:27:05.591000,4.95,4.94,4.95,7037100.0
2018-01-29 13:27:08.680000,4.95,4.94,4.95,7037100.0
2018-01-29 13:27:12.124000,4.95,4.94,4.95,7037100.0
2018-01-29 13:27:15.037000,4.95,4.94,4.95,7037100.0
2018-01-29 13:27:17.756000,4.95,4.94,4.95,7037100.0
2018-01-29 13:27:21.072000,4.95,4.94,4.95,7037100.0
2018-01-29 13:27:23.945000,4.95,4.94,4.95,7037100.0
2018-01-29 13:27:27.001000,4.95,4.94,4.95,7037100.0
2018-01-29 13:27:29.883000,4.95,4.94,4.95,7037100.0
2018-01-29 13:27:32.820000,4.95,4.94,4.95,7037100.0
2018-01-29 13:27:35.679000,4.95,4.94,4.95,7037100.0
2018-01-29 13:27:38.695000,4.95,4.94,4.95,7037100.0
2018-01-29 13:27:41.771000,4.95,4.94,4.95,7037100.0
2018-01-29 13:27:44.856000,4.95,4.94,4.95,7037100.0
2018-01-29 13:27:47.911000,4.95,4.94,4.95,7037100.0
2018-01-29 13:27:50.911000,4.95,4.94,4.95,7037100.0
2018-01-29 13:27:54.039000,4.95,4.94,4.95,7037100.0
2018-01-29 13:27:57.016000,4.95,4.94,4.95,7037100.0
2018-01-29 13:28:00.445000,4.95,4.94,4.95,7037100.0
2018-01-29 13:28:03.485000,4.95,4.94,4.95,7037100.0
2018-01-29 13:28:06.762000,4.95,4.94,4.95,7037100.0
2018-01-29 13:28:09.919000,4.95,4.94,4.95,7037100.0
2018-01-29 13:28:13.020000,4.95,4.94,4.95,7037100.0
2018-01-29 13:28:15.955000,4.95,4.94,4.95,7037100.0
2018-01-29 13:28:19.052000,4.95,4.94,4.95,7037100.0
2018-01-29 13:28:21.794000,4.95,4.94,4.95,7037100.0
2018-01-29 13:28:24.659000,4.95,4.94,4.95,7037100.0
2018-01-29 13:28:27.548000,4.95,4.94,4.95,7037100.0
2018-01-29 13:28:30.841000,4.95,4.94,4.95,7037100.0
2018-01-29 13:28:33.776000,4.95,4.94,4.95,7037100.0
2018-01-29 13:28:36.721000,4.95,4.94,4.95,7037100.0
2018-01-29 13:28:39.730000,4.95,4.94,4.95,7037100.0
2018-01-29 13:28:42.567000,4.95,4.94,4.95,7037100.0
2018-01-29 13:28:45.910000,4.95,4.94,4.95,7037100.0
2018-01-29 13:28:48.832000,4.95,4.94,4.95,7037100.0
2018-01-29 13:28:52.051000,4.95,4.94,4.95,7037100.0
2018-01-29 13:28:55.206000,4.95,4.94,4.95,7037100.0
2018-01-29 13:28:58.145000,4.95,4.94,4.95,7037100.0
2018-01-29 13:29:01.167000,4.95,4.94,4.95,7037100.0
2018-01-29 13:29:04.299000,4.95,4.94,4.95,7037100.0
2018-01-29 13:29:07.300000,4.95,4.94,4.95,7037100.0
2018-01-29 13:29:10.306000,4.95,4.94,4.95,7037100.0
2018-01-29 13:29:13.450000,4.95,4.94,4.95,7037100.0
2018-01-29 13:29:16.606000,4.95,4.94,4.95,7037100.0
2018-01-29 13:29:19.715000,4.95,4.94,4.95,7037100.0
2018-01-29 13:29:22.691000,4.95,4.94,4.95,7037100.0
2018-01-29 13:29:25.732000,4.95,4.94,4.95,7037100.0
2018-01-29 13:29:28.823000,4.95,4.94,4.95,7037100.0
2018-01-29 13:29:31.921000,4.95,4.94,4.95,7037100.0
2018-01-29 13:29:34.956000,4.95,4.94,4.95,7037100.0
2018-01-29 13:29:38.005000,4.95,4.94,4.95,7037100.0
2018-01-29 13:29:41.013000,4.95,4.94,4.95,7037100.0
2018-01-29 13:29:43.961000,4.95,4.94,4.95,7037100.0
2018-01-29 13:29:47.098000,4.95,4.94,4.95,7037100.0
2018-01-29 13:29:50.455000,4.95,4.94,4.95,7037100.0
2018-01-29 13:29:53.521000,4.95,4.94,4.95,7037100.0
2018-01-29 13:29:56.839000,4.95,4.94,4.95,7037100.0
2018-01-29 13:29:59.760000,4.95,4.94,4.95,7037100.0
2018-01-29 13:30:02.870000,4.95,4.94,4.95,7037100.0
2018-01-29 13:30:05.986000,4.95,4.94,4.95,7037100.0
2018-01-29 13:30:09.047000,4.95,4.94,4.95,7037100.0
2018-01-29 13:30:12.091000,4.95,4.94,4.95,7037100.0
2018-01-29 13:30:15.273000,4.95,4.94,4.95,7037100.0
2018-01-29 13:30:19.400000,4.95,4.94,4.95,7037100.0
2018-01-29 13:30:22.489000,4.95,4.94,4.95,7037100.0
2018-01-29 13:30:25.764000,4.95,4.94,4.95,7037100.0
2018-01-29 13:30:28.723000,4.95,4.94,4.95,7037100.0
2018-01-29 13:30:31.654000,4.95,4.94,4.95,7037100.0
2018-01-29 13:30:34.732000,4.95,4.94,4.95,7040100.0
2018-01-29 13:30:37.645000,4.95,4.94,4.95,7040100.0
2018-01-29 13:30:40.785000,4.95,4.94,4.95,7040100.0
2018-01-29 13:30:45.339000,4.95,4.94,4.95,7040100.0
2018-01-29 13:30:48.370000,4.95,4.94,4.95,7040100.0
2018-01-29 13:30:51.296000,4.95,4.94,4.95,7040100.0
2018-01-29 13:30:54.375000,4.95,4.94,4.95,7040100.0
2018-01-29 13:30:57.317000,4.95,4.94,4.95,7040100.0
2018-01-29 13:31:00.419000,4.95,4.94,4.95,7040100.0
2018-01-29 13:31:03.589000,4.95,4.94,4.95,7040100.0
2018-01-29 13:31:06.493000,4.95,4.94,4.95,7040100.0
2018-01-29 13:31:09.666000,4.95,4.94,4.95,7040100.0
2018-01-29 13:31:12.584000,4.95,4.94,4.95,7040100.0
2018-01-29 13:31:15.667000,4.95,4.94,4.95,7040100.0
2018-01-29 13:31:18.853000,4.95,4.94,4.95,7040100.0
2018-01-29 13:31:21.923000,4.95,4.94,4.95,7040100.0
2018-01-29 13:31:24.915000,4.95,4.94,4.95,7040100.0
2018-01-29 13:31:28.155000,4.95,4.94,4.95,7040100.0
2018-01-29 13:31:31.199000,4.95,4.94,4.95,7040100.0
2018-01-29 13:31:34.373000,4.95,4.94,4.95,7040100.0
2018-01-29 13:31:37.335000,4.95,4.94,4.95,7040100.0
2018-01-29 13:31:40.325000,4.95,4.94,4.95,7040100.0
2018-01-29 13:31:43.351000,4.95,4.94,4.95,7040100.0
2018-01-29 13:31:46.350000,4.95,4.94,4.95,7040100.0
2018-01-29 13:31:49.276000,4.95,4.94,4.95,7040100.0
2018-01-29 13:31:52.225000,4.95,4.94,4.95,7040100.0
2018-01-29 13:31:55.275000,4.95,4.94,4.95,7040100.0
2018-01-29 13:31:59.555000,4.95,4.94,4.95,7040100.0
2018-01-29 13:32:02.506000,4.95,4.94,4.95,7040100.0
2018-01-29 13:32:05.655000,4.95,4.94,4.95,7040100.0
2018-01-29 13:32:08.525000,4.95,4.94,4.95,7040100.0
2018-01-29 13:32:11.760000,4.95,4.94,4.95,7040100.0
2018-01-29 13:32:14.806000,4.95,4.94,4.95,7040100.0
2018-01-29 13:32:17.856000,4.95,4.94,4.95,7040100.0
2018-01-29 13:32:20.919000,4.95,4.94,4.95,7040100.0
2018-01-29 13:32:24.014000,4.95,4.94,4.95,7040100.0
2018-01-29 13:32:27.011000,4.95,4.94,4.95,7040100.0
2018-01-29 13:32:30.044000,4.95,4.94,4.95,7040100.0
2018-01-29 13:32:33.294000,4.95,4.94,4.95,7040100.0
2018-01-29 13:32:36.264000,4.95,4.94,4.95,7040100.0
2018-01-29 13:32:39.269000,4.95,4.94,4.95,7040100.0
2018-01-29 13:32:42.304000,4.95,4.94,4.95,7040100.0
2018-01-29 13:32:45.267000,4.95,4.94,4.95,7040100.0
2018-01-29 13:32:48.512000,4.95,4.94,4.95,7040100.0
2018-01-29 13:32:51.276000,4.95,4.94,4.95,7040100.0
2018-01-29 13:32:54.398000,4.95,4.94,4.96,7060400.0
2018-01-29 13:32:57.309000,4.95,4.94,4.96,7060400.0
2018-01-29 13:33:00.200000,4.95,4.94,4.96,7060400.0
2018-01-29 13:33:02.948000,4.95,4.94,4.96,7060400.0
2018-01-29 13:33:06.078000,4.95,4.94,4.96,7060400.0
2018-01-29 13:33:09.358000,4.95,4.94,4.96,7060400.0
2018-01-29 13:33:12.586000,4.95,4.94,4.96,7060400.0
2018-01-29 13:33:15.584000,4.95,4.94,4.96,7060400.0
2018-01-29 13:33:18.535000,4.95,4.94,4.96,7060400.0
2018-01-29 13:33:21.800000,4.95,4.94,4.96,7060400.0
2018-01-29 13:33:24.668000,4.95,4.94,4.96,7060400.0
2018-01-29 13:33:27.743000,4.95,4.94,4.96,7060400.0
2018-01-29 13:33:30.685000,4.95,4.94,4.96,7060400.0
2018-01-29 13:33:33.860000,4.95,4.94,4.96,7060400.0
2018-01-29 13:33:36.919000,4.95,4.94,4.96,7060400.0
2018-01-29 13:33:39.950000,4.95,4.94,4.96,7060400.0
2018-01-29 13:33:42.918000,4.95,4.94,4.96,7060400.0
2018-01-29 13:33:45.925000,4.95,4.94,4.96,7060400.0
2018-01-29 13:33:48.969000,4.95,4.94,4.96,7060400.0
2018-01-29 13:33:52.062000,4.95,4.94,4.96,7060400.0
2018-01-29 13:33:54.923000,4.95,4.94,4.96,7060400.0
2018-01-29 13:33:57.941000,4.95,4.94,4.96,7060400.0
2018-01-29 13:34:00.996000,4.95,4.94,4.96,7060400.0
2018-01-29 13:34:04,4.95,4.94,4.96,7060400.0
2018-01-29 13:34:07.071000,4.95,4.94,4.95,7060400.0
2018-01-29 13:34:09.876000,4.95,4.94,4.95,7060400.0
2018-01-29 13:34:12.879000,4.95,4.94,4.95,7060400.0
2018-01-29 13:34:15.925000,4.95,4.94,4.95,7060400.0
2018-01-29 13:34:18.885000,4.95,4.94,4.95,7060400.0
2018-01-29 13:34:21.807000,4.95,4.94,4.95,7060400.0
2018-01-29 13:34:24.678000,4.95,4.94,4.95,7060400.0
2018-01-29 13:34:27.605000,4.95,4.94,4.95,7060400.0
2018-01-29 13:34:30.465000,4.95,4.94,4.95,7060400.0
2018-01-29 13:34:33.466000,4.95,4.94,4.95,7060400.0
2018-01-29 13:34:36.454000,4.95,4.94,4.95,7060400.0
2018-01-29 13:34:39.579000,4.95,4.94,4.95,7060400.0
2018-01-29 13:34:42.776000,4.95,4.94,4.95,7060400.0
2018-01-29 13:34:45.704000,4.95,4.94,4.95,7070400.0
2018-01-29 13:34:48.735000,4.95,4.94,4.95,7070400.0
2018-01-29 13:34:51.675000,4.95,4.94,4.95,7070400.0
2018-01-29 13:34:54.572000,4.95,4.94,4.95,7070400.0
2018-01-29 13:34:57.621000,4.95,4.94,4.95,7070400.0
2018-01-29 13:35:00.679000,4.95,4.94,4.95,7070400.0
2018-01-29 13:35:03.714000,4.95,4.94,4.95,7070400.0
2018-01-29 13:35:06.954000,4.95,4.94,4.95,7070400.0
2018-01-29 13:35:09.832000,4.95,4.94,4.95,7070400.0
2018-01-29 13:35:12.853000,4.95,4.94,4.95,7070400.0
2018-01-29 13:35:16.035000,4.95,4.94,4.95,7070400.0
2018-01-29 13:35:19.222000,4.95,4.94,4.95,7070400.0
2018-01-29 13:35:22.623000,4.95,4.94,4.95,7070400.0
2018-01-29 13:35:25.480000,4.95,4.94,4.95,7070400.0
2018-01-29 13:35:28.623000,4.95,4.94,4.95,7070400.0
2018-01-29 13:35:31.489000,4.95,4.94,4.96,7070400.0
2018-01-29 13:35:34.436000,4.95,4.94,4.96,7070400.0
2018-01-29 13:35:37.413000,4.95,4.94,4.96,7070400.0
2018-01-29 13:35:40.301000,4.95,4.94,4.96,7070400.0
2018-01-29 13:35:43.373000,4.95,4.94,4.96,7070400.0
2018-01-29 13:35:46.593000,4.95,4.94,4.96,7070400.0
2018-01-29 13:35:49.467000,4.95,4.94,4.96,7070400.0
2018-01-29 13:35:52.422000,4.95,4.94,4.96,7070400.0
2018-01-29 13:35:55.379000,4.95,4.94,4.96,7070400.0
2018-01-29 13:35:58.294000,4.95,4.94,4.96,7070400.0
2018-01-29 13:36:01.302000,4.95,4.94,4.96,7070400.0
2018-01-29 13:36:05.194000,4.95,4.94,4.96,7070400.0
2018-01-29 13:36:11.369000,4.95,4.94,4.96,7070400.0
2018-01-29 13:36:15.665000,4.95,4.94,4.96,7070400.0
2018-01-29 13:36:18.570000,4.95,4.94,4.96,7070400.0
2018-01-29 13:36:21.640000,4.95,4.94,4.96,7070400.0
2018-01-29 13:36:24.819000,4.95,4.94,4.96,7070400.0
2018-01-29 13:36:28.990000,4.95,4.94,4.96,7070400.0
2018-01-29 13:36:33.517000,4.95,4.94,4.96,7070400.0
2018-01-29 13:36:38.358000,4.95,4.94,4.96,7070400.0
2018-01-29 13:36:41.193000,4.95,4.94,4.96,7070400.0
2018-01-29 13:36:44.306000,4.95,4.94,4.96,7070400.0
2018-01-29 13:36:47.242000,4.95,4.94,4.96,7070400.0
2018-01-29 13:36:50.209000,4.95,4.94,4.96,7070400.0
2018-01-29 13:36:53.281000,4.95,4.94,4.96,7070400.0
2018-01-29 13:37:00.867000,4.95,4.94,4.96,7070400.0
2018-01-29 13:37:04.643000,4.95,4.94,4.95,7075400.0
2018-01-29 13:37:14.328000,4.95,4.94,4.95,7075400.0
2018-01-29 13:37:19.936000,4.95,4.94,4.95,7075400.0
2018-01-29 13:37:25.976000,4.95,4.94,4.95,7075400.0
2018-01-29 13:37:29.621000,4.95,4.94,4.95,7075400.0
2018-01-29 13:37:32.632000,4.95,4.94,4.95,7075400.0
2018-01-29 13:37:35.565000,4.95,4.94,4.95,7075400.0
2018-01-29 13:37:38.977000,4.95,4.94,4.95,7075400.0
2018-01-29 13:37:42.048000,4.95,4.94,4.95,7075400.0
2018-01-29 13:37:44.817000,4.95,4.94,4.95,7075400.0
2018-01-29 13:37:47.670000,4.95,4.94,4.95,7075400.0
2018-01-29 13:37:50.567000,4.95,4.94,4.95,7075400.0
2018-01-29 13:37:53.328000,4.95,4.94,4.95,7075400.0
2018-01-29 13:37:56.145000,4.95,4.94,4.95,7075400.0
2018-01-29 13:37:59.181000,4.95,4.94,4.95,7075400.0
2018-01-29 13:38:02.026000,4.95,4.94,4.95,7075400.0
2018-01-29 13:38:04.912000,4.95,4.94,4.95,7075400.0
2018-01-29 13:38:07.813000,4.95,4.94,4.95,7075400.0
2018-01-29 13:38:10.960000,4.95,4.94,4.95,7075400.0
2018-01-29 13:38:13.789000,4.95,4.94,4.96,7085400.0
2018-01-29 13:38:16.829000,4.95,4.94,4.96,7085400.0
2018-01-29 13:38:19.860000,4.95,4.94,4.96,7085400.0
2018-01-29 13:38:22.875000,4.95,4.94,4.96,7085400.0
2018-01-29 13:38:25.628000,4.95,4.94,4.96,7085400.0
2018-01-29 13:38:28.517000,4.95,4.94,4.96,7085400.0
2018-01-29 13:38:31.401000,4.95,4.94,4.96,7085400.0
2018-01-29 13:38:34.440000,4.95,4.94,4.96,7085400.0
2018-01-29 13:38:37.278000,4.95,4.94,4.96,7085400.0
2018-01-29 13:38:40.223000,4.95,4.94,4.96,7085400.0
2018-01-29 13:38:43.140000,4.95,4.94,4.96,7085400.0
2018-01-29 13:38:45.991000,4.95,4.94,4.96,7085400.0
2018-01-29 13:38:48.922000,4.95,4.94,4.96,7085400.0
2018-01-29 13:38:51.807000,4.95,4.94,4.96,7085400.0
2018-01-29 13:38:54.704000,4.95,4.94,4.96,7085400.0
2018-01-29 13:38:57.747000,4.95,4.94,4.96,7085400.0
2018-01-29 13:39:00.694000,4.95,4.94,4.96,7085400.0
2018-01-29 13:39:03.423000,4.95,4.94,4.96,7085400.0
2018-01-29 13:39:06.445000,4.95,4.94,4.96,7085400.0
2018-01-29 13:39:09.320000,4.95,4.94,4.96,7085400.0
2018-01-29 13:39:12.299000,4.95,4.94,4.96,7085400.0
2018-01-29 13:39:15.191000,4.95,4.94,4.96,7085400.0
2018-01-29 13:39:17.922000,4.95,4.94,4.96,7085400.0
2018-01-29 13:39:20.697000,4.95,4.94,4.96,7085400.0
2018-01-29 13:39:23.517000,4.95,4.94,4.96,7085400.0
2018-01-29 13:39:26.373000,4.95,4.94,4.96,7085400.0
2018-01-29 13:39:29.190000,4.95,4.94,4.96,7085400.0
2018-01-29 13:39:32.120000,4.95,4.94,4.96,7085400.0
2018-01-29 13:39:35.013000,4.95,4.94,4.96,7085400.0
2018-01-29 13:39:38.011000,4.95,4.94,4.96,7085400.0
2018-01-29 13:39:40.908000,4.95,4.94,4.96,7085400.0
2018-01-29 13:39:43.893000,4.95,4.94,4.96,7085400.0
2018-01-29 13:39:46.622000,4.95,4.94,4.96,7085400.0
2018-01-29 13:39:49.422000,4.95,4.94,4.96,7085400.0
2018-01-29 13:39:52.590000,4.95,4.94,4.96,7085400.0
2018-01-29 13:39:55.542000,4.95,4.94,4.96,7085400.0
2018-01-29 13:39:58.565000,4.95,4.94,4.96,7085400.0
2018-01-29 13:40:01.362000,4.95,4.94,4.96,7085400.0
2018-01-29 13:40:04.255000,4.95,4.94,4.96,7085400.0
2018-01-29 13:40:07.390000,4.95,4.94,4.96,7085400.0
2018-01-29 13:40:10.481000,4.95,4.95,4.96,7095400.0
2018-01-29 13:40:13.564000,4.95,4.95,4.96,7095400.0
2018-01-29 13:40:16.255000,4.95,4.95,4.96,7095400.0
2018-01-29 13:40:19.113000,4.95,4.95,4.96,7095400.0
2018-01-29 13:40:22.062000,4.95,4.94,4.95,7095400.0
2018-01-29 13:40:25.103000,4.95,4.94,4.95,7095400.0
2018-01-29 13:40:28.036000,4.95,4.94,4.95,7095400.0
2018-01-29 13:40:30.885000,4.95,4.94,4.95,7095400.0
2018-01-29 13:40:33.919000,4.95,4.94,4.95,7095400.0
2018-01-29 13:40:36.816000,4.95,4.94,4.95,7095400.0
2018-01-29 13:40:39.691000,4.95,4.94,4.95,7095400.0
2018-01-29 13:40:42.632000,4.95,4.94,4.95,7095400.0
2018-01-29 13:40:45.584000,4.95,4.94,4.95,7095400.0
2018-01-29 13:40:48.410000,4.95,4.94,4.95,7095400.0
2018-01-29 13:40:51.276000,4.95,4.94,4.95,7095400.0
2018-01-29 13:40:54.194000,4.95,4.94,4.95,7095400.0
2018-01-29 13:40:57.073000,4.95,4.94,4.95,7095400.0
2018-01-29 13:41:00.104000,4.95,4.94,4.95,7095400.0
2018-01-29 13:41:03.098000,4.95,4.94,4.95,7095400.0
2018-01-29 13:41:06.058000,4.95,4.94,4.95,7095400.0
2018-01-29 13:41:08.865000,4.95,4.94,4.95,7095400.0
2018-01-29 13:41:11.683000,4.95,4.94,4.95,7095400.0
2018-01-29 13:41:14.514000,4.95,4.94,4.95,7095400.0
2018-01-29 13:41:17.330000,4.95,4.94,4.95,7095400.0
2018-01-29 13:41:20.242000,4.95,4.94,4.95,7095400.0
2018-01-29 13:41:23.004000,4.95,4.94,4.95,7095400.0
2018-01-29 13:41:25.984000,4.95,4.94,4.95,7095400.0
2018-01-29 13:41:28.802000,4.95,4.94,4.95,7095400.0
2018-01-29 13:41:31.640000,4.95,4.94,4.95,7095400.0
2018-01-29 13:41:34.616000,4.95,4.94,4.95,7095400.0
2018-01-29 13:41:37.624000,4.95,4.94,4.95,7095400.0
2018-01-29 13:41:40.505000,4.95,4.94,4.95,7095400.0
2018-01-29 13:41:43.350000,4.95,4.94,4.95,7095400.0
2018-01-29 13:41:46.306000,4.95,4.94,4.95,7095400.0
2018-01-29 13:41:49.103000,4.95,4.94,4.95,7095400.0
2018-01-29 13:41:51.947000,4.95,4.94,4.95,7095400.0
2018-01-29 13:41:54.974000,4.95,4.94,4.95,7095400.0
2018-01-29 13:41:57.949000,4.95,4.94,4.95,7095400.0
2018-01-29 13:42:00.887000,4.95,4.94,4.95,7095400.0
2018-01-29 13:42:04.631000,4.95,4.94,4.95,7095400.0
2018-01-29 13:42:07.712000,4.95,4.94,4.95,7095400.0
2018-01-29 13:42:10.543000,4.95,4.94,4.95,7095400.0
2018-01-29 13:42:13.412000,4.95,4.94,4.95,7095400.0
2018-01-29 13:42:16.313000,4.95,4.94,4.95,7095400.0
2018-01-29 13:42:19.156000,4.95,4.94,4.95,7095400.0
2018-01-29 13:42:22.121000,4.95,4.94,4.95,7095400.0
2018-01-29 13:42:24.933000,4.95,4.94,4.95,7095400.0
2018-01-29 13:42:27.840000,4.95,4.94,4.95,7095400.0
2018-01-29 13:42:30.685000,4.95,4.94,4.95,7095400.0
2018-01-29 13:42:33.521000,4.95,4.94,4.95,7095400.0
2018-01-29 13:42:36.419000,4.95,4.94,4.95,7095400.0
2018-01-29 13:42:39.122000,4.95,4.94,4.95,7095400.0
2018-01-29 13:42:42.020000,4.95,4.94,4.95,7095400.0
2018-01-29 13:42:44.872000,4.95,4.94,4.95,7095400.0
2018-01-29 13:42:47.784000,4.95,4.94,4.95,7095400.0
2018-01-29 13:42:50.596000,4.95,4.94,4.95,7095400.0
2018-01-29 13:42:53.258000,4.95,4.94,4.95,7095400.0
2018-01-29 13:42:56.239000,4.95,4.94,4.95,7095400.0
2018-01-29 13:42:59.071000,4.95,4.94,4.95,7095400.0
2018-01-29 13:43:01.794000,4.95,4.95,4.96,7095900.0
2018-01-29 13:43:04.605000,4.95,4.95,4.96,7095900.0
2018-01-29 13:43:07.554000,4.95,4.95,4.96,7095900.0
2018-01-29 13:43:10.235000,4.95,4.95,4.96,7095900.0
2018-01-29 13:43:13.074000,4.95,4.95,4.96,7095900.0
2018-01-29 13:43:15.894000,4.95,4.95,4.96,7095900.0
2018-01-29 13:43:18.633000,4.95,4.95,4.96,7095900.0
2018-01-29 13:43:21.687000,4.95,4.95,4.96,7095900.0
2018-01-29 13:43:24.558000,4.95,4.95,4.96,7095900.0
2018-01-29 13:43:27.499000,4.95,4.95,4.96,7095900.0
2018-01-29 13:43:30.311000,4.95,4.95,4.96,7095900.0
2018-01-29 13:43:33.430000,4.95,4.95,4.96,7095900.0
2018-01-29 13:43:36.361000,4.95,4.94,4.96,7148400.0
2018-01-29 13:43:39.221000,4.95,4.94,4.96,7148400.0
2018-01-29 13:43:42.190000,4.95,4.94,4.96,7148400.0
2018-01-29 13:43:45.043000,4.95,4.94,4.96,7148400.0
2018-01-29 13:43:48.113000,4.95,4.94,4.96,7148400.0
2018-01-29 13:43:51.015000,4.95,4.94,4.96,7148400.0
2018-01-29 13:43:53.921000,4.95,4.94,4.96,7148400.0
2018-01-29 13:43:56.721000,4.95,4.94,4.96,7148400.0
2018-01-29 13:43:59.456000,4.95,4.94,4.96,7148400.0
2018-01-29 13:44:02.392000,4.95,4.94,4.96,7148400.0
2018-01-29 13:44:05.316000,4.95,4.94,4.96,7148400.0
2018-01-29 13:44:08.017000,4.95,4.94,4.96,7148400.0
2018-01-29 13:44:10.910000,4.95,4.94,4.96,7148400.0
2018-01-29 13:44:13.754000,4.95,4.94,4.96,7148400.0
2018-01-29 13:44:16.639000,4.95,4.94,4.96,7148400.0
2018-01-29 13:44:19.526000,4.95,4.94,4.96,7148400.0
2018-01-29 13:44:22.311000,4.95,4.94,4.96,7148400.0
2018-01-29 13:44:25.160000,4.95,4.94,4.96,7148400.0
2018-01-29 13:44:28.125000,4.95,4.94,4.96,7148400.0
2018-01-29 13:44:31.042000,4.95,4.94,4.96,7148400.0
2018-01-29 13:44:33.931000,4.95,4.94,4.96,7148400.0
2018-01-29 13:44:36.857000,4.95,4.94,4.96,7148400.0
2018-01-29 13:44:39.660000,4.95,4.94,4.96,7148400.0
2018-01-29 13:44:42.540000,4.95,4.94,4.96,7148400.0
2018-01-29 13:44:45.403000,4.95,4.94,4.96,7148400.0
2018-01-29 13:44:48.456000,4.95,4.94,4.96,7148400.0
2018-01-29 13:44:51.298000,4.95,4.94,4.96,7148400.0
2018-01-29 13:44:54.297000,4.95,4.94,4.96,7148400.0
2018-01-29 13:44:57.147000,4.95,4.94,4.96,7148400.0
2018-01-29 13:45:00.254000,4.95,4.94,4.96,7148400.0
2018-01-29 13:45:03.510000,4.95,4.94,4.96,7148400.0
2018-01-29 13:45:06.392000,4.95,4.94,4.96,7148400.0
2018-01-29 13:45:09.594000,4.95,4.94,4.96,7148400.0
2018-01-29 13:45:12.617000,4.95,4.94,4.96,7148400.0
2018-01-29 13:45:15.485000,4.95,4.94,4.96,7148400.0
2018-01-29 13:45:18.210000,4.95,4.94,4.96,7148400.0
2018-01-29 13:45:21.109000,4.95,4.94,4.96,7148400.0
2018-01-29 13:45:23.997000,4.95,4.94,4.96,7148400.0
2018-01-29 13:45:26.981000,4.95,4.94,4.96,7148400.0
2018-01-29 13:45:29.827000,4.95,4.94,4.96,7148400.0
2018-01-29 13:45:32.831000,4.95,4.94,4.96,7148400.0
2018-01-29 13:45:35.755000,4.95,4.94,4.96,7148400.0
2018-01-29 13:45:38.607000,4.95,4.94,4.96,7148400.0
2018-01-29 13:45:41.511000,4.95,4.94,4.96,7148400.0
2018-01-29 13:45:44.425000,4.95,4.94,4.96,7148400.0
2018-01-29 13:45:47.815000,4.95,4.94,4.96,7148400.0
2018-01-29 13:45:50.836000,4.95,4.94,4.96,7148400.0
2018-01-29 13:45:53.637000,4.95,4.94,4.96,7148400.0
2018-01-29 13:45:56.892000,4.95,4.94,4.96,7148400.0
2018-01-29 13:46:00.080000,4.95,4.94,4.96,7148400.0
2018-01-29 13:46:03.069000,4.95,4.94,4.96,7148400.0
2018-01-29 13:46:06.291000,4.95,4.94,4.96,7148400.0
2018-01-29 13:46:09.362000,4.95,4.94,4.96,7148400.0
2018-01-29 13:46:12.502000,4.96,4.95,4.96,7187400.0
2018-01-29 13:46:15.475000,4.96,4.95,4.96,7187400.0
2018-01-29 13:46:18.253000,4.96,4.95,4.96,7187400.0
2018-01-29 13:46:21.041000,4.96,4.95,4.96,7187400.0
2018-01-29 13:46:23.913000,4.96,4.95,4.96,7187400.0
2018-01-29 13:46:26.602000,4.96,4.95,4.96,7187400.0
2018-01-29 13:46:29.638000,4.96,4.95,4.96,7187400.0
2018-01-29 13:46:32.506000,4.96,4.95,4.96,7187400.0
2018-01-29 13:46:35.576000,4.96,4.95,4.96,7187400.0
2018-01-29 13:46:38.567000,4.96,4.95,4.96,7187400.0
2018-01-29 13:46:41.645000,4.96,4.95,4.96,7187400.0
2018-01-29 13:46:44.483000,4.96,4.95,4.96,7187400.0
2018-01-29 13:46:48.418000,4.96,4.95,4.96,7187400.0
2018-01-29 13:46:51.360000,4.96,4.95,4.96,7187400.0
2018-01-29 13:46:54.563000,4.96,4.95,4.96,7187400.0
2018-01-29 13:46:57.566000,4.96,4.95,4.96,7187400.0
2018-01-29 13:47:00.502000,4.96,4.95,4.96,7187400.0
2018-01-29 13:47:03.715000,4.96,4.95,4.96,7187400.0
2018-01-29 13:47:06.552000,4.96,4.95,4.96,7187400.0
2018-01-29 13:47:09.344000,4.96,4.95,4.96,7187400.0
2018-01-29 13:47:12.438000,4.96,4.95,4.96,7262400.0
2018-01-29 13:47:15.316000,4.96,4.95,4.96,7262400.0
2018-01-29 13:47:18.241000,4.96,4.95,4.96,7262400.0
2018-01-29 13:47:21.121000,4.96,4.95,4.96,7262400.0
2018-01-29 13:47:24.126000,4.96,4.95,4.96,7262400.0
2018-01-29 13:47:27.024000,4.96,4.95,4.96,7262400.0
2018-01-29 13:47:29.958000,4.96,4.95,4.96,7262400.0
2018-01-29 13:47:33.083000,4.96,4.95,4.96,7262400.0
2018-01-29 13:47:35.927000,4.96,4.95,4.96,7262400.0
2018-01-29 13:47:38.997000,4.96,4.95,4.96,7262400.0
2018-01-29 13:47:41.919000,4.96,4.95,4.96,7262400.0
2018-01-29 13:47:44.779000,4.96,4.95,4.96,7262400.0
2018-01-29 13:47:47.821000,4.96,4.95,4.96,7262400.0
2018-01-29 13:47:50.802000,4.96,4.95,4.96,7262400.0
2018-01-29 13:47:53.650000,4.96,4.95,4.96,7262400.0
2018-01-29 13:47:56.653000,4.96,4.95,4.96,7262400.0
2018-01-29 13:48:00.068000,4.96,4.95,4.96,7262400.0
2018-01-29 13:48:03.036000,4.96,4.95,4.96,7262400.0
2018-01-29 13:48:06.029000,4.96,4.95,4.96,7262400.0
2018-01-29 13:48:08.984000,4.96,4.95,4.96,7262400.0
2018-01-29 13:48:12.037000,4.96,4.95,4.96,7262400.0
2018-01-29 13:48:14.959000,4.96,4.95,4.96,7262400.0
2018-01-29 13:48:17.803000,4.96,4.95,4.96,7262400.0
2018-01-29 13:48:20.694000,4.96,4.95,4.96,7262400.0
2018-01-29 13:48:23.723000,4.96,4.95,4.96,7262400.0
2018-01-29 13:48:26.726000,4.96,4.95,4.96,7262400.0
2018-01-29 13:48:29.641000,4.96,4.95,4.96,7262400.0
2018-01-29 13:48:32.756000,4.96,4.95,4.96,7262400.0
2018-01-29 13:48:35.630000,4.96,4.95,4.96,7262400.0
2018-01-29 13:48:38.448000,4.96,4.95,4.96,7262400.0
2018-01-29 13:48:41.668000,4.96,4.95,4.96,7262400.0
2018-01-29 13:48:45.015000,4.96,4.95,4.96,7262400.0
2018-01-29 13:48:48.023000,4.96,4.95,4.96,7262400.0
2018-01-29 13:48:51.026000,4.96,4.95,4.96,7262400.0
2018-01-29 13:48:54.063000,4.96,4.95,4.96,7262400.0
2018-01-29 13:48:57.054000,4.96,4.95,4.96,7262400.0
2018-01-29 13:48:59.944000,4.96,4.95,4.96,7294400.0
2018-01-29 13:49:03.023000,4.96,4.95,4.96,7294400.0
2018-01-29 13:49:05.960000,4.96,4.95,4.96,7294400.0
2018-01-29 13:49:09.002000,4.96,4.95,4.96,7294400.0
2018-01-29 13:49:12.034000,4.96,4.95,4.96,7294400.0
2018-01-29 13:49:15.061000,4.96,4.95,4.96,7294400.0
2018-01-29 13:49:17.949000,4.96,4.95,4.96,7294400.0
2018-01-29 13:49:20.854000,4.96,4.95,4.96,7294400.0
2018-01-29 13:49:23.844000,4.96,4.95,4.96,7294400.0
2018-01-29 13:49:26.874000,4.96,4.95,4.96,7294400.0
2018-01-29 13:49:30.115000,4.96,4.95,4.96,7294400.0
2018-01-29 13:49:33.043000,4.96,4.95,4.96,7294400.0
2018-01-29 13:49:35.898000,4.96,4.95,4.96,7294400.0
2018-01-29 13:49:38.891000,4.96,4.95,4.96,7294400.0
2018-01-29 13:49:41.883000,4.96,4.95,4.96,7294400.0
2018-01-29 13:49:44.820000,4.96,4.95,4.96,7294400.0
2018-01-29 13:49:48.024000,4.96,4.95,4.96,7294400.0
2018-01-29 13:49:50.993000,4.96,4.95,4.97,7294400.0
2018-01-29 13:49:54.097000,4.96,4.95,4.97,7294400.0
2018-01-29 13:49:57.127000,4.96,4.96,4.97,7294400.0
2018-01-29 13:50:00.055000,4.96,4.96,4.97,7294400.0
2018-01-29 13:50:03.212000,4.96,4.96,4.97,7294400.0
2018-01-29 13:50:06.668000,4.96,4.96,4.97,7294400.0
2018-01-29 13:50:09.580000,4.96,4.96,4.97,7294400.0
2018-01-29 13:50:12.446000,4.96,4.96,4.97,7294400.0
2018-01-29 13:50:15.482000,4.96,4.96,4.97,7294400.0
2018-01-29 13:50:18.432000,4.96,4.96,4.97,7294400.0
2018-01-29 13:50:21.462000,4.96,4.96,4.97,7294400.0
2018-01-29 13:50:24.424000,4.96,4.96,4.97,7294400.0
2018-01-29 13:50:27.415000,4.96,4.96,4.97,7294400.0
2018-01-29 13:50:30.353000,4.96,4.96,4.97,7294400.0
2018-01-29 13:50:33.274000,4.96,4.96,4.97,7294400.0
2018-01-29 13:50:36.289000,4.96,4.96,4.97,7294400.0
2018-01-29 13:50:39.301000,4.96,4.96,4.97,7294400.0
2018-01-29 13:50:42.182000,4.96,4.96,4.97,7294400.0
2018-01-29 13:50:45.698000,4.96,4.96,4.97,7294400.0
2018-01-29 13:50:48.675000,4.96,4.95,4.97,7324400.0
2018-01-29 13:50:51.887000,4.96,4.95,4.97,7324400.0
2018-01-29 13:50:54.896000,4.96,4.95,4.97,7324400.0
2018-01-29 13:50:57.882000,4.96,4.95,4.97,7324400.0
2018-01-29 13:51:00.852000,4.96,4.95,4.97,7324400.0
2018-01-29 13:51:03.839000,4.96,4.95,4.97,7324400.0
2018-01-29 13:51:06.844000,4.96,4.95,4.96,7324400.0
2018-01-29 13:51:09.879000,4.96,4.95,4.96,7324400.0
2018-01-29 13:51:13.453000,4.96,4.95,4.96,7324400.0
2018-01-29 13:51:16.442000,4.96,4.95,4.96,7324400.0
2018-01-29 13:51:19.581000,4.96,4.95,4.96,7324400.0
2018-01-29 13:51:22.358000,4.96,4.95,4.96,7324400.0
2018-01-29 13:51:25.463000,4.96,4.95,4.96,7324400.0
2018-01-29 13:51:28.405000,4.96,4.95,4.96,7324400.0
2018-01-29 13:51:31.630000,4.96,4.95,4.96,7324400.0
2018-01-29 13:51:34.709000,4.96,4.95,4.96,7324400.0
2018-01-29 13:51:37.771000,4.96,4.95,4.96,7324400.0
2018-01-29 13:51:40.743000,4.96,4.95,4.96,7324400.0
2018-01-29 13:51:43.802000,4.96,4.95,4.96,7324400.0
2018-01-29 13:51:46.780000,4.96,4.95,4.96,7324400.0
2018-01-29 13:51:49.911000,4.96,4.95,4.96,7324400.0
2018-01-29 13:51:52.796000,4.96,4.95,4.96,7324400.0
2018-01-29 13:51:55.663000,4.96,4.95,4.96,7324400.0
2018-01-29 13:51:58.744000,4.96,4.95,4.96,7324400.0
2018-01-29 13:52:01.713000,4.96,4.95,4.96,7324400.0
2018-01-29 13:52:04.723000,4.96,4.95,4.96,7324400.0
2018-01-29 13:52:07.735000,4.96,4.95,4.96,7324400.0
2018-01-29 13:52:10.545000,4.96,4.95,4.96,7324400.0
2018-01-29 13:52:13.736000,4.96,4.95,4.96,7324400.0
2018-01-29 13:52:16.894000,4.96,4.95,4.96,7324400.0
2018-01-29 13:52:19.975000,4.96,4.95,4.97,7324400.0
2018-01-29 13:52:22.950000,4.96,4.95,4.97,7324400.0
2018-01-29 13:52:26.036000,4.96,4.95,4.97,7324400.0
2018-01-29 13:52:29.177000,4.96,4.95,4.97,7324400.0
2018-01-29 13:52:32.074000,4.96,4.95,4.97,7324400.0
2018-01-29 13:52:34.938000,4.96,4.95,4.97,7324400.0
2018-01-29 13:52:37.817000,4.96,4.95,4.97,7324400.0
2018-01-29 13:52:40.601000,4.96,4.95,4.97,7324400.0
2018-01-29 13:52:43.533000,4.96,4.95,4.97,7324400.0
2018-01-29 13:52:46.381000,4.96,4.95,4.97,7324400.0
2018-01-29 13:52:49.523000,4.96,4.95,4.97,7324400.0
2018-01-29 13:52:52.654000,4.96,4.95,4.97,7324400.0
2018-01-29 13:52:55.572000,4.96,4.95,4.97,7324400.0
2018-01-29 13:52:58.407000,4.96,4.95,4.97,7324400.0
2018-01-29 13:53:01.391000,4.96,4.95,4.97,7324400.0
2018-01-29 13:53:04.384000,4.96,4.96,4.97,7324800.0
2018-01-29 13:53:07.404000,4.96,4.96,4.97,7324800.0
2018-01-29 13:53:10.416000,4.96,4.96,4.97,7324800.0
2018-01-29 13:53:13.316000,4.96,4.96,4.97,7324800.0
2018-01-29 13:53:16.021000,4.96,4.96,4.97,7324800.0
2018-01-29 13:53:18.733000,4.96,4.96,4.97,7324800.0
2018-01-29 13:53:21.623000,4.96,4.96,4.97,7324800.0
2018-01-29 13:53:24.445000,4.96,4.96,4.97,7324800.0
2018-01-29 13:53:27.373000,4.96,4.96,4.97,7324800.0
2018-01-29 13:53:30.374000,4.96,4.96,4.97,7324800.0
2018-01-29 13:53:33.702000,4.96,4.96,4.97,7324800.0
2018-01-29 13:53:36.680000,4.96,4.96,4.97,7324800.0
2018-01-29 13:53:39.508000,4.96,4.96,4.97,7324800.0
2018-01-29 13:53:42.360000,4.96,4.96,4.97,7324800.0
2018-01-29 13:53:45.219000,4.96,4.96,4.97,7324800.0
2018-01-29 13:53:48.785000,4.96,4.96,4.97,7324800.0
2018-01-29 13:53:51.635000,4.96,4.96,4.97,7324800.0
2018-01-29 13:53:54.509000,4.96,4.96,4.97,7324800.0
2018-01-29 13:53:57.534000,4.96,4.96,4.97,7324800.0
2018-01-29 13:54:00.575000,4.96,4.96,4.97,7324800.0
2018-01-29 13:54:03.748000,4.96,4.96,4.97,7324800.0
2018-01-29 13:54:06.745000,4.96,4.96,4.97,7324800.0
2018-01-29 13:54:09.728000,4.96,4.96,4.97,7324800.0
2018-01-29 13:54:12.755000,4.96,4.96,4.97,7324800.0
2018-01-29 13:54:15.823000,4.96,4.96,4.97,7324800.0
2018-01-29 13:54:18.655000,4.96,4.96,4.97,7324800.0
2018-01-29 13:54:21.405000,4.96,4.96,4.97,7324800.0
2018-01-29 13:54:24.573000,4.96,4.96,4.97,7324800.0
2018-01-29 13:54:27.548000,4.96,4.96,4.97,7324800.0
2018-01-29 13:54:30.841000,4.96,4.96,4.97,7324800.0
2018-01-29 13:54:33.691000,4.96,4.96,4.97,7324800.0
2018-01-29 13:54:36.660000,4.96,4.96,4.97,7324800.0
2018-01-29 13:54:39.621000,4.96,4.96,4.97,7324800.0
2018-01-29 13:54:42.648000,4.96,4.96,4.97,7324800.0
2018-01-29 13:54:45.621000,4.96,4.96,4.97,7324800.0
2018-01-29 13:54:48.702000,4.96,4.96,4.97,7324800.0
2018-01-29 13:54:51.625000,4.96,4.96,4.97,7324800.0
2018-01-29 13:54:54.558000,4.96,4.96,4.97,7324800.0
2018-01-29 13:54:57.720000,4.96,4.96,4.97,7324800.0
2018-01-29 13:55:00.683000,4.96,4.96,4.97,7324800.0
2018-01-29 13:55:03.272000,4.96,4.96,4.97,7324800.0
2018-01-29 13:55:06.153000,4.97,4.96,4.97,7331800.0
2018-01-29 13:55:09.083000,4.97,4.96,4.97,7331800.0
2018-01-29 13:55:11.985000,4.97,4.96,4.97,7331800.0
2018-01-29 13:55:14.844000,4.97,4.96,4.97,7331800.0
2018-01-29 13:55:17.897000,4.97,4.96,4.97,7331800.0
2018-01-29 13:55:20.860000,4.97,4.96,4.97,7331800.0
2018-01-29 13:55:23.693000,4.97,4.96,4.97,7331800.0
2018-01-29 13:55:26.685000,4.97,4.96,4.97,7331800.0
2018-01-29 13:55:29.589000,4.97,4.96,4.97,7331800.0
2018-01-29 13:55:32.667000,4.97,4.96,4.97,7331800.0
2018-01-29 13:55:35.531000,4.97,4.96,4.97,7331800.0
2018-01-29 13:55:38.510000,4.97,4.96,4.97,7331800.0
2018-01-29 13:55:41.531000,4.97,4.96,4.97,7331800.0
2018-01-29 13:55:44.450000,4.97,4.96,4.97,7331800.0
2018-01-29 13:55:47.443000,4.97,4.96,4.97,7331800.0
2018-01-29 13:55:50.483000,4.97,4.96,4.97,7331800.0
2018-01-29 13:55:53.490000,4.97,4.96,4.97,7331800.0
2018-01-29 13:55:56.408000,4.97,4.96,4.97,7331800.0
2018-01-29 13:55:59.313000,4.97,4.96,4.97,7331800.0
2018-01-29 13:56:02.333000,4.97,4.96,4.97,7331800.0
2018-01-29 13:56:05.422000,4.97,4.96,4.97,7331800.0
2018-01-29 13:56:08.600000,4.97,4.96,4.97,7331800.0
2018-01-29 13:56:11.469000,4.97,4.96,4.97,7331800.0
2018-01-29 13:56:14.467000,4.97,4.96,4.97,7331800.0
2018-01-29 13:56:17.450000,4.97,4.96,4.97,7331800.0
2018-01-29 13:56:20.296000,4.97,4.96,4.97,7331800.0
2018-01-29 13:56:23.209000,4.97,4.96,4.97,7526300.0
2018-01-29 13:56:26.101000,4.97,4.96,4.97,7526300.0
2018-01-29 13:56:29.212000,4.97,4.96,4.97,7526300.0
2018-01-29 13:56:32.169000,4.97,4.96,4.97,7526300.0
2018-01-29 13:56:35.117000,4.97,4.96,4.97,7526300.0
2018-01-29 13:56:38.226000,4.97,4.96,4.97,7526300.0
2018-01-29 13:56:40.932000,4.97,4.96,4.97,7526300.0
2018-01-29 13:56:43.873000,4.97,4.96,4.97,7526300.0
2018-01-29 13:56:46.907000,4.97,4.96,4.97,7526300.0
2018-01-29 13:56:49.830000,4.97,4.96,4.97,7526300.0
2018-01-29 13:56:52.732000,4.97,4.96,4.97,7526300.0
2018-01-29 13:56:55.733000,4.97,4.96,4.97,7526300.0
2018-01-29 13:56:58.804000,4.97,4.96,4.97,7526300.0
2018-01-29 13:57:01.858000,4.97,4.96,4.97,7526300.0
2018-01-29 13:57:04.718000,4.97,4.96,4.97,7526300.0
2018-01-29 13:57:07.607000,4.97,4.96,4.97,7526300.0
2018-01-29 13:57:10.358000,4.97,4.96,4.97,7526300.0
2018-01-29 13:57:13.329000,4.97,4.96,4.97,7526300.0
2018-01-29 13:57:16.179000,4.97,4.96,4.97,7526300.0
2018-01-29 13:57:19.043000,4.97,4.96,4.97,7526300.0
2018-01-29 13:57:22.056000,4.97,4.96,4.97,7526300.0
2018-01-29 13:57:24.781000,4.97,4.96,4.97,7526300.0
2018-01-29 13:57:27.617000,4.97,4.96,4.97,7526300.0
2018-01-29 13:57:30.349000,4.97,4.96,4.97,7526300.0
2018-01-29 13:57:33.317000,4.97,4.96,4.97,7526300.0
2018-01-29 13:57:36.320000,4.97,4.96,4.97,7526300.0
2018-01-29 13:57:39.230000,4.97,4.96,4.97,7526300.0
2018-01-29 13:57:42.168000,4.97,4.96,4.97,7526300.0
2018-01-29 13:57:45.130000,4.97,4.96,4.97,7526300.0
2018-01-29 13:57:48.536000,4.97,4.96,4.97,7526300.0
2018-01-29 13:57:56.713000,4.97,4.96,4.97,7526300.0
2018-01-29 13:57:59.758000,4.97,4.96,4.97,7526300.0
2018-01-29 13:58:02.887000,4.97,4.96,4.97,7526300.0
2018-01-29 13:58:06.088000,4.97,4.96,4.97,7526300.0
2018-01-29 13:58:12.238000,4.97,4.96,4.97,7526300.0
2018-01-29 13:58:17.126000,4.97,4.96,4.97,7526300.0
2018-01-29 13:58:20.311000,4.97,4.96,4.97,7526300.0
2018-01-29 13:58:23.047000,4.97,4.96,4.97,7526300.0
2018-01-29 13:58:31.173000,4.97,4.96,4.97,7526300.0
2018-01-29 13:58:34.295000,4.97,4.96,4.97,7526300.0
2018-01-29 13:58:37.319000,4.97,4.96,4.97,7526300.0
2018-01-29 13:58:40.267000,4.97,4.96,4.97,7526300.0
2018-01-29 13:58:43.052000,4.97,4.96,4.97,7526300.0
2018-01-29 13:58:49.958000,4.97,4.96,4.97,7526300.0
2018-01-29 13:59:01.184000,4.97,4.96,4.97,7526300.0
2018-01-29 13:59:05.454000,4.97,4.96,4.97,7526300.0
2018-01-29 13:59:10.770000,4.97,4.96,4.97,7526300.0
2018-01-29 13:59:17.762000,4.97,4.96,4.97,7526300.0
2018-01-29 13:59:24.234000,4.97,4.96,4.97,7526300.0
2018-01-29 13:59:27.102000,4.97,4.96,4.97,7526300.0
2018-01-29 13:59:29.844000,4.97,4.96,4.97,7526300.0
2018-01-29 13:59:32.694000,4.97,4.96,4.97,7526300.0
2018-01-29 13:59:35.504000,4.97,4.96,4.97,7526300.0
2018-01-29 13:59:38.331000,4.97,4.96,4.97,7526300.0
2018-01-29 13:59:41.205000,4.96,4.96,4.97,7595900.0
2018-01-29 13:59:44.008000,4.96,4.96,4.97,7595900.0
2018-01-29 13:59:46.733000,4.96,4.96,4.97,7595900.0
2018-01-29 13:59:49.846000,4.96,4.96,4.97,7595900.0
2018-01-29 13:59:52.777000,4.96,4.96,4.97,7595900.0
2018-01-29 13:59:55.425000,4.96,4.96,4.97,7595900.0
2018-01-29 13:59:58.501000,4.96,4.96,4.97,7595900.0
2018-01-29 14:00:01.257000,4.96,4.96,4.97,7595900.0
2018-01-29 14:00:04.515000,4.96,4.96,4.97,7595900.0
2018-01-29 14:00:07.364000,4.96,4.96,4.97,7595900.0
2018-01-29 14:00:10.286000,4.96,4.96,4.97,7858500.0
2018-01-29 14:00:13.101000,4.96,4.96,4.97,7858500.0
2018-01-29 14:00:15.955000,4.96,4.96,4.97,7858500.0
2018-01-29 14:00:18.939000,4.96,4.96,4.97,7858500.0
2018-01-29 14:00:21.772000,4.96,4.96,4.97,7858500.0
2018-01-29 14:00:24.620000,4.96,4.96,4.97,7858500.0
2018-01-29 14:00:27.618000,4.96,4.96,4.97,7858500.0
2018-01-29 14:00:30.410000,4.96,4.96,4.97,7858500.0
2018-01-29 14:00:33.439000,4.96,4.95,4.97,7858500.0
2018-01-29 14:00:36.320000,4.96,4.95,4.97,7858500.0
2018-01-29 14:00:39.150000,4.96,4.95,4.97,7858500.0
2018-01-29 14:00:42.165000,4.96,4.95,4.97,7858500.0
2018-01-29 14:00:45.471000,4.96,4.95,4.97,7858500.0
2018-01-29 14:00:48.357000,4.96,4.95,4.97,7858500.0
2018-01-29 14:00:51.224000,4.96,4.95,4.97,7858500.0
2018-01-29 14:00:54.081000,4.96,4.95,4.97,7858500.0
2018-01-29 14:00:56.870000,4.96,4.95,4.97,7858500.0
2018-01-29 14:00:59.775000,4.96,4.95,4.97,7858500.0
2018-01-29 14:01:02.649000,4.96,4.95,4.97,7858500.0
2018-01-29 14:01:05.629000,4.96,4.95,4.97,7858500.0
2018-01-29 14:01:08.504000,4.96,4.95,4.97,7858500.0
2018-01-29 14:01:11.413000,4.96,4.95,4.97,7858500.0
2018-01-29 14:01:14.174000,4.96,4.95,4.97,7858500.0
2018-01-29 14:01:17.064000,4.96,4.95,4.97,7858500.0
2018-01-29 14:01:19.849000,4.96,4.95,4.97,7858500.0
2018-01-29 14:01:22.482000,4.96,4.95,4.97,7858500.0
2018-01-29 14:01:25.333000,4.96,4.95,4.97,7858500.0
2018-01-29 14:01:29.492000,4.96,4.95,4.97,7858500.0
2018-01-29 14:01:32.919000,4.96,4.95,4.97,7858500.0
2018-01-29 14:01:36.464000,4.96,4.95,4.97,7858500.0
2018-01-29 14:01:41.110000,4.96,4.95,4.97,7858500.0
2018-01-29 14:01:44.389000,4.96,4.95,4.97,7858500.0
2018-01-29 14:01:47.585000,4.96,4.95,4.97,7858500.0
2018-01-29 14:01:50.825000,4.96,4.95,4.97,7858500.0
2018-01-29 14:01:54.120000,4.96,4.95,4.97,7858500.0
2018-01-29 14:01:57.543000,4.96,4.95,4.97,7858500.0
2018-01-29 14:02:00.936000,4.96,4.95,4.97,7858500.0
2018-01-29 14:02:04.124000,4.96,4.95,4.97,7858500.0
2018-01-29 14:02:07.154000,4.96,4.95,4.97,7858500.0
2018-01-29 14:02:10.459000,4.96,4.95,4.97,7858500.0
2018-01-29 14:02:13.694000,4.96,4.95,4.97,7858500.0
2018-01-29 14:02:16.650000,4.96,4.95,4.97,7858500.0
2018-01-29 14:02:19.932000,4.96,4.95,4.97,7858500.0
2018-01-29 14:02:23.377000,4.96,4.95,4.97,7858500.0
2018-01-29 14:02:26.524000,4.96,4.95,4.97,7858500.0
2018-01-29 14:02:29.764000,4.96,4.95,4.97,7858500.0
2018-01-29 14:02:33.153000,4.96,4.95,4.97,7858500.0
2018-01-29 14:02:36.278000,4.96,4.95,4.97,7858500.0
2018-01-29 14:02:39.478000,4.96,4.95,4.97,7858500.0
2018-01-29 14:02:42.555000,4.96,4.95,4.97,7858500.0
2018-01-29 14:02:45.616000,4.96,4.95,4.97,7858500.0
2018-01-29 14:02:48.825000,4.96,4.95,4.97,7858500.0
2018-01-29 14:02:52.056000,4.96,4.95,4.97,7858500.0
2018-01-29 14:02:55.493000,4.96,4.95,4.97,7858500.0
2018-01-29 14:02:58.719000,4.96,4.95,4.97,7858500.0
2018-01-29 14:03:02.016000,4.96,4.95,4.97,7858500.0
2018-01-29 14:03:05.086000,4.96,4.95,4.97,7858500.0
2018-01-29 14:03:08.285000,4.96,4.95,4.97,7858500.0
2018-01-29 14:03:11.617000,4.96,4.95,4.97,7858500.0
2018-01-29 14:03:14.788000,4.96,4.95,4.97,7858500.0
2018-01-29 14:03:17.888000,4.96,4.95,4.97,7858500.0
2018-01-29 14:03:21.343000,4.96,4.95,4.97,7858500.0
2018-01-29 14:03:24.861000,4.97,4.96,4.97,7860500.0
2018-01-29 14:03:27.945000,4.97,4.96,4.97,7860500.0
2018-01-29 14:03:31.117000,4.97,4.96,4.97,7860500.0
2018-01-29 14:03:34.225000,4.97,4.96,4.97,7860500.0
2018-01-29 14:03:37.390000,4.97,4.96,4.97,7860500.0
2018-01-29 14:03:40.556000,4.97,4.96,4.97,7860500.0
2018-01-29 14:03:43.660000,4.97,4.96,4.97,7860500.0
2018-01-29 14:03:46.770000,4.97,4.96,4.97,7860500.0
2018-01-29 14:03:50.102000,4.97,4.96,4.97,7860500.0
2018-01-29 14:03:53.493000,4.97,4.96,4.97,7860500.0
2018-01-29 14:03:56.812000,4.97,4.96,4.97,7860500.0
2018-01-29 14:04:00.854000,4.97,4.96,4.97,7860500.0
2018-01-29 14:04:04.003000,4.97,4.96,4.97,7860500.0
2018-01-29 14:04:07.024000,4.97,4.96,4.97,7860500.0
2018-01-29 14:04:10.259000,4.97,4.96,4.97,7860500.0
2018-01-29 14:04:13.453000,4.97,4.96,4.97,7860500.0
2018-01-29 14:04:16.510000,4.97,4.96,4.97,7860500.0
2018-01-29 14:04:19.638000,4.97,4.96,4.97,7860500.0
2018-01-29 14:04:22.915000,4.97,4.96,4.97,7860500.0
2018-01-29 14:04:26.232000,4.97,4.96,4.97,7860500.0
2018-01-29 14:04:29.482000,4.97,4.96,4.97,7860500.0
2018-01-29 14:04:32.658000,4.97,4.96,4.97,7860500.0
2018-01-29 14:04:35.802000,4.97,4.96,4.97,7860500.0
2018-01-29 14:04:38.781000,4.97,4.96,4.97,7860500.0
2018-01-29 14:04:41.922000,4.97,4.96,4.97,7860500.0
2018-01-29 14:04:45.417000,4.97,4.96,4.97,7860500.0
2018-01-29 14:04:48.498000,4.97,4.96,4.97,7860500.0
2018-01-29 14:04:51.844000,4.97,4.96,4.97,7860500.0
2018-01-29 14:04:55.018000,4.97,4.96,4.97,7860500.0
2018-01-29 14:04:58.164000,4.97,4.96,4.97,7860500.0
2018-01-29 14:05:01.384000,4.97,4.96,4.97,7860500.0
2018-01-29 14:05:04.892000,4.97,4.96,4.97,7860500.0
2018-01-29 14:05:08.286000,4.97,4.96,4.97,7860500.0
2018-01-29 14:05:12.017000,4.97,4.96,4.97,7860500.0
2018-01-29 14:05:15.189000,4.97,4.96,4.97,7860500.0
2018-01-29 14:05:18.178000,4.97,4.96,4.97,7860500.0
2018-01-29 14:05:21.520000,4.97,4.96,4.97,7860500.0
2018-01-29 14:05:24.726000,4.97,4.96,4.97,7860500.0
2018-01-29 14:05:27.842000,4.97,4.96,4.97,7860500.0
2018-01-29 14:05:31.104000,4.97,4.96,4.97,7860500.0
2018-01-29 14:05:34.754000,4.97,4.96,4.97,7860500.0
2018-01-29 14:05:37.802000,4.97,4.96,4.97,7860500.0
2018-01-29 14:05:41.077000,4.97,4.96,4.97,7860500.0
2018-01-29 14:05:44.330000,4.97,4.96,4.97,7860500.0
2018-01-29 14:05:47.531000,4.97,4.96,4.97,7860500.0
2018-01-29 14:05:50.862000,4.97,4.96,4.97,7860500.0
2018-01-29 14:05:53.945000,4.97,4.96,4.97,7860500.0
2018-01-29 14:05:57.068000,4.97,4.96,4.97,7860500.0
2018-01-29 14:06:00.356000,4.97,4.96,4.97,7860500.0
2018-01-29 14:06:03.865000,4.97,4.96,4.97,7860500.0
2018-01-29 14:06:07.146000,4.97,4.96,4.97,7860500.0
2018-01-29 14:06:10.730000,4.97,4.96,4.97,7860500.0
2018-01-29 14:06:13.804000,4.97,4.96,4.97,7860500.0
2018-01-29 14:06:17.354000,4.97,4.96,4.97,7860500.0
2018-01-29 14:06:20.889000,4.97,4.96,4.97,7860500.0
2018-01-29 14:06:24.299000,4.97,4.96,4.97,7860500.0
2018-01-29 14:06:27.484000,4.97,4.96,4.97,7860500.0
2018-01-29 14:06:30.684000,4.97,4.96,4.97,7860500.0
2018-01-29 14:06:34.012000,4.97,4.96,4.97,7860500.0
2018-01-29 14:06:37.063000,4.97,4.96,4.97,7862000.0
2018-01-29 14:06:40.238000,4.97,4.96,4.97,7862000.0
2018-01-29 14:06:43.228000,4.97,4.96,4.97,7862000.0
2018-01-29 14:06:46.279000,4.97,4.96,4.97,7862000.0
2018-01-29 14:06:49.526000,4.97,4.96,4.97,7862000.0
2018-01-29 14:06:52.777000,4.97,4.96,4.97,7862000.0
2018-01-29 14:06:56.186000,4.97,4.96,4.97,7862000.0
2018-01-29 14:06:59.286000,4.97,4.96,4.97,7862000.0
2018-01-29 14:07:02.728000,4.97,4.96,4.97,7862000.0
2018-01-29 14:07:05.777000,4.97,4.96,4.97,7862000.0
2018-01-29 14:07:09.423000,4.97,4.96,4.97,7862000.0
2018-01-29 14:07:12.414000,4.97,4.96,4.97,7862000.0
2018-01-29 14:07:15.748000,4.97,4.96,4.97,7862000.0
2018-01-29 14:07:18.839000,4.97,4.96,4.97,7862000.0
2018-01-29 14:07:22.286000,4.97,4.96,4.97,7862000.0
2018-01-29 14:07:25.363000,4.97,4.96,4.97,7862000.0
2018-01-29 14:07:28.729000,4.97,4.96,4.97,7862000.0
2018-01-29 14:07:32.289000,4.97,4.96,4.97,7862000.0
2018-01-29 14:07:35.654000,4.97,4.96,4.97,7862000.0
2018-01-29 14:07:38.723000,4.97,4.96,4.97,7862000.0
2018-01-29 14:07:41.911000,4.97,4.96,4.97,7862000.0
2018-01-29 14:07:45.269000,4.97,4.97,4.98,7871500.0
2018-01-29 14:07:48.396000,4.97,4.97,4.98,7871500.0
2018-01-29 14:07:51.980000,4.97,4.97,4.98,7871500.0
2018-01-29 14:07:55.291000,4.97,4.97,4.98,7871500.0
2018-01-29 14:07:58.374000,4.97,4.97,4.98,7871500.0
2018-01-29 14:08:01.364000,4.97,4.97,4.98,7871500.0
2018-01-29 14:08:04.611000,4.97,4.97,4.98,7871500.0
2018-01-29 14:08:07.784000,4.97,4.97,4.98,7871500.0
2018-01-29 14:08:10.843000,4.97,4.97,4.98,7871500.0
2018-01-29 14:08:14.120000,4.97,4.97,4.98,7871500.0
2018-01-29 14:08:17.250000,4.97,4.97,4.98,7871500.0
2018-01-29 14:08:20.451000,4.97,4.97,4.98,7871500.0
2018-01-29 14:08:23.651000,4.97,4.97,4.98,7871500.0
2018-01-29 14:08:26.855000,4.97,4.97,4.98,7871500.0
2018-01-29 14:08:30.309000,4.97,4.97,4.98,7871500.0
2018-01-29 14:08:33.367000,4.97,4.97,4.98,7871500.0
2018-01-29 14:08:36.670000,4.97,4.97,4.98,7871500.0
2018-01-29 14:08:39.862000,4.97,4.97,4.98,7871500.0
2018-01-29 14:08:43.121000,4.97,4.97,4.98,7871500.0
2018-01-29 14:08:46.347000,4.97,4.97,4.98,7871500.0
2018-01-29 14:08:49.582000,4.97,4.97,4.98,7871500.0
2018-01-29 14:08:52.854000,4.97,4.97,4.98,7871500.0
2018-01-29 14:08:56.016000,4.97,4.97,4.98,7871500.0
2018-01-29 14:08:59.279000,4.97,4.97,4.98,7871500.0
2018-01-29 14:09:02.403000,4.97,4.97,4.98,7871500.0
2018-01-29 14:09:05.546000,4.97,4.97,4.98,7871500.0
2018-01-29 14:09:08.657000,4.97,4.97,4.98,7871500.0
2018-01-29 14:09:11.788000,4.97,4.97,4.98,7871500.0
2018-01-29 14:09:15.331000,4.97,4.97,4.98,7871500.0
2018-01-29 14:09:18.550000,4.97,4.97,4.98,7871500.0
2018-01-29 14:09:21.695000,4.97,4.97,4.98,7871500.0
2018-01-29 14:09:24.898000,4.97,4.97,4.98,7871500.0
2018-01-29 14:09:28.100000,4.97,4.97,4.98,7871500.0
2018-01-29 14:09:31.266000,4.97,4.97,4.98,7883500.0
2018-01-29 14:09:34.442000,4.97,4.97,4.98,7883500.0
2018-01-29 14:09:37.529000,4.97,4.97,4.98,7883500.0
2018-01-29 14:09:40.628000,4.97,4.97,4.98,7883500.0
2018-01-29 14:09:43.629000,4.97,4.97,4.98,7883500.0
2018-01-29 14:09:46.736000,4.97,4.97,4.98,7883500.0
2018-01-29 14:09:49.783000,4.97,4.97,4.98,7883500.0
2018-01-29 14:09:52.924000,4.97,4.97,4.98,7883500.0
2018-01-29 14:09:55.813000,4.97,4.97,4.98,7883500.0
2018-01-29 14:09:59.036000,4.97,4.97,4.98,7883500.0
2018-01-29 14:10:02.247000,4.97,4.97,4.98,7883500.0
2018-01-29 14:10:05.774000,4.97,4.97,4.98,7883500.0
2018-01-29 14:10:08.868000,4.97,4.97,4.98,7883500.0
2018-01-29 14:10:12.185000,4.97,4.97,4.98,7883500.0
2018-01-29 14:10:15.573000,4.97,4.97,4.98,7883500.0
2018-01-29 14:10:18.765000,4.97,4.97,4.98,7883500.0
2018-01-29 14:10:21.900000,4.97,4.97,4.98,7883500.0
2018-01-29 14:10:24.862000,4.97,4.97,4.98,7883500.0
2018-01-29 14:10:28.128000,4.97,4.97,4.98,7883500.0
2018-01-29 14:10:31.455000,4.97,4.97,4.98,7883500.0
2018-01-29 14:10:34.650000,4.97,4.97,4.98,7883500.0
2018-01-29 14:10:37.591000,4.97,4.97,4.98,7883500.0
2018-01-29 14:10:40.637000,4.97,4.97,4.98,7883500.0
2018-01-29 14:10:43.826000,4.97,4.97,4.98,7883500.0
2018-01-29 14:10:46.972000,4.97,4.97,4.98,7883500.0
2018-01-29 14:10:50.147000,4.97,4.97,4.98,7883500.0
2018-01-29 14:10:53.269000,4.97,4.97,4.98,7883500.0
2018-01-29 14:10:56.192000,4.97,4.97,4.98,7883500.0
2018-01-29 14:10:59.159000,4.97,4.97,4.98,7883500.0
2018-01-29 14:11:02.157000,4.97,4.97,4.98,7883500.0
2018-01-29 14:11:05.539000,4.98,4.97,4.98,7904500.0
2018-01-29 14:11:08.579000,4.98,4.97,4.98,7904500.0
2018-01-29 14:11:11.760000,4.98,4.97,4.98,7904500.0
2018-01-29 14:11:14.891000,4.98,4.97,4.98,7904500.0
2018-01-29 14:11:18.022000,4.98,4.97,4.98,7904500.0
2018-01-29 14:11:21.323000,4.98,4.97,4.98,7904500.0
2018-01-29 14:11:24.448000,4.98,4.97,4.98,7904500.0
2018-01-29 14:11:27.801000,4.98,4.97,4.98,7904500.0
2018-01-29 14:11:30.987000,4.98,4.97,4.98,7904500.0
2018-01-29 14:11:34.354000,4.98,4.97,4.98,7904500.0
2018-01-29 14:11:37.380000,4.98,4.96,4.98,7904500.0
2018-01-29 14:11:40.463000,4.98,4.96,4.98,7904500.0
2018-01-29 14:11:43.405000,4.98,4.96,4.98,7904500.0
2018-01-29 14:11:46.591000,4.98,4.96,4.98,7904500.0
2018-01-29 14:11:49.507000,4.98,4.96,4.98,7904500.0
2018-01-29 14:11:52.580000,4.98,4.96,4.98,7904500.0
2018-01-29 14:11:55.703000,4.98,4.96,4.98,7904500.0
2018-01-29 14:11:58.765000,4.98,4.96,4.98,7904500.0
2018-01-29 14:12:02.006000,4.98,4.96,4.98,7904500.0
2018-01-29 14:12:05.247000,4.98,4.96,4.98,7904500.0
2018-01-29 14:12:08.304000,4.98,4.96,4.98,7904500.0
2018-01-29 14:12:11.382000,4.98,4.96,4.98,7904500.0
2018-01-29 14:12:14.438000,4.98,4.96,4.98,7904500.0
2018-01-29 14:12:17.924000,4.98,4.96,4.98,7904500.0
2018-01-29 14:12:21.021000,4.98,4.96,4.98,7904500.0
2018-01-29 14:12:23.918000,4.98,4.96,4.98,7904500.0
2018-01-29 14:12:26.981000,4.98,4.96,4.98,7904500.0
2018-01-29 14:12:30.262000,4.98,4.96,4.98,7904500.0
2018-01-29 14:12:33.394000,4.98,4.96,4.98,7904500.0
2018-01-29 14:12:36.490000,4.98,4.96,4.98,7904500.0
2018-01-29 14:12:39.976000,4.98,4.96,4.98,7904500.0
2018-01-29 14:12:43.453000,4.98,4.96,4.98,7904500.0
2018-01-29 14:12:46.632000,4.98,4.96,4.98,7904500.0
2018-01-29 14:12:49.892000,4.98,4.96,4.98,7904500.0
2018-01-29 14:12:53.211000,4.98,4.96,4.98,7904500.0
2018-01-29 14:12:56.553000,4.98,4.96,4.98,7904500.0
2018-01-29 14:12:59.728000,4.98,4.96,4.98,7904500.0
2018-01-29 14:13:02.732000,4.98,4.96,4.98,7904500.0
2018-01-29 14:13:05.929000,4.98,4.96,4.98,7904500.0
2018-01-29 14:13:09.876000,4.98,4.96,4.98,7904500.0
2018-01-29 14:13:13.035000,4.98,4.96,4.98,7904500.0
2018-01-29 14:13:16.178000,4.98,4.96,4.98,7904500.0
2018-01-29 14:13:19.421000,4.98,4.96,4.98,7904500.0
2018-01-29 14:13:22.871000,4.98,4.96,4.98,7904500.0
2018-01-29 14:13:26.321000,4.97,4.96,4.97,7914500.0
2018-01-29 14:13:29.538000,4.97,4.96,4.97,7914500.0
2018-01-29 14:13:32.587000,4.97,4.96,4.97,7914500.0
2018-01-29 14:13:35.960000,4.97,4.96,4.97,7914500.0
2018-01-29 14:13:39.295000,4.97,4.96,4.97,7914500.0
2018-01-29 14:13:42.521000,4.97,4.96,4.97,7914500.0
2018-01-29 14:13:45.651000,4.97,4.96,4.97,7914500.0
2018-01-29 14:13:48.802000,4.97,4.96,4.97,7914500.0
2018-01-29 14:13:51.977000,4.97,4.96,4.97,7914500.0
2018-01-29 14:13:55.244000,4.97,4.96,4.97,7914500.0
2018-01-29 14:13:58.443000,4.97,4.96,4.97,7914500.0
2018-01-29 14:14:01.632000,4.97,4.96,4.97,7914500.0
2018-01-29 14:14:05.056000,4.97,4.96,4.97,7914500.0
2018-01-29 14:14:08.323000,4.97,4.96,4.97,7914500.0
2018-01-29 14:14:11.415000,4.97,4.96,4.97,7914500.0
2018-01-29 14:14:14.782000,4.97,4.96,4.97,7914500.0
2018-01-29 14:14:17.930000,4.97,4.96,4.97,7914500.0
2018-01-29 14:14:21.291000,4.97,4.96,4.97,7914500.0
2018-01-29 14:14:24.715000,4.97,4.96,4.97,7914500.0
2018-01-29 14:14:27.799000,4.97,4.96,4.97,7914500.0
2018-01-29 14:14:31.056000,4.97,4.96,4.97,7914500.0
2018-01-29 14:14:34.348000,4.97,4.96,4.97,7914500.0
2018-01-29 14:14:37.509000,4.97,4.96,4.97,7914500.0
2018-01-29 14:14:40.529000,4.97,4.96,4.97,7914500.0
2018-01-29 14:14:43.658000,4.97,4.96,4.97,7914500.0
2018-01-29 14:14:47.186000,4.97,4.96,4.98,7914500.0
2018-01-29 14:14:50.504000,4.97,4.96,4.98,7914500.0
2018-01-29 14:14:53.891000,4.97,4.96,4.98,7914500.0
2018-01-29 14:14:57.250000,4.97,4.96,4.98,7914500.0
2018-01-29 14:15:00.359000,4.97,4.96,4.98,7914500.0
2018-01-29 14:15:03.766000,4.97,4.96,4.98,7914500.0
2018-01-29 14:15:07.044000,4.97,4.96,4.98,7914500.0
2018-01-29 14:15:10.242000,4.97,4.96,4.98,7914500.0
2018-01-29 14:15:13.538000,4.97,4.96,4.98,7914500.0
2018-01-29 14:15:16.729000,4.97,4.96,4.98,7914500.0
2018-01-29 14:15:19.984000,4.97,4.96,4.98,7914500.0
2018-01-29 14:15:23.088000,4.97,4.96,4.98,7914500.0
2018-01-29 14:15:27.948000,4.97,4.96,4.98,7914500.0
2018-01-29 14:15:31.338000,4.97,4.96,4.98,7914500.0
2018-01-29 14:15:34.488000,4.97,4.96,4.98,7914500.0
2018-01-29 14:15:37.777000,4.97,4.96,4.98,7914500.0
2018-01-29 14:15:40.855000,4.97,4.96,4.98,7914500.0
2018-01-29 14:15:43.879000,4.97,4.96,4.98,7914500.0
2018-01-29 14:15:47.045000,4.97,4.96,4.98,7914500.0
2018-01-29 14:15:50.325000,4.97,4.96,4.98,7914500.0
2018-01-29 14:15:53.485000,4.97,4.96,4.98,7914500.0
2018-01-29 14:15:56.971000,4.97,4.96,4.98,7914500.0
2018-01-29 14:16:00.126000,4.97,4.96,4.98,7914500.0
2018-01-29 14:16:03.299000,4.97,4.96,4.98,7914500.0
2018-01-29 14:16:06.356000,4.97,4.96,4.98,7914500.0
2018-01-29 14:16:09.384000,4.97,4.96,4.98,7914500.0
2018-01-29 14:16:12.645000,4.97,4.96,4.98,7914500.0
2018-01-29 14:16:15.744000,4.97,4.96,4.98,7914500.0
2018-01-29 14:16:18.947000,4.97,4.96,4.98,7914500.0
2018-01-29 14:16:22.311000,4.97,4.96,4.98,7914500.0
2018-01-29 14:16:25.404000,4.97,4.96,4.98,7914500.0
2018-01-29 14:16:28.271000,4.97,4.96,4.98,7914500.0
2018-01-29 14:16:31.293000,4.97,4.96,4.98,7914500.0
2018-01-29 14:16:34.427000,4.97,4.96,4.98,7914500.0
2018-01-29 14:16:37.561000,4.97,4.96,4.98,7914500.0
2018-01-29 14:16:40.740000,4.97,4.96,4.98,7914500.0
2018-01-29 14:16:44.198000,4.97,4.96,4.98,7914500.0
2018-01-29 14:16:47.373000,4.97,4.96,4.98,7914500.0
2018-01-29 14:16:50.450000,4.97,4.96,4.98,7914500.0
2018-01-29 14:16:53.498000,4.97,4.96,4.98,7914500.0
2018-01-29 14:16:56.621000,4.97,4.96,4.98,7914500.0
2018-01-29 14:17:01.683000,4.97,4.96,4.98,7914500.0
2018-01-29 14:17:05.220000,4.97,4.96,4.98,7914500.0
2018-01-29 14:17:08.259000,4.97,4.96,4.98,7914500.0
2018-01-29 14:17:11.374000,4.97,4.96,4.98,7914500.0
2018-01-29 14:17:14.330000,4.97,4.96,4.98,7914500.0
2018-01-29 14:17:17.358000,4.97,4.96,4.98,7914500.0
2018-01-29 14:17:20.334000,4.97,4.96,4.98,7914500.0
2018-01-29 14:17:23.517000,4.97,4.96,4.98,7914500.0
2018-01-29 14:17:26.435000,4.97,4.96,4.98,7914500.0
2018-01-29 14:17:29.564000,4.97,4.96,4.98,7914500.0
2018-01-29 14:17:32.855000,4.97,4.96,4.98,7914500.0
2018-01-29 14:17:35.718000,4.97,4.96,4.98,7914500.0
2018-01-29 14:17:38.532000,4.97,4.96,4.98,7914500.0
2018-01-29 14:17:41.329000,4.97,4.96,4.98,7914500.0
2018-01-29 14:17:44.249000,4.97,4.96,4.98,7914500.0
2018-01-29 14:17:47.106000,4.97,4.96,4.98,7914500.0
2018-01-29 14:17:50.017000,4.97,4.96,4.98,7914500.0
2018-01-29 14:17:53.703000,4.97,4.96,4.98,7914500.0
2018-01-29 14:17:56.735000,4.97,4.96,4.98,7914500.0
2018-01-29 14:18:00.147000,4.97,4.96,4.98,7914500.0
2018-01-29 14:18:03.333000,4.97,4.96,4.98,7914500.0
2018-01-29 14:18:06.223000,4.97,4.96,4.98,7914500.0
2018-01-29 14:18:09.402000,4.97,4.96,4.98,7914500.0
2018-01-29 14:18:12.240000,4.97,4.96,4.98,7914500.0
2018-01-29 14:18:15.738000,4.97,4.96,4.98,7914500.0
2018-01-29 14:18:18.579000,4.97,4.96,4.98,7914500.0
2018-01-29 14:18:20.974000,4.97,4.96,4.98,7914500.0
2018-01-29 14:18:23.706000,4.97,4.96,4.98,7914500.0
2018-01-29 14:18:26.468000,4.97,4.96,4.98,7914500.0
2018-01-29 14:18:29.111000,4.97,4.96,4.98,7914500.0
2018-01-29 14:18:31.860000,4.97,4.96,4.98,7914500.0
2018-01-29 14:18:34.322000,4.97,4.96,4.98,7914500.0
2018-01-29 14:18:37.203000,4.97,4.96,4.98,7914500.0
2018-01-29 14:18:39.913000,4.97,4.96,4.98,7914500.0
2018-01-29 14:18:42.738000,4.97,4.96,4.98,7914500.0
2018-01-29 14:18:45.272000,4.98,4.97,4.98,7924500.0
2018-01-29 14:18:48.170000,4.98,4.97,4.98,7924500.0
2018-01-29 14:18:51.107000,4.98,4.97,4.98,7924500.0
2018-01-29 14:18:53.532000,4.98,4.97,4.98,7924500.0
2018-01-29 14:18:56.316000,4.98,4.97,4.98,7924500.0
2018-01-29 14:18:58.968000,4.98,4.97,4.98,7924500.0
2018-01-29 14:20:18.194000,4.98,4.98,4.99,7966500.0
2018-01-29 14:20:21.719000,4.98,4.98,4.99,7966500.0
2018-01-29 14:20:24.884000,4.98,4.98,4.99,7966500.0
2018-01-29 14:20:28.218000,4.98,4.98,4.99,7966500.0
2018-01-29 14:20:31.705000,4.98,4.98,4.99,7966500.0
2018-01-29 14:20:34.812000,4.98,4.98,4.99,7966500.0
2018-01-29 14:20:37.941000,4.98,4.98,4.99,7966500.0
2018-01-29 14:20:41.514000,4.98,4.98,4.99,7966500.0
2018-01-29 14:20:45.148000,4.98,4.98,4.99,7966500.0
2018-01-29 14:20:48.290000,4.98,4.98,4.99,7966500.0
2018-01-29 14:20:51.752000,4.98,4.98,4.99,7966500.0
2018-01-29 14:20:54.957000,4.98,4.98,4.99,7966500.0
2018-01-29 14:20:58.136000,4.98,4.98,4.99,7966500.0
2018-01-29 14:21:01.406000,4.98,4.98,4.99,7966500.0
2018-01-29 14:21:04.662000,4.98,4.98,4.99,7966500.0
2018-01-29 14:21:08.083000,4.98,4.98,4.99,7966500.0
2018-01-29 14:21:11.221000,4.98,4.98,4.99,7966500.0
2018-01-29 14:21:14.591000,4.98,4.98,4.99,7966500.0
2018-01-29 14:21:18.117000,4.98,4.98,4.99,7966500.0
2018-01-29 14:21:21.456000,4.98,4.98,4.99,7966500.0
2018-01-29 14:21:24.657000,4.98,4.98,4.99,7966500.0
2018-01-29 14:21:27.773000,4.98,4.98,4.99,7966500.0
2018-01-29 14:21:31.480000,4.98,4.98,4.99,7966500.0
2018-01-29 14:21:34.710000,4.98,4.98,4.99,7966500.0
2018-01-29 14:21:37.677000,4.98,4.98,4.99,7966500.0
2018-01-29 14:21:40.918000,4.98,4.98,4.99,7966500.0
2018-01-29 14:21:44.160000,4.98,4.98,4.99,7966500.0
2018-01-29 14:21:47.337000,4.98,4.98,4.99,7966500.0
2018-01-29 14:21:50.434000,4.98,4.98,4.99,7966500.0
2018-01-29 14:21:53.738000,4.98,4.98,4.99,7966500.0
2018-01-29 14:21:56.814000,4.98,4.98,4.99,7966500.0
2018-01-29 14:22:00.104000,4.98,4.98,4.99,7966500.0
2018-01-29 14:22:03.525000,4.98,4.98,4.99,7966500.0
2018-01-29 14:22:06.894000,4.98,4.98,4.99,7966500.0
2018-01-29 14:22:10.336000,4.98,4.98,4.99,7966500.0
2018-01-29 14:22:13.444000,4.98,4.98,4.99,7966500.0
2018-01-29 14:22:18.213000,4.98,4.98,4.99,7966500.0
2018-01-29 14:22:21.638000,4.98,4.98,4.99,7966500.0
2018-01-29 14:22:24.791000,4.98,4.98,4.99,7966500.0
2018-01-29 14:22:27.987000,4.98,4.98,4.99,7966500.0
2018-01-29 14:22:31.323000,4.98,4.98,4.99,7966500.0
2018-01-29 14:22:34.974000,4.98,4.98,4.99,7966500.0
2018-01-29 14:22:38.120000,4.98,4.98,4.99,7966500.0
2018-01-29 14:22:41.378000,4.98,4.98,4.99,7966500.0
2018-01-29 14:22:44.639000,4.98,4.98,4.99,7966500.0
2018-01-29 14:22:47.846000,4.98,4.97,4.98,8143500.0
2018-01-29 14:22:51.026000,4.98,4.97,4.98,8143500.0
2018-01-29 14:22:54.433000,4.98,4.97,4.98,8143500.0
2018-01-29 14:22:57.459000,4.98,4.97,4.98,8143500.0
2018-01-29 14:23:00.558000,4.98,4.97,4.98,8143500.0
2018-01-29 14:23:03.745000,4.98,4.97,4.98,8143500.0
2018-01-29 14:23:06.764000,4.98,4.97,4.98,8143500.0
2018-01-29 14:23:09.663000,4.98,4.97,4.98,8143500.0
2018-01-29 14:23:12.816000,4.98,4.97,4.98,8143500.0
2018-01-29 14:23:15.895000,4.98,4.97,4.98,8143500.0
2018-01-29 14:23:18.833000,4.98,4.97,4.98,8143500.0
2018-01-29 14:23:22.004000,4.98,4.97,4.98,8143500.0
2018-01-29 14:23:24.949000,4.98,4.97,4.98,8143500.0
2018-01-29 14:23:28.101000,4.98,4.97,4.98,8143500.0
2018-01-29 14:23:31.473000,4.98,4.97,4.98,8143500.0
2018-01-29 14:23:34.732000,4.98,4.97,4.98,8143500.0
2018-01-29 14:23:37.850000,4.98,4.97,4.98,8143500.0
2018-01-29 14:23:41.394000,4.98,4.97,4.98,8143500.0
2018-01-29 14:23:44.449000,4.98,4.97,4.98,8143500.0
2018-01-29 14:23:47.458000,4.98,4.97,4.98,8143500.0
2018-01-29 14:23:50.537000,4.98,4.97,4.98,8143500.0
2018-01-29 14:23:54.760000,4.98,4.97,4.98,8143500.0
2018-01-29 14:23:57.648000,4.98,4.97,4.98,8143500.0
2018-01-29 14:24:00.890000,4.98,4.97,4.98,8143500.0
2018-01-29 14:24:04.053000,4.98,4.97,4.98,8143500.0
2018-01-29 14:24:07.177000,4.98,4.97,4.98,8143500.0
2018-01-29 14:24:10.578000,4.98,4.97,4.98,8143500.0
2018-01-29 14:24:13.870000,4.98,4.97,4.98,8143500.0
2018-01-29 14:24:16.889000,4.98,4.97,4.98,8143500.0
2018-01-29 14:24:20.157000,4.98,4.97,4.98,8143500.0
2018-01-29 14:24:23.289000,4.98,4.97,4.98,8143500.0
2018-01-29 14:24:26.349000,4.98,4.97,4.98,8143500.0
2018-01-29 14:24:29.430000,4.98,4.97,4.98,8143500.0
2018-01-29 14:24:32.853000,4.98,4.97,4.98,8143500.0
2018-01-29 14:24:36.028000,4.98,4.97,4.98,8143500.0
2018-01-29 14:24:39.353000,4.98,4.97,4.98,8143500.0
2018-01-29 14:24:42.445000,4.98,4.97,4.98,8143500.0
2018-01-29 14:24:45.652000,4.98,4.97,4.98,8143500.0
2018-01-29 14:24:49.119000,4.98,4.97,4.98,8143500.0
2018-01-29 14:24:52.397000,4.98,4.97,4.98,8143500.0
2018-01-29 14:24:55.745000,4.98,4.97,4.98,8143500.0
2018-01-29 14:24:58.801000,4.98,4.96,4.98,8144400.0
2018-01-29 14:25:01.888000,4.98,4.96,4.98,8144400.0
2018-01-29 14:25:05.111000,4.98,4.96,4.98,8144400.0
2018-01-29 14:25:08.161000,4.98,4.96,4.98,8144400.0
2018-01-29 14:25:11.572000,4.98,4.96,4.98,8144400.0
2018-01-29 14:25:14.788000,4.98,4.96,4.98,8144400.0
2018-01-29 14:25:17.940000,4.98,4.96,4.98,8144400.0
2018-01-29 14:25:21.202000,4.98,4.96,4.98,8144400.0
2018-01-29 14:25:24.280000,4.98,4.96,4.98,8144400.0
2018-01-29 14:25:27.617000,4.98,4.96,4.98,8144400.0
2018-01-29 14:25:30.783000,4.98,4.96,4.98,8144400.0
2018-01-29 14:25:33.588000,4.98,4.96,4.98,8144400.0
2018-01-29 14:25:36.961000,4.98,4.96,4.98,8144400.0
2018-01-29 14:25:40.160000,4.98,4.96,4.98,8144400.0
2018-01-29 14:25:43.324000,4.98,4.96,4.98,8144400.0
2018-01-29 14:25:46.331000,4.98,4.96,4.98,8144400.0
2018-01-29 14:25:49.753000,4.98,4.96,4.98,8144400.0
2018-01-29 14:25:53.416000,4.98,4.96,4.98,8144400.0
2018-01-29 14:25:57.855000,4.98,4.96,4.98,8144400.0
2018-01-29 14:26:00.877000,4.98,4.96,4.98,8144400.0
2018-01-29 14:26:03.864000,4.98,4.96,4.98,8144400.0
2018-01-29 14:26:06.992000,4.98,4.96,4.98,8144400.0
2018-01-29 14:26:09.979000,4.98,4.96,4.98,8144400.0
2018-01-29 14:26:13.028000,4.98,4.96,4.98,8144400.0
2018-01-29 14:26:15.941000,4.98,4.96,4.98,8144400.0
2018-01-29 14:26:19.027000,4.98,4.96,4.98,8144400.0
2018-01-29 14:26:22.055000,4.98,4.96,4.98,8144400.0
2018-01-29 14:26:25.062000,4.98,4.96,4.98,8144400.0
2018-01-29 14:26:28.229000,4.98,4.96,4.98,8144400.0
2018-01-29 14:26:31.479000,4.98,4.96,4.98,8144400.0
2018-01-29 14:26:34.540000,4.98,4.96,4.98,8144400.0
2018-01-29 14:26:37.717000,4.98,4.96,4.98,8144400.0
2018-01-29 14:26:40.714000,4.98,4.96,4.98,8144400.0
2018-01-29 14:26:43.793000,4.98,4.96,4.98,8144400.0
2018-01-29 14:26:46.865000,4.98,4.96,4.98,8144400.0
2018-01-29 14:26:49.895000,4.98,4.96,4.98,8144400.0
2018-01-29 14:26:53.072000,4.98,4.96,4.98,8144400.0
2018-01-29 14:26:56.286000,4.98,4.96,4.98,8144400.0
2018-01-29 14:26:59.466000,4.98,4.96,4.98,8144400.0
2018-01-29 14:27:02.587000,4.98,4.96,4.98,8144400.0
2018-01-29 14:27:05.590000,4.98,4.96,4.98,8144400.0
2018-01-29 14:27:08.624000,4.98,4.96,4.98,8144400.0
2018-01-29 14:27:11.614000,4.98,4.96,4.98,8144400.0
2018-01-29 14:27:14.524000,4.98,4.96,4.98,8144400.0
2018-01-29 14:27:17.614000,4.98,4.96,4.98,8144400.0
2018-01-29 14:27:20.708000,4.98,4.96,4.98,8144400.0
2018-01-29 14:27:23.639000,4.98,4.96,4.98,8144400.0
2018-01-29 14:27:26.521000,4.98,4.96,4.98,8144400.0
2018-01-29 14:27:29.698000,4.98,4.96,4.98,8144400.0
2018-01-29 14:27:32.496000,4.98,4.96,4.98,8144400.0
2018-01-29 14:27:35.483000,4.98,4.96,4.98,8144400.0
2018-01-29 14:27:38.547000,4.98,4.96,4.98,8144400.0
2018-01-29 14:27:41.516000,4.98,4.96,4.98,8144400.0
2018-01-29 14:27:44.704000,4.98,4.96,4.98,8144400.0
2018-01-29 14:27:48.206000,4.98,4.96,4.98,8144400.0
2018-01-29 14:27:51.268000,4.98,4.96,4.98,8144400.0
2018-01-29 14:27:54.393000,4.98,4.96,4.98,8144400.0
2018-01-29 14:27:57.418000,4.98,4.96,4.98,8144400.0
2018-01-29 14:28:00.394000,4.98,4.96,4.98,8144400.0
2018-01-29 14:28:03.511000,4.98,4.96,4.98,8144400.0
2018-01-29 14:28:06.473000,4.98,4.96,4.98,8144400.0
2018-01-29 14:28:09.615000,4.98,4.96,4.98,8144400.0
2018-01-29 14:28:12.685000,4.98,4.96,4.98,8144400.0
2018-01-29 14:28:15.625000,4.98,4.96,4.98,8144400.0
2018-01-29 14:28:18.722000,4.98,4.96,4.98,8144400.0
2018-01-29 14:28:21.874000,4.98,4.96,4.98,8144400.0
2018-01-29 14:28:25.096000,4.98,4.96,4.98,8144400.0
2018-01-29 14:28:28.092000,4.98,4.96,4.98,8144400.0
2018-01-29 14:28:31.123000,4.98,4.96,4.98,8144400.0
2018-01-29 14:28:33.974000,4.98,4.96,4.98,8144400.0
2018-01-29 14:28:36.982000,4.98,4.96,4.98,8144400.0
2018-01-29 14:28:40.054000,4.98,4.96,4.98,8144400.0
2018-01-29 14:28:42.764000,,,,
2018-01-29 14:28:45.871000,4.98,4.96,4.98,8144400.0
2018-01-29 14:28:48.911000,4.98,4.96,4.98,8144400.0
2018-01-29 14:28:51.934000,4.98,4.96,4.98,8144400.0
2018-01-29 14:28:54.942000,4.98,4.96,4.98,8144400.0
2018-01-29 14:28:58.482000,4.98,4.96,4.98,8144400.0
2018-01-29 14:29:01.462000,4.98,4.96,4.98,8144400.0
2018-01-29 14:29:04.338000,4.98,4.96,4.98,8144400.0
2018-01-29 14:29:07.499000,4.98,4.96,4.98,8144400.0
2018-01-29 14:29:10.321000,4.98,4.96,4.98,8144400.0
2018-01-29 14:29:12.994000,4.98,4.96,4.98,8144400.0
2018-01-29 14:29:16.388000,4.98,4.96,4.98,8144400.0
2018-01-29 14:29:19.254000,4.98,4.96,4.98,8144400.0
2018-01-29 14:29:21.959000,4.98,4.96,4.98,8144400.0
2018-01-29 14:29:25.027000,4.98,4.96,4.98,8144400.0
2018-01-29 14:29:28.016000,4.98,4.96,4.98,8144400.0
2018-01-29 14:29:30.854000,4.98,4.96,4.98,8144400.0
2018-01-29 14:29:34.048000,4.98,4.96,4.98,8144400.0
2018-01-29 14:29:37.193000,4.98,4.96,4.98,8144400.0
2018-01-29 14:29:40.021000,4.98,4.96,4.98,8144400.0
2018-01-29 14:29:43.030000,4.98,4.96,4.98,8144400.0
2018-01-29 14:29:46.005000,4.97,4.96,4.97,8214400.0
2018-01-29 14:29:49.126000,4.97,4.96,4.97,8214400.0
2018-01-29 14:29:52.071000,4.97,4.96,4.97,8214400.0
2018-01-29 14:29:55.329000,4.97,4.96,4.97,8214400.0
2018-01-29 14:29:58.469000,4.97,4.96,4.97,8214400.0
2018-01-29 14:30:01.673000,4.97,4.96,4.97,8214400.0
2018-01-29 14:30:04.890000,4.97,4.96,4.97,8214400.0
2018-01-29 14:30:07.796000,4.97,4.96,4.97,8214400.0
2018-01-29 14:30:11.065000,4.97,4.96,4.97,8214400.0
2018-01-29 14:30:14.098000,4.97,4.96,4.97,8214400.0
2018-01-29 14:30:16.984000,4.97,4.96,4.97,8214400.0
2018-01-29 14:30:19.828000,4.97,4.96,4.97,8214400.0
2018-01-29 14:30:23.015000,4.97,4.96,4.97,8214400.0
2018-01-29 14:30:25.893000,4.97,4.96,4.97,8214400.0
2018-01-29 14:30:29.689000,4.97,4.96,4.97,8214400.0
2018-01-29 14:30:33.070000,4.97,4.96,4.97,8214400.0
2018-01-29 14:30:36.407000,4.97,4.96,4.97,8214400.0
2018-01-29 14:30:39.781000,4.97,4.96,4.97,8214400.0
2018-01-29 14:30:43.191000,4.97,4.96,4.97,8214400.0
2018-01-29 14:30:46.532000,4.97,4.96,4.97,8214400.0
2018-01-29 14:30:49.798000,4.97,4.96,4.97,8214400.0
2018-01-29 14:30:53.313000,4.97,4.96,4.97,8214400.0
2018-01-29 14:30:56.836000,4.97,4.96,4.97,8214400.0
2018-01-29 14:31:00.040000,4.97,4.96,4.97,8214400.0
2018-01-29 14:31:03.338000,4.98,4.96,4.98,8224500.0
2018-01-29 14:31:06.524000,4.98,4.96,4.98,8224500.0
2018-01-29 14:31:09.742000,4.98,4.96,4.98,8224500.0
2018-01-29 14:31:12.736000,4.98,4.96,4.98,8224500.0
2018-01-29 14:31:15.974000,4.98,4.96,4.98,8224500.0
2018-01-29 14:31:19.361000,4.98,4.96,4.98,8224500.0
2018-01-29 14:31:22.736000,4.98,4.96,4.98,8224500.0
2018-01-29 14:31:26.329000,4.98,4.96,4.98,8224500.0
2018-01-29 14:31:29.417000,4.98,4.96,4.98,8224500.0
2018-01-29 14:31:32.499000,4.98,4.96,4.98,8224500.0
2018-01-29 14:31:35.560000,4.98,4.96,4.98,8224500.0
2018-01-29 14:31:38.774000,4.98,4.96,4.98,8224500.0
2018-01-29 14:31:41.938000,4.98,4.96,4.98,8224500.0
2018-01-29 14:31:45.131000,4.98,4.96,4.98,8224500.0
2018-01-29 14:31:48.135000,4.98,4.96,4.98,8224500.0
2018-01-29 14:31:51.321000,4.98,4.96,4.98,8224500.0
2018-01-29 14:31:54.221000,4.98,4.96,4.98,8224500.0
2018-01-29 14:31:57.330000,4.98,4.96,4.98,8224500.0
2018-01-29 14:32:00.525000,4.98,4.96,4.98,8224500.0
2018-01-29 14:32:03.740000,4.98,4.96,4.98,8224500.0
2018-01-29 14:32:08.117000,4.98,4.96,4.98,8224500.0
2018-01-29 14:32:11.759000,4.98,4.96,4.98,8224500.0
2018-01-29 14:32:14.556000,4.98,4.96,4.98,8224500.0
2018-01-29 14:32:17.724000,4.97,4.96,4.97,8229500.0
2018-01-29 14:32:22.002000,4.97,4.96,4.97,8229500.0
2018-01-29 14:32:25.384000,4.97,4.96,4.97,8229500.0
2018-01-29 14:32:28.628000,4.97,4.96,4.97,8229500.0
2018-01-29 14:32:31.874000,4.97,4.96,4.97,8229500.0
2018-01-29 14:32:34.912000,4.97,4.96,4.97,8229500.0
2018-01-29 14:32:38.181000,4.97,4.96,4.97,8229500.0
2018-01-29 14:32:41.365000,4.97,4.96,4.97,8229500.0
2018-01-29 14:32:44.435000,4.97,4.96,4.97,8229500.0
2018-01-29 14:32:48.010000,4.97,4.96,4.97,8229500.0
2018-01-29 14:32:50.967000,4.97,4.96,4.97,8229500.0
2018-01-29 14:32:54.369000,4.97,4.96,4.97,8229500.0
2018-01-29 14:32:57.816000,4.97,4.96,4.98,8229500.0
2018-01-29 14:33:01.008000,4.97,4.96,4.98,8229500.0
2018-01-29 14:33:04.973000,4.97,4.96,4.98,8229500.0
2018-01-29 14:33:08.176000,4.97,4.96,4.98,8229500.0
2018-01-29 14:33:11.285000,4.97,4.96,4.98,8229500.0
2018-01-29 14:33:14.570000,4.97,4.96,4.98,8229500.0
2018-01-29 14:33:17.770000,4.97,4.96,4.98,8229500.0
2018-01-29 14:33:21.198000,4.97,4.96,4.98,8229500.0
2018-01-29 14:33:24.496000,4.97,4.96,4.98,8229500.0
2018-01-29 14:33:28.133000,4.97,4.96,4.98,8229500.0
2018-01-29 14:33:31.367000,4.97,4.96,4.98,8229500.0
2018-01-29 14:33:34.782000,4.97,4.96,4.98,8229500.0
2018-01-29 14:33:37.910000,4.97,4.96,4.98,8229500.0
2018-01-29 14:33:41.212000,4.97,4.96,4.98,8229500.0
2018-01-29 14:33:44.509000,4.97,4.96,4.98,8229500.0
2018-01-29 14:33:47.976000,4.97,4.96,4.98,8234500.0
2018-01-29 14:33:51.121000,4.97,4.96,4.98,8234500.0
2018-01-29 14:33:54.421000,4.97,4.96,4.98,8234500.0
2018-01-29 14:33:58.099000,4.97,4.96,4.98,8234500.0
2018-01-29 14:34:01.311000,4.97,4.96,4.98,8234500.0
2018-01-29 14:34:04.538000,4.97,4.96,4.98,8234500.0
2018-01-29 14:34:07.899000,4.97,4.96,4.98,8234500.0
2018-01-29 14:34:11.401000,4.97,4.96,4.98,8234500.0
2018-01-29 14:34:14.583000,4.97,4.96,4.98,8234500.0
2018-01-29 14:34:17.890000,4.97,4.96,4.98,8234500.0
2018-01-29 14:34:21.209000,4.97,4.96,4.98,8234500.0
2018-01-29 14:34:24.595000,4.97,4.96,4.97,8234500.0
2018-01-29 14:34:28.166000,4.97,4.96,4.97,8234500.0
2018-01-29 14:34:31.610000,4.97,4.96,4.97,8234500.0
2018-01-29 14:34:34.803000,4.97,4.96,4.97,8234500.0
2018-01-29 14:34:38.584000,4.97,4.96,4.97,8234500.0
2018-01-29 14:34:41.854000,4.97,4.96,4.97,8234500.0
2018-01-29 14:34:45.045000,4.97,4.96,4.97,8234500.0
2018-01-29 14:34:48.228000,4.97,4.96,4.97,8234500.0
2018-01-29 14:34:51.486000,4.97,4.96,4.97,8234500.0
2018-01-29 14:34:54.741000,4.97,4.96,4.97,8234500.0
2018-01-29 14:34:57.993000,4.97,4.96,4.97,8234500.0
2018-01-29 14:35:01.247000,4.97,4.96,4.97,8234500.0
2018-01-29 14:35:04.540000,4.97,4.96,4.98,8234500.0
2018-01-29 14:35:07.774000,4.97,4.96,4.98,8234500.0
2018-01-29 14:35:10.976000,4.97,4.96,4.98,8234500.0
2018-01-29 14:35:14.180000,4.97,4.96,4.98,8234500.0
2018-01-29 14:35:18.070000,4.97,4.96,4.98,8234500.0
2018-01-29 14:35:21.193000,4.97,4.96,4.98,8234500.0
2018-01-29 14:35:24.773000,4.97,4.96,4.98,8234500.0
2018-01-29 14:35:28.259000,4.97,4.96,4.98,8234500.0
2018-01-29 14:35:31.383000,4.97,4.96,4.98,8234500.0
2018-01-29 14:35:34.650000,4.97,4.96,4.98,8234500.0
2018-01-29 14:35:38.101000,4.97,4.96,4.98,8234500.0
2018-01-29 14:35:41.367000,4.97,4.96,4.98,8234500.0
2018-01-29 14:35:45.118000,4.97,4.96,4.98,8234500.0
2018-01-29 14:35:48.792000,4.97,4.96,4.98,8234500.0
2018-01-29 14:35:52.018000,4.97,4.96,4.98,8234500.0
2018-01-29 14:35:55.838000,4.97,4.96,4.98,8234500.0
2018-01-29 14:35:59.135000,4.97,4.96,4.98,8234500.0
2018-01-29 14:36:02.243000,4.97,4.96,4.98,8234500.0
2018-01-29 14:36:05.634000,4.97,4.96,4.98,8234500.0
2018-01-29 14:36:08.820000,4.97,4.96,4.98,8234500.0
2018-01-29 14:36:12.172000,4.97,4.96,4.98,8234500.0
2018-01-29 14:36:15.146000,4.97,4.96,4.98,8234500.0
2018-01-29 14:36:17.938000,4.97,4.96,4.98,8234500.0
2018-01-29 14:36:21.498000,4.97,4.96,4.98,8234500.0
2018-01-29 14:36:26.016000,4.97,4.96,4.98,8234500.0
2018-01-29 14:36:29.048000,4.97,4.96,4.98,8234500.0
2018-01-29 14:36:31.980000,4.97,4.96,4.98,8234500.0
2018-01-29 14:36:35.507000,4.97,4.96,4.98,8234500.0
2018-01-29 14:36:38.399000,4.97,4.96,4.98,8234500.0
2018-01-29 14:36:41.719000,4.97,4.96,4.98,8234500.0
2018-01-29 14:36:44.553000,4.97,4.96,4.98,8234500.0
2018-01-29 14:36:47.331000,4.97,4.96,4.98,8234500.0
2018-01-29 14:36:50.541000,4.97,4.96,4.98,8234500.0
2018-01-29 14:36:53.634000,4.97,4.96,4.98,8234500.0
2018-01-29 14:36:56.816000,4.97,4.96,4.98,8234500.0
2018-01-29 14:36:59.836000,4.97,4.96,4.98,8234500.0
2018-01-29 14:37:02.856000,4.97,4.96,4.98,8234500.0
2018-01-29 14:37:05.846000,4.97,4.96,4.98,8234500.0
2018-01-29 14:37:08.859000,4.97,4.96,4.98,8234500.0
2018-01-29 14:37:11.985000,4.97,4.96,4.98,8234500.0
2018-01-29 14:37:15.405000,4.97,4.96,4.98,8234500.0
2018-01-29 14:37:19.247000,4.97,4.96,4.98,8234500.0
2018-01-29 14:37:25.327000,4.97,4.96,4.98,8234500.0
2018-01-29 14:37:29.953000,4.97,4.96,4.98,8234500.0
2018-01-29 14:37:33.244000,4.97,4.96,4.98,8234500.0
2018-01-29 14:37:36.855000,4.97,4.96,4.98,8234500.0
2018-01-29 14:37:39.998000,4.97,4.96,4.98,8234500.0
2018-01-29 14:37:43.513000,4.97,4.96,4.98,8234500.0
2018-01-29 14:37:46.865000,4.97,4.96,4.98,8234500.0
2018-01-29 14:37:49.999000,4.97,4.96,4.98,8234500.0
2018-01-29 14:37:53.136000,4.97,4.96,4.98,8234500.0
2018-01-29 14:37:56.015000,4.97,4.96,4.98,8234500.0
2018-01-29 14:37:58.927000,4.97,4.96,4.98,8234500.0
2018-01-29 14:38:01.928000,4.97,4.96,4.98,8234500.0
2018-01-29 14:38:04.794000,4.97,4.96,4.98,8234500.0
2018-01-29 14:38:08.152000,4.97,4.96,4.98,8234500.0
2018-01-29 14:38:11.342000,4.97,4.96,4.98,8234500.0
2018-01-29 14:38:14.451000,4.97,4.96,4.98,8234500.0
2018-01-29 14:38:17.418000,4.97,4.96,4.98,8234500.0
2018-01-29 14:38:20.501000,4.97,4.96,4.98,8234500.0
2018-01-29 14:38:23.418000,4.97,4.96,4.98,8234500.0
2018-01-29 14:38:26.701000,4.97,4.96,4.98,8234500.0
2018-01-29 14:38:29.577000,4.97,4.96,4.98,8234500.0
2018-01-29 14:38:32.592000,4.97,4.96,4.98,8234500.0
2018-01-29 14:38:35.415000,4.97,4.96,4.98,8234500.0
2018-01-29 14:38:38.404000,4.97,4.96,4.98,8234500.0
2018-01-29 14:38:41.410000,4.97,4.96,4.98,8234500.0
2018-01-29 14:38:44.418000,4.97,4.96,4.98,8234500.0
2018-01-29 14:38:47.829000,4.97,4.96,4.98,8234500.0
2018-01-29 14:38:50.954000,4.97,4.96,4.98,8234500.0
2018-01-29 14:38:53.955000,4.97,4.96,4.98,8234500.0
2018-01-29 14:38:57.130000,4.97,4.96,4.98,8234500.0
2018-01-29 14:39:00.330000,4.97,4.96,4.98,8234500.0
2018-01-29 14:39:03.359000,4.97,4.96,4.98,8234500.0
2018-01-29 14:39:09.786000,4.97,4.96,4.98,8234500.0
2018-01-29 14:39:50.406000,4.97,4.96,4.98,8234500.0
2018-01-29 14:40:08.655000,4.97,4.97,4.98,8234500.0
2018-01-29 14:40:20.493000,4.97,4.97,4.98,8234500.0
2018-01-29 14:40:23.624000,4.97,4.97,4.98,8234500.0
2018-01-29 14:40:26.451000,4.97,4.97,4.98,8234500.0
2018-01-29 14:40:29.191000,4.97,4.97,4.98,8234500.0
2018-01-29 14:40:32.067000,4.97,4.97,4.98,8234500.0
2018-01-29 14:40:36.302000,4.97,4.97,4.98,8234500.0
2018-01-29 14:40:39.301000,4.97,4.97,4.98,8234500.0
2018-01-29 14:40:44.002000,4.97,4.97,4.98,8234500.0
2018-01-29 14:40:47.191000,4.97,4.97,4.98,8234500.0
2018-01-29 14:40:50.177000,4.97,4.97,4.98,8234500.0
2018-01-29 14:40:53.501000,4.97,4.97,4.98,8234500.0
2018-01-29 14:40:56.239000,4.97,4.97,4.98,8234500.0
