time,price,bid,ask,volume
2018-01-23 13:03:37.161000,32.95,32.95,33.0,33978902.0
2018-01-23 13:03:40.461000,32.95,32.95,33.0,33978902.0
2018-01-23 13:03:43.179000,32.95,32.95,33.0,33978902.0
2018-01-23 13:03:45.789000,32.95,32.95,33.0,33978902.0
2018-01-23 13:03:48.615000,32.95,32.95,33.0,33978902.0
2018-01-23 13:03:51.310000,32.95,32.95,33.0,33978902.0
2018-01-23 13:03:53.971000,33.0,32.95,33.0,34276402.0
2018-01-23 13:03:56.658000,33.0,32.95,33.0,34276402.0
2018-01-23 13:03:59.793000,33.0,32.95,33.0,34276402.0
2018-01-23 13:04:02.408000,33.0,32.95,33.0,34276402.0
2018-01-23 13:04:05.256000,33.0,32.95,33.0,34276402.0
2018-01-23 13:04:07.803000,33.0,32.95,33.0,34276402.0
2018-01-23 13:04:10.541000,33.0,32.95,33.0,34276402.0
2018-01-23 13:04:13.231000,33.0,32.95,33.0,34276402.0
2018-01-23 13:04:16.015000,33.0,32.95,33.0,34276402.0
2018-01-23 13:04:18.802000,33.0,32.95,33.0,34276402.0
2018-01-23 13:04:21.395000,33.0,32.95,33.0,34276402.0
2018-01-23 13:04:23.854000,33.0,32.95,33.0,34276402.0
2018-01-23 13:04:26.465000,33.0,32.95,33.0,34276402.0
2018-01-23 13:04:29.145000,33.0,32.95,33.0,34276402.0
2018-01-23 13:04:32.002000,33.0,32.95,33.0,34276402.0
2018-01-23 13:04:34.713000,33.0,32.95,33.0,34276402.0
2018-01-23 13:04:37.425000,33.0,32.95,33.0,34276402.0
2018-01-23 13:04:39.897000,33.0,32.95,33.0,34276402.0
2018-01-23 13:04:42.378000,33.0,32.95,33.0,34276402.0
2018-01-23 13:04:45.180000,33.0,32.95,33.0,34276402.0
2018-01-23 13:04:47.785000,33.0,32.95,33.0,34276402.0
2018-01-23 13:04:50.689000,33.0,32.95,33.0,34276402.0
2018-01-23 13:04:53.461000,33.0,32.95,33.0,34276402.0
2018-01-23 13:04:56.241000,33.0,32.95,33.0,34276402.0
2018-01-23 13:04:59.100000,33.0,32.95,33.0,34276402.0
2018-01-23 13:05:01.955000,33.0,32.95,33.0,34276402.0
2018-01-23 13:05:05.159000,33.0,32.95,33.0,34276402.0
2018-01-23 13:05:07.848000,33.0,32.95,33.0,34276402.0
2018-01-23 13:05:10.523000,33.05,33.0,33.05,34281402.0
2018-01-23 13:05:13.413000,33.05,33.0,33.05,34281402.0
2018-01-23 13:05:15.992000,33.05,33.0,33.05,34281402.0
2018-01-23 13:05:18.788000,33.05,33.0,33.05,34281402.0
2018-01-23 13:05:21.324000,33.05,33.0,33.05,34281402.0
2018-01-23 13:05:23.911000,33.05,33.0,33.05,34281402.0
2018-01-23 13:05:26.613000,33.05,33.0,33.05,34281402.0
2018-01-23 13:05:29.335000,33.05,33.0,33.05,34281402.0
2018-01-23 13:05:32.052000,33.05,33.0,33.05,34281402.0
2018-01-23 13:05:36.205000,33.05,33.0,33.05,34281402.0
2018-01-23 13:05:55.197000,33.05,33.0,33.05,34281402.0
2018-01-23 13:06:03.867000,33.0,33.0,33.05,34478016.0
2018-01-23 13:06:10.189000,33.0,33.0,33.05,34478016.0
2018-01-23 13:06:14.370000,33.0,33.0,33.05,34478016.0
2018-01-23 13:06:19.267000,33.0,33.0,33.05,34478016.0
2018-01-23 13:06:27.537000,33.0,33.0,33.05,34478016.0
2018-01-23 13:06:33.932000,33.0,33.0,33.05,34478016.0
2018-01-23 13:06:41.339000,33.0,33.0,33.05,34478016.0
2018-01-23 13:06:48.975000,33.0,33.0,33.05,34478016.0
2018-01-23 13:06:58.328000,33.0,33.0,33.05,34478016.0
2018-01-23 13:07:07.321000,33.0,33.0,33.05,34478016.0
2018-01-23 13:07:14.886000,33.0,33.0,33.05,34478016.0
2018-01-23 13:07:19.415000,33.0,33.0,33.05,34478016.0
2018-01-23 13:07:40.608000,33.05,33.0,33.05,34482716.0
2018-01-23 13:07:48.360000,33.05,33.0,33.05,34482716.0
2018-01-23 13:07:53.831000,33.05,33.0,33.05,34482716.0
2018-01-23 13:08:00.094000,33.05,33.0,33.05,34482716.0
2018-01-23 13:08:04.463000,33.05,33.0,33.05,34482716.0
2018-01-23 13:08:08.106000,33.05,33.0,33.05,34482716.0
2018-01-23 13:08:11.944000,33.05,33.0,33.05,34482716.0
2018-01-23 13:08:15.400000,33.05,33.0,33.05,34482716.0
2018-01-23 13:08:22.197000,33.05,33.0,33.05,34482716.0
2018-01-23 13:08:24.824000,33.05,33.0,33.05,34482716.0
2018-01-23 13:08:27.695000,33.05,33.0,33.05,34482716.0
2018-01-23 13:08:30.486000,33.05,33.0,33.05,34482716.0
2018-01-23 13:08:33.097000,33.05,33.0,33.05,34510216.0
2018-01-23 13:08:35.769000,33.05,33.0,33.05,34510216.0
2018-01-23 13:08:38.401000,33.05,33.0,33.05,34510216.0
2018-01-23 13:08:41.438000,33.05,33.0,33.05,34510216.0
2018-01-23 13:08:44.151000,33.05,33.0,33.05,34510216.0
2018-01-23 13:08:51.994000,33.05,33.0,33.05,34510216.0
2018-01-23 13:08:58.183000,33.05,33.0,33.05,34510216.0
2018-01-23 13:09:00.938000,33.05,33.0,33.05,34510216.0
2018-01-23 13:09:03.655000,33.05,33.0,33.05,34510216.0
2018-01-23 13:09:06.389000,33.05,33.0,33.05,34510216.0
2018-01-23 13:09:09.262000,33.05,33.0,33.05,34510216.0
2018-01-23 13:09:11.836000,33.05,33.0,33.05,34510216.0
2018-01-23 13:09:14.544000,33.05,33.0,33.05,34510216.0
2018-01-23 13:09:17.353000,33.05,33.0,33.05,34510216.0
2018-01-23 13:09:20.012000,33.05,33.0,33.05,34510216.0
2018-01-23 13:09:22.910000,33.05,33.0,33.05,34510216.0
2018-01-23 13:09:25.398000,33.05,33.0,33.05,34510216.0
2018-01-23 13:09:27.915000,33.05,33.0,33.05,34510216.0
2018-01-23 13:09:30.919000,33.05,33.0,33.05,34510216.0
2018-01-23 13:09:37.056000,33.05,33.0,33.05,34510216.0
2018-01-23 13:09:39.676000,33.05,33.0,33.05,34510216.0
2018-01-23 13:09:42.081000,33.05,33.0,33.05,34510216.0
2018-01-23 13:09:44.603000,33.05,33.0,33.05,34510216.0
2018-01-23 13:09:47.138000,33.05,33.0,33.05,34510216.0
2018-01-23 13:09:49.732000,33.05,33.0,33.05,34510216.0
2018-01-23 13:09:52.124000,33.05,33.0,33.05,34510216.0
2018-01-23 13:09:54.759000,33.05,33.0,33.05,34510216.0
2018-01-23 13:09:57.435000,33.05,33.0,33.05,34510216.0
2018-01-23 13:10:00.282000,33.05,33.0,33.05,34526716.0
2018-01-23 13:10:03.020000,33.05,33.0,33.05,34526716.0
2018-01-23 13:10:05.640000,33.05,33.0,33.05,34526716.0
2018-01-23 13:10:08.435000,33.05,33.0,33.05,34526716.0
2018-01-23 13:10:11.045000,33.05,33.0,33.05,34526716.0
2018-01-23 13:10:13.637000,33.05,33.0,33.05,34526716.0
2018-01-23 13:10:16.230000,33.05,33.0,33.05,34526716.0
2018-01-23 13:10:18.706000,33.05,33.0,33.05,34526716.0
2018-01-23 13:10:21.440000,33.05,33.0,33.05,34526716.0
2018-01-23 13:10:23.987000,33.05,33.0,33.05,34526716.0
2018-01-23 13:10:26.672000,33.05,33.0,33.05,34526716.0
2018-01-23 13:10:29.201000,33.05,33.0,33.05,34526716.0
2018-01-23 13:10:31.938000,33.05,33.0,33.05,34526716.0
2018-01-23 13:10:34.489000,33.05,33.0,33.05,34526716.0
2018-01-23 13:10:37.263000,33.05,33.0,33.05,34526716.0
2018-01-23 13:10:40.204000,33.05,33.0,33.05,34526716.0
2018-01-23 13:10:43.452000,33.05,33.0,33.05,34526716.0
2018-01-23 13:10:46.315000,33.05,33.0,33.05,34526716.0
2018-01-23 13:10:48.965000,33.05,33.0,33.05,34526716.0
2018-01-23 13:10:51.642000,33.05,33.0,33.05,34546716.0
2018-01-23 13:10:54.574000,33.05,33.0,33.05,34546716.0
2018-01-23 13:10:57.202000,33.05,33.0,33.05,34546716.0
2018-01-23 13:10:59.987000,33.05,33.0,33.05,34546716.0
2018-01-23 13:11:02.637000,33.05,33.0,33.05,34546716.0
2018-01-23 13:11:05.224000,33.05,33.0,33.05,34546716.0
2018-01-23 13:11:07.809000,33.05,33.0,33.05,34546716.0
2018-01-23 13:11:10.407000,33.05,33.0,33.05,34546716.0
2018-01-23 13:11:13.138000,33.05,33.0,33.05,34546716.0
2018-01-23 13:11:16.188000,33.05,33.0,33.05,34546716.0
2018-01-23 13:11:18.875000,33.05,33.0,33.05,34546716.0
2018-01-23 13:11:21.494000,33.05,33.0,33.05,34546716.0
2018-01-23 13:11:24.250000,33.05,33.0,33.05,34546716.0
2018-01-23 13:11:26.754000,33.05,33.0,33.05,34546716.0
2018-01-23 13:11:29.440000,33.05,33.0,33.05,34546716.0
2018-01-23 13:11:32.055000,33.05,33.0,33.05,34546716.0
2018-01-23 13:11:34.609000,33.05,33.0,33.05,34546716.0
2018-01-23 13:11:37.340000,33.05,33.0,33.05,34546716.0
2018-01-23 13:11:40.081000,33.05,33.0,33.05,34556216.0
2018-01-23 13:11:42.779000,33.05,33.0,33.05,34556216.0
2018-01-23 13:11:45.372000,33.05,33.0,33.05,34556216.0
2018-01-23 13:11:48.438000,33.05,33.0,33.05,34556216.0
2018-01-23 13:11:51.082000,33.05,33.0,33.05,34556216.0
2018-01-23 13:11:53.795000,33.05,33.0,33.05,34733716.0
2018-01-23 13:11:56.470000,33.05,33.0,33.05,34733716.0
2018-01-23 13:11:59.221000,33.05,33.0,33.05,34733716.0
2018-01-23 13:12:01.951000,33.05,33.0,33.05,34733716.0
2018-01-23 13:12:04.770000,33.05,33.0,33.05,34733716.0
2018-01-23 13:12:07.435000,33.05,33.0,33.05,34733716.0
2018-01-23 13:12:10.065000,33.05,33.0,33.05,34733716.0
2018-01-23 13:12:12.578000,33.05,33.0,33.05,34733716.0
2018-01-23 13:12:15.332000,33.05,33.0,33.05,34733716.0
2018-01-23 13:12:18.080000,33.05,33.0,33.05,34733716.0
2018-01-23 13:12:20.752000,33.05,33.0,33.05,34733716.0
2018-01-23 13:12:23.486000,33.05,33.0,33.05,34733716.0
2018-01-23 13:12:26.044000,33.05,33.0,33.05,34733716.0
2018-01-23 13:12:28.518000,33.05,33.0,33.05,34733716.0
2018-01-23 13:12:31.393000,33.05,33.0,33.05,34733716.0
2018-01-23 13:12:34.078000,33.05,33.0,33.05,34733716.0
2018-01-23 13:12:36.926000,33.05,33.0,33.05,34733716.0
2018-01-23 13:12:39.777000,33.05,33.0,33.05,34751416.0
2018-01-23 13:12:42.331000,33.05,33.0,33.05,34751416.0
2018-01-23 13:12:44.916000,33.05,33.0,33.05,34751416.0
2018-01-23 13:12:47.312000,33.05,33.0,33.05,34751416.0
2018-01-23 13:12:49.955000,33.05,33.0,33.05,34751416.0
2018-01-23 13:12:52.564000,33.05,33.0,33.05,34751416.0
2018-01-23 13:12:55.317000,33.05,33.0,33.05,34751416.0
2018-01-23 13:12:57.921000,33.05,33.0,33.05,34751416.0
2018-01-23 13:13:00.559000,33.05,33.0,33.05,34751416.0
2018-01-23 13:13:03.300000,33.05,33.0,33.05,34751416.0
2018-01-23 13:13:05.817000,33.05,33.0,33.05,34751416.0
2018-01-23 13:13:08.548000,33.05,33.0,33.05,34751416.0
2018-01-23 13:13:11.132000,33.05,33.0,33.05,34751416.0
2018-01-23 13:13:13.734000,33.05,33.0,33.05,34751416.0
2018-01-23 13:13:16.268000,33.05,33.0,33.05,34751416.0
2018-01-23 13:13:18.804000,33.05,33.0,33.05,34751416.0
2018-01-23 13:13:21.400000,33.05,33.0,33.05,34751416.0
2018-01-23 13:13:24.298000,33.05,33.0,33.05,34751416.0
2018-01-23 13:13:26.974000,33.05,33.0,33.05,34751416.0
2018-01-23 13:13:29.699000,33.05,33.0,33.05,34751416.0
2018-01-23 13:13:32.406000,33.05,33.0,33.05,34751416.0
2018-01-23 13:13:34.957000,33.05,33.0,33.05,34751416.0
2018-01-23 13:13:37.579000,33.05,33.0,33.05,34751416.0
2018-01-23 13:13:40.191000,33.05,33.0,33.05,34751416.0
2018-01-23 13:13:42.829000,33.05,33.0,33.05,34751416.0
2018-01-23 13:13:45.488000,33.05,33.0,33.05,34751416.0
2018-01-23 13:13:48.209000,33.05,33.0,33.05,34751416.0
2018-01-23 13:13:50.741000,33.05,33.0,33.05,34751416.0
2018-01-23 13:13:53.534000,33.05,33.0,33.05,34751416.0
2018-01-23 13:13:56.256000,33.05,33.0,33.05,34751416.0
2018-01-23 13:13:59.187000,33.05,33.0,33.05,34751416.0
2018-01-23 13:14:02.004000,33.0,33.0,33.05,34786416.0
2018-01-23 13:14:04.755000,33.0,33.0,33.05,34786416.0
2018-01-23 13:14:07.404000,33.0,33.0,33.05,34786416.0
2018-01-23 13:14:10.099000,33.0,33.0,33.05,34786416.0
2018-01-23 13:14:12.750000,33.0,33.0,33.05,34786416.0
2018-01-23 13:14:15.460000,33.0,33.0,33.05,34786416.0
2018-01-23 13:14:18.134000,33.0,33.0,33.05,34786416.0
2018-01-23 13:14:20.603000,33.0,33.0,33.05,34786416.0
2018-01-23 13:14:23.173000,33.0,33.0,33.05,34786416.0
2018-01-23 13:14:25.785000,33.0,33.0,33.05,34786416.0
2018-01-23 13:14:28.493000,33.0,33.0,33.05,34786416.0
2018-01-23 13:14:31.185000,33.0,33.0,33.05,34786416.0
2018-01-23 13:14:33.715000,33.0,33.0,33.05,34786416.0
2018-01-23 13:14:36.305000,33.0,33.0,33.05,34786416.0
2018-01-23 13:14:38.817000,33.0,33.0,33.05,34786416.0
2018-01-23 13:14:41.555000,33.0,33.0,33.05,34786416.0
2018-01-23 13:14:44.381000,33.0,33.0,33.05,34786416.0
2018-01-23 13:14:46.869000,33.0,33.0,33.05,34786416.0
2018-01-23 13:14:49.509000,33.0,33.0,33.05,34786416.0
2018-01-23 13:14:52.173000,33.0,33.0,33.05,34786416.0
2018-01-23 13:14:54.721000,33.0,33.0,33.05,34786416.0
2018-01-23 13:14:57.449000,33.0,33.0,33.05,34789916.0
2018-01-23 13:15:00.078000,33.0,33.0,33.05,34789916.0
2018-01-23 13:15:02.768000,33.0,33.0,33.05,34789916.0
2018-01-23 13:15:05.198000,33.0,33.0,33.05,34789916.0
2018-01-23 13:15:07.988000,33.0,33.0,33.05,34789916.0
2018-01-23 13:15:10.425000,33.0,33.0,33.05,34789916.0
2018-01-23 13:15:13.072000,33.0,33.0,33.05,34789916.0
2018-01-23 13:15:15.828000,33.0,33.0,33.05,34789916.0
2018-01-23 13:15:18.663000,33.0,33.0,33.05,34789916.0
2018-01-23 13:15:21.246000,33.0,33.0,33.05,34789916.0
2018-01-23 13:15:23.863000,33.0,33.0,33.05,34789916.0
2018-01-23 13:15:26.362000,33.0,33.0,33.05,34789916.0
2018-01-23 13:15:28.882000,33.0,33.0,33.05,34789916.0
2018-01-23 13:15:31.604000,33.0,33.0,33.05,34789916.0
2018-01-23 13:15:34.211000,33.0,33.0,33.05,34789916.0
2018-01-23 13:15:37.160000,33.0,33.0,33.05,34789916.0
2018-01-23 13:15:40.822000,33.0,33.0,33.05,34789916.0
2018-01-23 13:15:54.286000,33.0,33.0,33.05,34789916.0
2018-01-23 13:15:57.725000,33.0,33.0,33.05,34789916.0
2018-01-23 13:16:00.900000,33.0,33.0,33.05,34789916.0
2018-01-23 13:16:04.102000,33.0,33.0,33.05,34789916.0
2018-01-23 13:16:07.152000,33.0,33.0,33.05,34789916.0
2018-01-23 13:16:10.475000,33.0,33.0,33.05,34789916.0
2018-01-23 13:16:13.691000,33.0,33.0,33.05,34789916.0
2018-01-23 13:16:16.710000,33.0,33.0,33.05,34789916.0
2018-01-23 13:16:21.218000,33.0,33.0,33.05,34789916.0
2018-01-23 13:16:25.697000,33.0,33.0,33.05,34789916.0
2018-01-23 13:16:31.886000,33.05,33.0,33.05,34797916.0
2018-01-23 13:16:35.041000,33.05,33.0,33.05,34797916.0
2018-01-23 13:16:38.349000,33.05,33.0,33.05,34797916.0
2018-01-23 13:16:41.594000,33.05,33.0,33.05,34797916.0
2018-01-23 13:16:45.157000,33.05,33.0,33.05,34797916.0
2018-01-23 13:16:48.234000,33.05,33.0,33.05,34797916.0
2018-01-23 13:16:52.151000,33.05,33.0,33.05,34797916.0
2018-01-23 13:16:56.134000,33.05,33.0,33.05,34810416.0
2018-01-23 13:16:59.587000,33.05,33.0,33.05,34810416.0
2018-01-23 13:17:02.742000,33.05,33.0,33.05,34810416.0
2018-01-23 13:17:06.195000,33.05,33.0,33.05,34810416.0
2018-01-23 13:17:09.307000,33.05,33.0,33.05,34810416.0
2018-01-23 13:17:12.448000,33.05,33.0,33.05,34810416.0
2018-01-23 13:17:16.933000,33.05,33.0,33.05,34810416.0
2018-01-23 13:17:20.007000,33.05,33.0,33.05,34810416.0
2018-01-23 13:17:24.595000,33.05,33.0,33.05,34810416.0
2018-01-23 13:17:27.946000,33.05,33.0,33.05,34823416.0
2018-01-23 13:17:31.176000,33.05,33.0,33.05,34823416.0
2018-01-23 13:17:35.967000,33.05,33.0,33.05,34823416.0
2018-01-23 13:17:39.134000,33.05,33.0,33.05,34823416.0
2018-01-23 13:17:42.545000,33.05,33.0,33.05,34823416.0
2018-01-23 13:17:47.127000,33.05,33.0,33.05,34823416.0
2018-01-23 13:17:50.565000,33.05,33.0,33.05,34823416.0
2018-01-23 13:17:53.820000,33.05,33.0,33.05,34823416.0
2018-01-23 13:17:57.189000,33.05,33.0,33.05,34823416.0
2018-01-23 13:18:00.771000,33.05,33.0,33.05,34823416.0
2018-01-23 13:18:04.025000,33.05,33.0,33.05,34823416.0
2018-01-23 13:18:07.184000,33.05,33.0,33.05,34823416.0
2018-01-23 13:18:10.479000,33.05,33.0,33.05,34823416.0
2018-01-23 13:18:13.761000,33.05,33.0,33.05,34823416.0
2018-01-23 13:18:18.950000,33.05,33.0,33.05,34823416.0
2018-01-23 13:18:21.538000,33.05,33.0,33.05,34823416.0
2018-01-23 13:18:24.118000,33.05,33.0,33.05,34823416.0
2018-01-23 13:18:26.669000,33.05,33.0,33.05,34823416.0
2018-01-23 13:18:29.347000,33.05,33.0,33.05,34823416.0
2018-01-23 13:18:32.468000,33.05,33.0,33.05,34823416.0
2018-01-23 13:18:35.113000,33.05,33.0,33.05,34823416.0
2018-01-23 13:18:38.432000,33.1,33.05,33.1,34828776.0
2018-01-23 13:18:41.748000,33.1,33.05,33.1,34828776.0
2018-01-23 13:18:44.481000,33.1,33.05,33.1,34828776.0
2018-01-23 13:18:46.937000,33.1,33.05,33.1,34828776.0
2018-01-23 13:18:49.669000,33.1,33.05,33.1,34828776.0
2018-01-23 13:18:52.478000,33.1,33.05,33.1,34828776.0
2018-01-23 13:18:55.029000,33.1,33.05,33.1,34828776.0
2018-01-23 13:18:57.468000,33.1,33.05,33.1,34828776.0
2018-01-23 13:19:00.082000,33.1,33.05,33.1,34828776.0
2018-01-23 13:19:02.738000,33.1,33.05,33.1,34828776.0
2018-01-23 13:19:05.299000,33.1,33.05,33.1,34828776.0
2018-01-23 13:19:07.875000,33.1,33.05,33.1,34828776.0
2018-01-23 13:19:10.563000,33.1,33.05,33.1,34828776.0
2018-01-23 13:19:13.228000,33.1,33.05,33.1,34828776.0
2018-01-23 13:19:15.793000,33.1,33.05,33.1,34828776.0
2018-01-23 13:19:18.201000,33.1,33.05,33.1,34828776.0
2018-01-23 13:19:20.952000,33.1,33.05,33.1,34828776.0
2018-01-23 13:19:23.635000,33.1,33.05,33.1,34828776.0
2018-01-23 13:19:26.325000,33.1,33.05,33.1,34828776.0
2018-01-23 13:19:29.045000,33.1,33.05,33.1,34828776.0
2018-01-23 13:19:31.423000,33.1,33.05,33.1,34828776.0
2018-01-23 13:19:34.108000,33.1,33.05,33.1,34828776.0
2018-01-23 13:19:36.307000,33.1,33.05,33.1,34828776.0
2018-01-23 13:19:38.936000,33.1,33.05,33.1,34828776.0
2018-01-23 13:19:41.470000,33.1,33.05,33.1,34828776.0
2018-01-23 13:19:43.868000,33.1,33.05,33.1,34828776.0
2018-01-23 13:19:46.319000,33.05,33.05,33.1,34845276.0
2018-01-23 13:19:48.806000,33.05,33.05,33.1,34845276.0
2018-01-23 13:19:51.198000,33.05,33.05,33.1,34845276.0
2018-01-23 13:19:53.713000,33.05,33.05,33.1,34845276.0
2018-01-23 13:19:56.247000,33.05,33.05,33.1,34845276.0
2018-01-23 13:19:58.795000,33.05,33.05,33.1,34845276.0
2018-01-23 13:20:01.220000,33.05,33.05,33.1,34845276.0
2018-01-23 13:20:03.900000,33.05,33.05,33.1,34845276.0
2018-01-23 13:20:06.387000,33.05,33.05,33.1,34845276.0
2018-01-23 13:20:08.995000,33.05,33.05,33.1,34845276.0
2018-01-23 13:20:11.524000,33.05,33.05,33.1,34845276.0
2018-01-23 13:20:13.974000,33.05,33.05,33.1,34845276.0
2018-01-23 13:20:16.434000,33.05,33.05,33.1,34845276.0
2018-01-23 13:20:18.997000,33.05,33.05,33.1,34845276.0
2018-01-23 13:20:21.540000,33.05,33.05,33.1,34845276.0
2018-01-23 13:20:24.081000,33.05,33.05,33.1,34845276.0
2018-01-23 13:20:26.532000,33.05,33.05,33.1,34845276.0
2018-01-23 13:20:29.225000,33.05,33.05,33.1,34845276.0
2018-01-23 13:20:31.744000,33.05,33.05,33.1,34845276.0
2018-01-23 13:20:34.154000,33.05,33.05,33.1,34845276.0
2018-01-23 13:20:36.596000,33.05,33.05,33.1,34845276.0
2018-01-23 13:20:39.186000,33.05,33.05,33.1,34845276.0
2018-01-23 13:20:41.634000,33.05,33.05,33.1,34845276.0
2018-01-23 13:20:44.624000,33.05,33.05,33.1,34845276.0
2018-01-23 13:20:47.988000,33.05,33.05,33.1,34845276.0
2018-01-23 13:20:51.148000,33.05,33.05,33.1,34845276.0
2018-01-23 13:20:54.702000,33.05,33.05,33.1,34845276.0
2018-01-23 13:20:57.743000,33.05,33.05,33.1,34845276.0
2018-01-23 13:21:01.174000,33.05,33.05,33.1,34845276.0
2018-01-23 13:21:04.358000,33.05,33.05,33.1,34845276.0
2018-01-23 13:21:07.465000,33.05,33.05,33.1,34860996.0
2018-01-23 13:21:11.065000,33.05,33.05,33.1,34860996.0
2018-01-23 13:21:14.609000,33.05,33.05,33.1,34860996.0
2018-01-23 13:21:17.880000,33.05,33.05,33.1,34860996.0
2018-01-23 13:21:20.905000,33.05,33.05,33.1,34860996.0
2018-01-23 13:21:24.074000,33.05,33.05,33.1,34860996.0
2018-01-23 13:21:27.456000,33.05,33.05,33.1,34860996.0
2018-01-23 13:21:30.845000,33.05,33.05,33.1,34860996.0
2018-01-23 13:21:34.060000,33.05,33.05,33.1,34860996.0
2018-01-23 13:21:37.470000,33.05,33.05,33.1,34860996.0
2018-01-23 13:21:41.017000,33.05,33.05,33.1,34860996.0
2018-01-23 13:21:44.172000,33.05,33.05,33.1,34860996.0
2018-01-23 13:21:47.858000,33.05,33.05,33.1,34860996.0
2018-01-23 13:21:50.885000,33.05,33.05,33.1,34860996.0
2018-01-23 13:21:53.871000,33.05,33.05,33.1,34860996.0
2018-01-23 13:21:56.938000,33.05,33.05,33.1,34860996.0
2018-01-23 13:21:59.999000,33.05,33.05,33.1,34860996.0
2018-01-23 13:22:03.217000,33.05,33.05,33.1,34860996.0
2018-01-23 13:22:06.352000,33.05,33.05,33.1,34860996.0
2018-01-23 13:22:09.366000,33.05,33.05,33.1,34860996.0
2018-01-23 13:22:12.469000,33.05,33.05,33.1,34860996.0
2018-01-23 13:22:15.486000,33.05,33.05,33.1,34860996.0
2018-01-23 13:22:18.733000,33.05,33.05,33.1,34860996.0
2018-01-23 13:22:21.924000,33.05,33.05,33.1,34860996.0
2018-01-23 13:22:25.031000,33.05,33.05,33.1,34860996.0
2018-01-23 13:22:28.170000,33.05,33.05,33.1,34860996.0
2018-01-23 13:22:31.454000,33.05,33.05,33.1,34860996.0
2018-01-23 13:22:34.717000,33.05,33.05,33.1,34860996.0
2018-01-23 13:22:37.873000,33.05,33.05,33.1,34860996.0
2018-01-23 13:22:41.283000,33.05,33.05,33.1,34860996.0
2018-01-23 13:22:44.315000,33.05,33.05,33.1,34860996.0
2018-01-23 13:22:47.342000,33.05,33.05,33.1,34861296.0
2018-01-23 13:22:50.462000,33.05,33.05,33.1,34861296.0
2018-01-23 13:22:53.563000,33.05,33.05,33.1,34861296.0
2018-01-23 13:22:56.585000,33.05,33.05,33.1,34861296.0
2018-01-23 13:22:59.702000,33.05,33.05,33.1,34861296.0
2018-01-23 13:23:02.690000,33.05,33.05,33.1,34861296.0
2018-01-23 13:23:05.720000,33.05,33.05,33.1,34861296.0
2018-01-23 13:23:08.958000,33.05,33.05,33.1,34861296.0
2018-01-23 13:23:12.288000,33.05,33.05,33.1,34861296.0
2018-01-23 13:23:15.376000,33.05,33.05,33.1,34861296.0
2018-01-23 13:23:18.330000,33.05,33.05,33.1,34861296.0
2018-01-23 13:23:21.411000,33.05,33.05,33.1,34861296.0
2018-01-23 13:23:24.298000,33.05,33.05,33.1,34861296.0
2018-01-23 13:23:27.474000,33.05,33.05,33.1,34861296.0
2018-01-23 13:23:30.658000,33.05,33.05,33.1,34861296.0
2018-01-23 13:23:33.892000,33.05,33.05,33.1,34861296.0
2018-01-23 13:23:37.133000,33.05,33.05,33.1,34861296.0
2018-01-23 13:23:40.339000,33.05,33.05,33.1,34861296.0
2018-01-23 13:23:43.359000,33.05,33.05,33.1,34861296.0
2018-01-23 13:23:46.431000,33.05,33.05,33.1,34861296.0
2018-01-23 13:23:49.610000,33.05,33.05,33.1,34895296.0
2018-01-23 13:23:52.671000,33.05,33.05,33.1,34895296.0
2018-01-23 13:23:55.641000,33.05,33.05,33.1,34895296.0
2018-01-23 13:23:58.718000,33.05,33.05,33.1,34895296.0
2018-01-23 13:24:01.676000,33.05,33.05,33.1,34895296.0
2018-01-23 13:24:04.549000,33.05,33.05,33.1,34895296.0
2018-01-23 13:24:07.555000,33.05,33.05,33.1,34895296.0
2018-01-23 13:24:10.474000,33.05,33.05,33.1,34895296.0
2018-01-23 13:24:13.502000,33.05,33.05,33.1,34895296.0
2018-01-23 13:24:16.553000,33.05,33.05,33.1,34895296.0
2018-01-23 13:24:19.630000,33.05,33.05,33.1,34895296.0
2018-01-23 13:24:22.699000,33.05,33.05,33.1,34895296.0
2018-01-23 13:24:25.738000,33.05,33.05,33.1,34895296.0
2018-01-23 13:24:28.862000,33.05,33.05,33.1,34895296.0
2018-01-23 13:24:32.427000,33.05,33.05,33.1,34895296.0
2018-01-23 13:24:35.612000,33.05,33.05,33.1,34895296.0
2018-01-23 13:24:38.691000,33.05,33.05,33.1,34895296.0
2018-01-23 13:24:41.741000,33.05,33.05,33.1,34895296.0
2018-01-23 13:24:44.939000,33.05,33.05,33.1,35076276.0
2018-01-23 13:24:48.231000,33.05,33.05,33.1,35076276.0
2018-01-23 13:24:51.333000,33.05,33.05,33.1,35076276.0
2018-01-23 13:24:54.959000,33.05,33.05,33.1,35076276.0
2018-01-23 13:24:58.054000,33.05,33.05,33.1,35076276.0
2018-01-23 13:25:01.288000,33.05,33.05,33.1,35076276.0
2018-01-23 13:25:04.441000,33.05,33.05,33.1,35076276.0
2018-01-23 13:25:07.599000,33.05,33.05,33.1,35076276.0
2018-01-23 13:25:10.974000,33.05,33.05,33.1,35076276.0
2018-01-23 13:25:14.077000,33.05,33.05,33.1,35076276.0
2018-01-23 13:25:17.205000,33.05,33.05,33.1,35076276.0
2018-01-23 13:25:20.632000,33.05,33.05,33.1,35076276.0
2018-01-23 13:25:23.692000,33.05,33.05,33.1,35076276.0
2018-01-23 13:25:26.835000,33.05,33.05,33.1,35076276.0
2018-01-23 13:25:29.815000,33.05,33.05,33.1,35121037.0
2018-01-23 13:25:33.028000,33.05,33.05,33.1,35121037.0
2018-01-23 13:25:36.073000,33.05,33.05,33.1,35121037.0
2018-01-23 13:25:39.535000,33.05,33.05,33.1,35121037.0
2018-01-23 13:25:42.663000,33.05,33.05,33.1,35121037.0
2018-01-23 13:25:45.867000,33.05,33.05,33.1,35121037.0
2018-01-23 13:25:48.958000,33.05,33.05,33.1,35121037.0
2018-01-23 13:25:52.222000,33.05,33.05,33.1,35121037.0
2018-01-23 13:25:55.443000,33.05,33.05,33.1,35121037.0
2018-01-23 13:25:58.374000,33.05,33.05,33.1,35121037.0
2018-01-23 13:26:01.601000,33.05,33.05,33.1,35121037.0
2018-01-23 13:26:06.235000,33.05,33.05,33.1,35121037.0
2018-01-23 13:26:09.239000,33.05,33.05,33.1,35121037.0
2018-01-23 13:26:12.359000,33.05,33.05,33.1,35121037.0
2018-01-23 13:26:15.445000,33.05,33.05,33.1,35121037.0
2018-01-23 13:26:18.443000,33.05,33.05,33.1,35121037.0
2018-01-23 13:26:21.464000,33.05,33.05,33.1,35121037.0
2018-01-23 13:26:24.568000,33.05,33.05,33.1,35121037.0
2018-01-23 13:26:27.439000,33.05,33.05,33.1,35121037.0
2018-01-23 13:26:30.416000,33.05,33.05,33.1,35121037.0
2018-01-23 13:26:33.305000,33.0,33.0,33.05,35139537.0
2018-01-23 13:26:36.541000,33.0,33.0,33.05,35139537.0
2018-01-23 13:26:39.928000,33.0,33.0,33.05,35139537.0
2018-01-23 13:26:50.038000,33.0,33.0,33.05,35139537.0
2018-01-23 13:26:55.163000,33.0,33.0,33.05,35139537.0
2018-01-23 13:26:58.189000,33.0,33.0,33.05,35139537.0
2018-01-23 13:27:01.226000,33.0,33.0,33.05,35139537.0
2018-01-23 13:27:04.386000,33.0,33.0,33.05,35139537.0
2018-01-23 13:27:07.378000,33.0,33.0,33.05,35139537.0
2018-01-23 13:27:10.774000,33.0,33.0,33.05,35139537.0
2018-01-23 13:27:24.950000,33.0,33.0,33.05,35139537.0
2018-01-23 13:27:31.021000,33.0,33.0,33.05,35139537.0
2018-01-23 13:27:40.556000,33.0,33.0,33.05,35139537.0
2018-01-23 13:27:47.009000,33.0,33.0,33.05,35139537.0
2018-01-23 13:27:52.671000,33.0,33.0,33.05,35139537.0
2018-01-23 13:27:59.085000,33.0,33.0,33.05,35139537.0
2018-01-23 13:28:03.990000,33.0,33.0,33.05,35139537.0
2018-01-23 13:28:12.303000,33.0,33.0,33.05,35139537.0
2018-01-23 13:28:18.757000,33.0,33.0,33.05,35139537.0
2018-01-23 13:28:21.838000,33.0,33.0,33.05,35139537.0
2018-01-23 13:28:24.852000,33.0,33.0,33.05,35139537.0
2018-01-23 13:28:27.746000,33.0,33.0,33.05,35139537.0
2018-01-23 13:28:30.510000,33.0,33.0,33.05,35139537.0
2018-01-23 13:28:34.146000,33.0,33.0,33.05,35139537.0
2018-01-23 13:28:37.025000,33.0,33.0,33.05,35139537.0
2018-01-23 13:28:40.046000,33.0,33.0,33.05,35139537.0
2018-01-23 13:28:43.238000,33.0,33.0,33.05,35139537.0
2018-01-23 13:28:46.380000,33.0,33.0,33.05,35139537.0
2018-01-23 13:28:49.227000,33.05,33.0,33.05,35147528.0
2018-01-23 13:28:52.022000,33.05,33.0,33.05,35147528.0
2018-01-23 13:28:54.900000,33.05,33.0,33.05,35147528.0
2018-01-23 13:28:57.731000,33.05,33.0,33.05,35147528.0
2018-01-23 13:29:00.839000,33.05,33.0,33.05,35147528.0
2018-01-23 13:29:03.976000,33.05,33.0,33.05,35147528.0
2018-01-23 13:29:06.892000,33.05,33.0,33.05,35147528.0
2018-01-23 13:29:09.869000,33.05,33.0,33.05,35147528.0
2018-01-23 13:29:12.809000,33.05,33.0,33.05,35147528.0
2018-01-23 13:29:15.907000,33.05,33.0,33.05,35147528.0
2018-01-23 13:29:18.689000,33.05,33.0,33.05,35147528.0
2018-01-23 13:29:21.442000,33.05,33.0,33.05,35147528.0
2018-01-23 13:29:24.366000,33.05,33.0,33.05,35147528.0
2018-01-23 13:29:27.240000,33.05,33.0,33.05,35147528.0
2018-01-23 13:29:30.089000,33.05,33.0,33.05,35147528.0
2018-01-23 13:29:33.456000,33.05,33.0,33.05,35147528.0
2018-01-23 13:29:36.325000,33.05,33.0,33.05,35147528.0
2018-01-23 13:29:39.353000,33.05,33.0,33.05,35147528.0
2018-01-23 13:29:42.108000,33.05,33.0,33.05,35147528.0
2018-01-23 13:29:44.888000,33.05,33.0,33.05,35147528.0
2018-01-23 13:29:49.353000,33.05,33.0,33.05,35147528.0
2018-01-23 13:29:52.419000,33.05,33.0,33.05,35147528.0
2018-01-23 13:29:55.231000,33.0,33.0,33.05,35162402.0
2018-01-23 13:29:58.250000,33.0,33.0,33.05,35162402.0
2018-01-23 13:30:01.097000,33.0,33.0,33.05,35162402.0
2018-01-23 13:30:03.946000,33.0,33.0,33.05,35162402.0
2018-01-23 13:30:06.722000,33.0,33.0,33.05,35162402.0
2018-01-23 13:30:09.517000,33.0,33.0,33.05,35162402.0
2018-01-23 13:30:12.677000,33.0,33.0,33.05,35162402.0
2018-01-23 13:30:16.215000,33.0,33.0,33.05,35162402.0
2018-01-23 13:30:19.008000,33.05,33.0,33.1,35220402.0
2018-01-23 13:30:21.940000,33.05,33.0,33.1,35220402.0
2018-01-23 13:30:24.872000,33.05,33.0,33.1,35220402.0
2018-01-23 13:30:28.287000,33.05,33.0,33.1,35220402.0
2018-01-23 13:30:31.351000,33.05,33.0,33.1,35220402.0
2018-01-23 13:30:34.402000,33.05,33.0,33.1,35220402.0
2018-01-23 13:30:37.533000,33.05,33.0,33.1,35220402.0
2018-01-23 13:30:40.856000,33.05,33.0,33.1,35220402.0
2018-01-23 13:30:44.040000,33.05,33.0,33.1,35220402.0
2018-01-23 13:30:47.203000,33.05,33.0,33.1,35220402.0
2018-01-23 13:30:50.607000,33.05,33.0,33.1,35220402.0
2018-01-23 13:30:53.638000,33.05,33.0,33.1,35220402.0
2018-01-23 13:30:56.685000,33.05,33.0,33.1,35220402.0
2018-01-23 13:30:59.733000,33.05,33.0,33.1,35220402.0
2018-01-23 13:31:02.831000,33.05,33.0,33.1,35220402.0
2018-01-23 13:31:06.066000,33.05,33.0,33.05,35382022.0
2018-01-23 13:31:09.230000,33.05,33.0,33.05,35382022.0
2018-01-23 13:31:12.782000,33.05,33.0,33.05,35382022.0
2018-01-23 13:31:16.201000,33.05,33.0,33.05,35382022.0
2018-01-23 13:31:19.651000,33.05,33.0,33.05,35382022.0
2018-01-23 13:31:22.907000,33.05,33.0,33.05,35382022.0
2018-01-23 13:31:25.997000,33.05,33.0,33.05,35382022.0
2018-01-23 13:31:29.574000,33.05,33.0,33.05,35382022.0
2018-01-23 13:31:32.648000,33.05,33.0,33.05,35382022.0
2018-01-23 13:31:36.095000,33.05,33.0,33.05,35382022.0
2018-01-23 13:31:39.329000,33.05,33.0,33.05,35382022.0
2018-01-23 13:31:42.302000,33.05,33.0,33.05,35382022.0
2018-01-23 13:31:45.373000,33.05,33.0,33.05,35382022.0
2018-01-23 13:31:48.455000,33.05,33.0,33.05,35382022.0
2018-01-23 13:31:51.506000,33.05,33.0,33.05,35382022.0
2018-01-23 13:31:54.689000,33.05,33.0,33.05,35382022.0
2018-01-23 13:31:57.653000,33.05,33.0,33.05,35382022.0
2018-01-23 13:32:00.584000,33.05,33.0,33.05,35382022.0
2018-01-23 13:32:03.861000,33.05,33.0,33.05,35382022.0
2018-01-23 13:32:06.843000,33.05,33.0,33.05,35382022.0
2018-01-23 13:32:10.090000,33.05,33.0,33.05,35382022.0
2018-01-23 13:32:13.534000,33.05,33.0,33.05,35382022.0
2018-01-23 13:32:16.688000,33.05,33.0,33.05,35382022.0
2018-01-23 13:32:19.625000,33.05,33.0,33.05,35382022.0
2018-01-23 13:32:22.653000,33.05,33.0,33.05,35382022.0
2018-01-23 13:32:25.466000,33.05,33.0,33.05,35382022.0
2018-01-23 13:32:28.320000,33.05,33.0,33.05,35382022.0
2018-01-23 13:32:31.447000,33.05,33.0,33.05,35382022.0
2018-01-23 13:32:34.356000,33.05,33.0,33.05,35382022.0
2018-01-23 13:32:37.541000,33.05,33.0,33.05,35382022.0
2018-01-23 13:32:40.656000,33.05,33.0,33.05,35382022.0
2018-01-23 13:32:44.074000,33.05,33.0,33.05,35382022.0
2018-01-23 13:32:47.093000,33.05,33.0,33.05,35382022.0
2018-01-23 13:32:50.468000,33.05,33.0,33.05,35382022.0
2018-01-23 13:32:53.712000,33.05,33.0,33.05,35382022.0
2018-01-23 13:32:56.906000,33.05,33.0,33.05,35382022.0
2018-01-23 13:32:59.842000,33.05,33.0,33.05,35382022.0
2018-01-23 13:33:02.939000,33.05,33.0,33.05,35382022.0
2018-01-23 13:33:06.077000,33.05,33.0,33.05,35382022.0
2018-01-23 13:33:09.438000,33.05,33.0,33.05,35382022.0
2018-01-23 13:33:12.540000,33.05,33.0,33.05,35382022.0
2018-01-23 13:33:15.657000,33.05,33.0,33.05,35382022.0
2018-01-23 13:33:18.726000,33.05,33.0,33.05,35382022.0
2018-01-23 13:33:22.017000,33.05,33.0,33.05,35382022.0
2018-01-23 13:33:25.126000,33.0,33.0,33.05,35390522.0
2018-01-23 13:33:28.241000,33.0,33.0,33.05,35390522.0
2018-01-23 13:33:31.186000,33.0,33.0,33.05,35390522.0
2018-01-23 13:33:34.343000,33.0,33.0,33.05,35390522.0
2018-01-23 13:33:37.377000,33.0,33.0,33.05,35390522.0
2018-01-23 13:33:40.406000,33.0,33.0,33.05,35390522.0
2018-01-23 13:33:43.676000,33.0,33.0,33.05,35390522.0
2018-01-23 13:33:46.780000,33.0,33.0,33.05,35390522.0
2018-01-23 13:33:49.577000,33.0,33.0,33.05,35390522.0
2018-01-23 13:33:52.940000,33.0,33.0,33.05,35390522.0
2018-01-23 13:33:55.893000,33.0,33.0,33.05,35390522.0
2018-01-23 13:33:58.802000,33.0,33.0,33.05,35390522.0
2018-01-23 13:34:01.831000,33.0,33.0,33.05,35390522.0
2018-01-23 13:34:04.917000,33.0,33.0,33.05,35390522.0
2018-01-23 13:34:08.219000,33.0,33.0,33.05,35390522.0
2018-01-23 13:34:11.373000,33.0,33.0,33.05,35390522.0
2018-01-23 13:34:14.499000,33.0,33.0,33.05,35390522.0
2018-01-23 13:34:17.492000,33.0,33.0,33.05,35390522.0
2018-01-23 13:34:20.454000,33.0,33.0,33.05,35390522.0
2018-01-23 13:34:23.547000,33.0,33.0,33.05,35390522.0
2018-01-23 13:34:26.546000,33.0,33.0,33.05,35390522.0
2018-01-23 13:34:29.564000,33.0,33.0,33.05,35390522.0
2018-01-23 13:34:32.522000,33.0,33.0,33.05,35390522.0
2018-01-23 13:34:35.623000,33.0,33.0,33.05,35390522.0
2018-01-23 13:34:38.674000,33.0,33.0,33.05,35390522.0
2018-01-23 13:34:41.628000,33.0,33.0,33.05,35390522.0
2018-01-23 13:34:44.642000,33.0,33.0,33.05,35390522.0
2018-01-23 13:34:47.758000,33.0,33.0,33.05,35390522.0
2018-01-23 13:34:50.846000,33.0,33.0,33.05,35390522.0
2018-01-23 13:34:53.851000,33.0,33.0,33.05,35391642.0
2018-01-23 13:34:56.790000,33.0,33.0,33.05,35391642.0
2018-01-23 13:34:59.845000,33.0,33.0,33.05,35391642.0
2018-01-23 13:35:02.943000,33.0,33.0,33.05,35391642.0
2018-01-23 13:35:06.284000,33.0,33.0,33.05,35391642.0
2018-01-23 13:35:09.594000,33.0,33.0,33.05,35391642.0
2018-01-23 13:35:12.566000,33.0,33.0,33.05,35391642.0
2018-01-23 13:35:15.595000,33.0,33.0,33.05,35391642.0
2018-01-23 13:35:18.964000,33.0,33.0,33.05,35391642.0
2018-01-23 13:35:22.145000,33.0,33.0,33.05,35391642.0
2018-01-23 13:35:25.346000,33.0,33.0,33.05,35391642.0
2018-01-23 13:35:28.446000,33.0,33.0,33.05,35391642.0
2018-01-23 13:35:31.474000,33.0,33.0,33.05,35391642.0
2018-01-23 13:35:34.735000,33.0,33.0,33.05,35391642.0
2018-01-23 13:35:37.913000,33.0,33.0,33.05,35391642.0
2018-01-23 13:35:40.885000,33.0,33.0,33.05,35391642.0
2018-01-23 13:35:44.050000,33.0,33.0,33.05,35391642.0
2018-01-23 13:35:47.285000,33.0,33.0,33.05,35391642.0
2018-01-23 13:35:50.344000,33.0,33.0,33.05,35391642.0
2018-01-23 13:35:53.318000,33.0,33.0,33.05,35391642.0
2018-01-23 13:35:56.286000,33.0,33.0,33.05,35391642.0
2018-01-23 13:35:59.409000,33.0,33.0,33.05,35391642.0
2018-01-23 13:36:02.365000,33.0,32.95,33.0,35412142.0
2018-01-23 13:36:05.315000,33.0,32.95,33.0,35412142.0
2018-01-23 13:36:08.266000,33.0,32.95,33.0,35412142.0
2018-01-23 13:36:11.349000,33.0,32.95,33.0,35412142.0
2018-01-23 13:36:15.721000,33.0,32.95,33.0,35484142.0
2018-01-23 13:36:18.867000,33.0,32.95,33.0,35484142.0
2018-01-23 13:36:21.879000,33.0,32.95,33.0,35484142.0
2018-01-23 13:36:24.876000,33.0,32.95,33.0,35484142.0
2018-01-23 13:36:27.959000,33.0,32.95,33.0,35484142.0
2018-01-23 13:36:31.324000,33.0,32.95,33.0,35484142.0
2018-01-23 13:36:34.358000,33.0,32.95,33.0,35484142.0
2018-01-23 13:36:37.396000,33.0,32.95,33.0,35484142.0
2018-01-23 13:36:40.772000,33.0,32.95,33.0,35484142.0
2018-01-23 13:36:43.995000,33.0,32.95,33.0,35484142.0
2018-01-23 13:36:46.895000,33.0,32.95,33.0,35484142.0
2018-01-23 13:36:49.940000,33.0,32.95,33.0,35484142.0
2018-01-23 13:36:52.711000,33.0,32.95,33.0,35484142.0
2018-01-23 13:36:55.477000,33.0,32.95,33.0,35484142.0
2018-01-23 13:36:58.185000,33.0,32.95,33.0,35484142.0
2018-01-23 13:37:00.839000,33.0,32.95,33.0,35484142.0
2018-01-23 13:37:03.598000,33.0,32.95,33.0,35484142.0
2018-01-23 13:37:06.351000,33.0,32.95,33.0,35484142.0
2018-01-23 13:37:09.304000,33.0,32.95,33.0,35484142.0
2018-01-23 13:37:11.909000,33.0,32.95,33.0,35484142.0
2018-01-23 13:37:14.504000,33.0,32.95,33.0,35484142.0
2018-01-23 13:37:17.601000,33.0,32.95,33.0,35484142.0
2018-01-23 13:37:20.424000,33.0,32.95,33.0,35494142.0
2018-01-23 13:37:23.507000,33.0,32.95,33.0,35494142.0
2018-01-23 13:37:26.527000,33.0,32.95,33.0,35494142.0
2018-01-23 13:37:29.583000,33.0,32.95,33.0,35494142.0
2018-01-23 13:37:32.911000,33.0,32.95,33.0,35494142.0
2018-01-23 13:37:36.114000,33.0,32.95,33.0,35494142.0
2018-01-23 13:37:38.915000,33.0,32.95,33.0,35494142.0
2018-01-23 13:37:42.025000,33.0,32.95,33.0,35494142.0
2018-01-23 13:37:45.085000,33.0,32.95,33.0,35494142.0
2018-01-23 13:37:48.088000,33.0,32.95,33.0,35494142.0
2018-01-23 13:37:50.978000,33.0,32.95,33.0,35494142.0
2018-01-23 13:37:53.942000,33.0,32.95,33.0,35494142.0
2018-01-23 13:37:56.884000,33.0,32.95,33.0,35494142.0
2018-01-23 13:37:59.897000,33.0,32.95,33.0,35494142.0
2018-01-23 13:38:02.824000,33.0,32.95,33.0,35494142.0
2018-01-23 13:38:05.885000,33.0,32.95,33.0,35494142.0
2018-01-23 13:38:08.732000,33.0,32.95,33.0,35494142.0
2018-01-23 13:38:11.819000,33.0,32.95,33.0,35494142.0
2018-01-23 13:38:14.913000,33.0,32.95,33.0,35494142.0
2018-01-23 13:38:17.948000,33.0,32.95,33.0,35507142.0
2018-01-23 13:38:20.883000,33.0,32.95,33.0,35507142.0
2018-01-23 13:38:23.855000,33.0,32.95,33.0,35507142.0
2018-01-23 13:38:26.840000,33.0,32.95,33.0,35507142.0
2018-01-23 13:38:29.896000,33.0,32.95,33.0,35507142.0
2018-01-23 13:38:32.996000,33.0,32.95,33.0,35507142.0
2018-01-23 13:38:36.010000,33.0,32.95,33.0,35507142.0
2018-01-23 13:38:38.857000,33.0,32.95,33.0,35507142.0
2018-01-23 13:38:41.860000,33.0,32.95,33.0,35507142.0
2018-01-23 13:38:44.727000,33.0,32.95,33.0,35507142.0
2018-01-23 13:38:47.637000,33.0,32.95,33.0,35507142.0
2018-01-23 13:38:50.756000,33.0,32.95,33.0,35507142.0
2018-01-23 13:38:53.701000,33.0,32.95,33.0,35507142.0
2018-01-23 13:38:56.555000,33.0,32.95,33.0,35507142.0
2018-01-23 13:38:59.559000,33.0,32.95,33.0,35507142.0
2018-01-23 13:39:02.532000,33.0,32.95,33.0,35507142.0
2018-01-23 13:39:05.589000,33.0,32.95,33.0,35507142.0
2018-01-23 13:39:08.630000,33.0,32.95,33.0,35507142.0
2018-01-23 13:39:11.433000,33.0,32.95,33.0,35507142.0
2018-01-23 13:39:14.368000,33.0,32.95,33.0,35507142.0
2018-01-23 13:39:17.401000,33.0,32.95,33.0,35507142.0
2018-01-23 13:39:20.394000,33.0,32.95,33.0,35507142.0
2018-01-23 13:39:23.359000,33.0,32.95,33.0,35519642.0
2018-01-23 13:39:26.258000,33.0,32.95,33.0,35519642.0
2018-01-23 13:39:29.491000,33.0,32.95,33.0,35519642.0
2018-01-23 13:39:32.371000,33.0,32.95,33.0,35519642.0
2018-01-23 13:39:35.431000,33.0,32.95,33.0,35519642.0
2018-01-23 13:39:38.340000,33.0,32.95,33.0,35519642.0
2018-01-23 13:39:41.335000,33.0,32.95,33.0,35519642.0
2018-01-23 13:39:44.276000,33.0,32.95,33.0,35519642.0
2018-01-23 13:39:47.387000,33.0,32.95,33.0,35519642.0
2018-01-23 13:39:50.228000,33.0,32.95,33.0,35519642.0
2018-01-23 13:39:53.278000,33.0,32.95,33.0,35519642.0
2018-01-23 13:39:56.371000,33.0,32.95,33.0,35519642.0
2018-01-23 13:39:59.429000,33.0,32.95,33.0,35519642.0
2018-01-23 13:40:02.324000,33.0,32.95,33.0,35519642.0
2018-01-23 13:40:05.290000,33.0,32.95,33.0,35519642.0
2018-01-23 13:40:08.217000,33.0,32.95,33.0,35519642.0
2018-01-23 13:40:11.514000,33.0,32.95,33.0,35519642.0
2018-01-23 13:40:14.556000,33.0,32.95,33.0,35519642.0
2018-01-23 13:40:17.616000,33.0,32.95,33.0,35519642.0
2018-01-23 13:40:20.648000,33.0,32.95,33.0,35519642.0
2018-01-23 13:40:23.713000,33.0,32.95,33.0,35519642.0
2018-01-23 13:40:26.692000,33.0,32.95,33.0,35519642.0
2018-01-23 13:40:29.595000,33.0,32.95,33.0,35519642.0
2018-01-23 13:40:32.480000,33.0,32.95,33.0,35519642.0
2018-01-23 13:40:35.589000,33.0,32.95,33.0,35519642.0
2018-01-23 13:40:38.546000,33.0,32.95,33.0,35519642.0
2018-01-23 13:40:41.529000,33.0,32.95,33.0,35519642.0
2018-01-23 13:40:44.557000,33.0,32.95,33.0,35519642.0
2018-01-23 13:40:47.569000,33.0,32.95,33.0,35519642.0
2018-01-23 13:40:50.358000,33.0,32.95,33.0,35519642.0
2018-01-23 13:40:53.225000,33.0,32.95,33.0,35519642.0
2018-01-23 13:40:56.234000,33.0,32.95,33.0,35519642.0
2018-01-23 13:40:59.598000,33.0,32.95,33.0,35519642.0
2018-01-23 13:41:02.569000,33.0,32.95,33.0,35519642.0
2018-01-23 13:41:05.573000,33.0,32.95,33.0,35519642.0
2018-01-23 13:41:08.545000,32.95,32.95,33.0,35942142.0
2018-01-23 13:41:11.355000,32.95,32.95,33.0,35942142.0
2018-01-23 13:41:14.181000,32.95,32.95,33.0,35942142.0
2018-01-23 13:41:17.122000,32.95,32.95,33.0,35942142.0
2018-01-23 13:41:19.964000,32.95,32.95,33.0,35942142.0
2018-01-23 13:41:22.903000,32.95,32.95,33.0,35942142.0
2018-01-23 13:41:25.717000,32.95,32.95,33.0,35942142.0
2018-01-23 13:41:28.457000,32.95,32.95,33.0,35942142.0
2018-01-23 13:41:31.357000,32.95,32.95,33.0,35942142.0
2018-01-23 13:41:34.340000,32.95,32.95,33.0,35942142.0
2018-01-23 13:41:37.311000,32.95,32.95,33.0,35942142.0
2018-01-23 13:41:40.557000,32.95,32.95,33.0,35942142.0
2018-01-23 13:41:43.611000,32.95,32.95,33.0,35942142.0
2018-01-23 13:41:46.823000,32.95,32.95,33.0,35942142.0
2018-01-23 13:41:49.790000,32.95,32.95,33.0,35942142.0
2018-01-23 13:41:52.826000,32.95,32.95,33.0,36063142.0
2018-01-23 13:41:55.730000,32.95,32.95,33.0,36063142.0
2018-01-23 13:41:58.890000,32.95,32.95,33.0,36063142.0
2018-01-23 13:42:01.765000,32.95,32.95,33.0,36063142.0
2018-01-23 13:42:04.647000,32.95,32.95,33.0,36063142.0
2018-01-23 13:42:07.532000,32.95,32.95,33.0,36063142.0
2018-01-23 13:42:10.623000,32.95,32.95,33.0,36063142.0
2018-01-23 13:42:13.478000,32.95,32.95,33.0,36063142.0
2018-01-23 13:42:16.497000,32.95,32.95,33.0,36063142.0
2018-01-23 13:42:19.517000,32.95,32.95,33.0,36063142.0
2018-01-23 13:42:22.518000,32.95,32.95,33.0,36063142.0
2018-01-23 13:42:25.651000,32.95,32.95,33.0,36063142.0
2018-01-23 13:42:28.640000,32.95,32.95,33.0,36063142.0
2018-01-23 13:42:31.554000,32.95,32.95,33.0,36063142.0
2018-01-23 13:42:34.593000,32.95,32.9,33.0,36128642.0
2018-01-23 13:42:37.645000,32.95,32.9,33.0,36128642.0
2018-01-23 13:42:40.794000,32.95,32.9,33.0,36128642.0
2018-01-23 13:42:43.931000,32.95,32.9,33.0,36128642.0
2018-01-23 13:42:47.094000,32.95,32.9,33.0,36128642.0
2018-01-23 13:42:50.058000,32.95,32.9,33.0,36128642.0
2018-01-23 13:42:53.088000,32.95,32.9,33.0,36128642.0
2018-01-23 13:42:56.017000,32.95,32.9,33.0,36128642.0
2018-01-23 13:42:58.922000,32.95,32.9,33.0,36128642.0
2018-01-23 13:43:01.976000,32.95,32.9,33.0,36128642.0
2018-01-23 13:43:05.014000,32.95,32.9,33.0,36128642.0
2018-01-23 13:43:07.951000,32.95,32.9,33.0,36128642.0
2018-01-23 13:43:10.999000,32.95,32.9,33.0,36128642.0
2018-01-23 13:43:14.701000,32.95,32.9,33.0,36128642.0
2018-01-23 13:43:17.786000,32.95,32.9,33.0,36128642.0
2018-01-23 13:43:20.609000,32.95,32.9,33.0,36128642.0
2018-01-23 13:43:23.737000,32.95,32.9,33.0,36128642.0
2018-01-23 13:43:26.846000,32.95,32.9,33.0,36128642.0
2018-01-23 13:43:29.767000,32.95,32.9,33.0,36128642.0
2018-01-23 13:43:32.580000,32.95,32.9,32.95,36394142.0
2018-01-23 13:43:35.515000,32.95,32.9,32.95,36394142.0
2018-01-23 13:43:38.518000,32.95,32.9,32.95,36394142.0
2018-01-23 13:43:41.361000,32.95,32.9,32.95,36394142.0
2018-01-23 13:43:44.318000,32.95,32.9,32.95,36394142.0
2018-01-23 13:43:47.300000,32.95,32.9,32.95,36394142.0
2018-01-23 13:43:50.138000,32.95,32.9,32.95,36394142.0
2018-01-23 13:43:53.001000,32.95,32.9,32.95,36394142.0
2018-01-23 13:43:55.983000,32.95,32.9,32.95,36394142.0
2018-01-23 13:43:58.986000,32.95,32.9,32.95,36394142.0
2018-01-23 13:44:02.066000,32.95,32.9,32.95,36394142.0
2018-01-23 13:44:05.010000,32.95,32.9,32.95,36394142.0
2018-01-23 13:44:07.892000,32.95,32.9,32.95,36394142.0
2018-01-23 13:44:10.891000,32.95,32.9,33.0,36582142.0
2018-01-23 13:44:14.064000,32.95,32.9,33.0,36582142.0
2018-01-23 13:44:17.078000,32.95,32.9,33.0,36582142.0
2018-01-23 13:44:20.043000,32.95,32.9,33.0,36582142.0
2018-01-23 13:44:23.146000,32.95,32.9,33.0,36582142.0
2018-01-23 13:44:26.158000,32.95,32.9,33.0,36582142.0
2018-01-23 13:44:29.239000,32.95,32.9,33.0,36582142.0
2018-01-23 13:44:32.192000,32.95,32.9,33.0,36582142.0
2018-01-23 13:44:35.171000,32.95,32.9,33.0,36582142.0
2018-01-23 13:44:38.145000,32.95,32.9,33.0,36582142.0
2018-01-23 13:44:41.219000,32.95,32.9,33.0,36582142.0
2018-01-23 13:44:44.098000,32.95,32.9,33.0,36582142.0
2018-01-23 13:44:47.048000,32.95,32.9,33.0,36582142.0
2018-01-23 13:44:50.139000,32.95,32.9,33.0,36582142.0
2018-01-23 13:44:53.243000,32.95,32.9,33.0,36582142.0
2018-01-23 13:44:56.224000,32.95,32.9,33.0,36582142.0
2018-01-23 13:44:59.399000,32.95,32.9,33.0,36582142.0
2018-01-23 13:45:02.456000,32.95,32.9,33.0,36582142.0
2018-01-23 13:45:05.376000,32.95,32.9,33.0,36582142.0
2018-01-23 13:45:08.398000,32.95,32.9,33.0,36582142.0
2018-01-23 13:45:11.323000,32.95,32.9,33.0,36582142.0
2018-01-23 13:45:14.297000,32.95,32.9,33.0,36582142.0
2018-01-23 13:45:17.640000,32.95,32.9,33.0,36582142.0
2018-01-23 13:45:20.703000,32.95,32.9,33.0,36582142.0
2018-01-23 13:45:24.002000,32.95,32.9,33.0,36582142.0
2018-01-23 13:45:27.065000,32.95,32.9,33.0,36582142.0
2018-01-23 13:45:29.928000,32.95,32.9,33.0,36582142.0
2018-01-23 13:45:33.052000,32.95,32.9,33.0,36582142.0
2018-01-23 13:45:35.985000,32.95,32.9,33.0,36582142.0
2018-01-23 13:45:39.027000,32.95,32.9,33.0,36582142.0
2018-01-23 13:45:42.005000,32.95,32.9,33.0,36582142.0
2018-01-23 13:45:45.044000,32.9,32.9,32.95,36624382.0
2018-01-23 13:45:48.099000,32.9,32.9,32.95,36624382.0
2018-01-23 13:45:51.114000,32.9,32.85,32.95,36842382.0
2018-01-23 13:45:54.258000,32.9,32.85,32.95,36842382.0
2018-01-23 13:45:57.222000,32.9,32.85,32.95,36842382.0
2018-01-23 13:46:00.152000,32.9,32.85,32.95,36842382.0
2018-01-23 13:46:03.176000,32.9,32.85,32.95,36842382.0
2018-01-23 13:46:06.064000,32.9,32.85,32.95,36842382.0
2018-01-23 13:46:09.570000,32.9,32.85,32.95,36842382.0
2018-01-23 13:46:12.568000,32.9,32.85,32.95,36842382.0
2018-01-23 13:46:15.441000,32.9,32.85,32.95,36842382.0
2018-01-23 13:46:18.476000,32.9,32.85,32.95,36842382.0
2018-01-23 13:46:21.430000,32.9,32.85,32.95,36842382.0
2018-01-23 13:46:24.358000,32.9,32.85,32.9,36896882.0
2018-01-23 13:46:27.513000,32.9,32.85,32.9,36896882.0
2018-01-23 13:46:30.425000,32.9,32.85,32.9,36896882.0
2018-01-23 13:46:33.459000,32.9,32.85,32.9,36896882.0
2018-01-23 13:46:36.551000,32.9,32.85,32.9,36954882.0
2018-01-23 13:46:39.476000,32.9,32.85,32.9,36954882.0
2018-01-23 13:46:42.549000,32.9,32.85,32.9,36954882.0
2018-01-23 13:46:45.581000,32.9,32.85,32.9,36954882.0
2018-01-23 13:46:48.494000,32.9,32.85,32.9,37112882.0
2018-01-23 13:46:51.395000,32.9,32.85,32.9,37112882.0
2018-01-23 13:46:54.384000,32.9,32.85,32.9,37112882.0
2018-01-23 13:46:57.342000,32.9,32.85,32.9,37112882.0
2018-01-23 13:47:00.504000,32.9,32.85,32.9,37112882.0
2018-01-23 13:47:03.461000,32.9,32.85,32.9,37112882.0
2018-01-23 13:47:06.390000,32.9,32.85,32.9,37112882.0
2018-01-23 13:47:09.398000,32.9,32.85,32.9,37112882.0
2018-01-23 13:47:12.337000,32.9,32.85,32.9,37112882.0
2018-01-23 13:47:15.631000,32.9,32.85,32.9,37112882.0
2018-01-23 13:47:18.666000,32.9,32.85,32.9,37112882.0
2018-01-23 13:47:21.848000,32.9,32.85,32.9,37112882.0
2018-01-23 13:47:24.867000,32.9,32.85,32.9,37112882.0
2018-01-23 13:47:27.817000,32.9,32.85,32.9,37112882.0
2018-01-23 13:47:30.847000,32.9,32.85,32.9,37112882.0
2018-01-23 13:47:34.916000,32.9,32.85,32.9,37112882.0
2018-01-23 13:47:37.852000,32.9,32.85,32.9,37112882.0
2018-01-23 13:47:40.879000,32.9,32.85,32.9,37112882.0
2018-01-23 13:47:44.227000,32.9,32.85,32.9,37112882.0
2018-01-23 13:47:47.896000,32.9,32.85,32.9,37112882.0
2018-01-23 13:47:51.249000,32.9,32.85,32.9,37112882.0
2018-01-23 13:47:54.446000,32.9,32.85,32.9,37112882.0
2018-01-23 13:47:57.449000,32.9,32.85,32.9,37112882.0
2018-01-23 13:48:00.491000,32.9,32.85,32.9,37112882.0
2018-01-23 13:48:03.433000,32.9,32.85,32.9,37112882.0
2018-01-23 13:48:06.364000,32.9,32.85,32.9,37112882.0
2018-01-23 13:48:09.555000,32.9,32.85,32.9,37112882.0
2018-01-23 13:48:12.726000,32.9,32.85,32.9,37112882.0
2018-01-23 13:48:15.801000,32.9,32.85,32.9,37112882.0
2018-01-23 13:48:19.086000,32.9,32.85,32.9,37112882.0
2018-01-23 13:48:22.068000,32.9,32.85,32.9,37112882.0
2018-01-23 13:48:25.262000,32.95,32.9,32.95,37465882.0
2018-01-23 13:48:28.330000,32.95,32.9,32.95,37465882.0
2018-01-23 13:48:31.649000,32.95,32.9,32.95,37465882.0
2018-01-23 13:48:34.600000,32.95,32.9,32.95,37465882.0
2018-01-23 13:48:37.541000,32.95,32.9,32.95,37465882.0
2018-01-23 13:48:40.601000,32.95,32.9,32.95,37465882.0
2018-01-23 13:48:43.667000,32.95,32.9,32.95,37465882.0
2018-01-23 13:48:46.602000,32.95,32.9,32.95,37465882.0
2018-01-23 13:48:49.634000,32.95,32.9,32.95,37465882.0
2018-01-23 13:48:52.592000,32.95,32.9,32.95,37465882.0
2018-01-23 13:48:55.523000,32.95,32.9,32.95,37465882.0
2018-01-23 13:48:58.433000,32.95,32.9,32.95,37465882.0
2018-01-23 13:49:01.490000,32.95,32.9,32.95,37491882.0
2018-01-23 13:49:04.838000,32.95,32.9,32.95,37491882.0
2018-01-23 13:49:07.901000,32.95,32.9,32.95,37491882.0
2018-01-23 13:49:10.866000,32.95,32.9,32.95,37491882.0
2018-01-23 13:49:13.807000,32.95,32.9,32.95,37491882.0
2018-01-23 13:49:16.805000,32.95,32.9,32.95,37491882.0
2018-01-23 13:49:19.746000,32.95,32.9,32.95,37491882.0
2018-01-23 13:49:22.687000,32.95,32.9,32.95,37491882.0
2018-01-23 13:49:25.650000,32.95,32.9,32.95,37491882.0
2018-01-23 13:49:28.841000,32.95,32.9,32.95,37491882.0
2018-01-23 13:49:31.886000,32.95,32.9,32.95,37491882.0
2018-01-23 13:49:34.842000,32.95,32.9,32.95,37491882.0
2018-01-23 13:49:38.172000,32.95,32.9,32.95,37491882.0
2018-01-23 13:49:41.210000,32.95,32.9,32.95,37491882.0
2018-01-23 13:49:44.104000,32.95,32.9,32.95,37491882.0
2018-01-23 13:49:47.264000,32.95,32.9,32.95,37491882.0
2018-01-23 13:49:50.226000,32.95,32.9,32.95,37491882.0
2018-01-23 13:49:53.166000,32.95,32.9,32.95,37491882.0
2018-01-23 13:49:56.054000,32.95,32.95,33.0,37499882.0
2018-01-23 13:49:59.283000,32.95,32.95,33.0,37499882.0
2018-01-23 13:50:02.589000,32.95,32.95,33.0,37499882.0
2018-01-23 13:50:05.679000,32.95,32.95,33.0,37499882.0
2018-01-23 13:50:08.565000,32.95,32.95,33.0,37499882.0
2018-01-23 13:50:11.590000,32.95,32.95,33.0,37499882.0
2018-01-23 13:50:14.470000,32.95,32.95,33.0,37499882.0
2018-01-23 13:50:17.778000,32.95,32.95,33.0,37499882.0
2018-01-23 13:50:21.009000,32.95,32.95,33.0,37499882.0
2018-01-23 13:50:24.106000,32.95,32.95,33.0,37499882.0
2018-01-23 13:50:27.070000,32.95,32.95,33.0,37499882.0
2018-01-23 13:50:30.098000,32.95,32.95,33.0,37499882.0
2018-01-23 13:50:33.104000,32.95,32.95,33.0,37499882.0
2018-01-23 13:50:36.260000,32.95,32.95,33.0,37499882.0
2018-01-23 13:50:39.075000,32.95,32.95,33.0,37499882.0
2018-01-23 13:50:42.167000,32.95,32.95,33.0,37499882.0
2018-01-23 13:50:45.264000,32.95,32.95,33.0,37499882.0
2018-01-23 13:50:48.434000,32.95,32.95,33.0,37501382.0
2018-01-23 13:50:51.402000,32.95,32.95,33.0,37501382.0
2018-01-23 13:50:54.495000,32.95,32.95,33.0,37501382.0
2018-01-23 13:50:57.341000,32.95,32.95,33.0,37501382.0
2018-01-23 13:51:00.219000,32.95,32.95,33.0,37501382.0
2018-01-23 13:51:03.015000,32.95,32.95,33.0,37501382.0
2018-01-23 13:51:06.301000,32.95,32.95,33.0,37501382.0
2018-01-23 13:51:09.226000,32.95,32.95,33.0,37501382.0
2018-01-23 13:51:12.237000,32.95,32.95,33.0,37501382.0
2018-01-23 13:51:15.225000,32.95,32.95,33.0,37501382.0
2018-01-23 13:51:18.397000,32.95,32.95,33.0,37501382.0
2018-01-23 13:51:21.374000,32.95,32.95,33.0,37501382.0
2018-01-23 13:51:24.315000,32.95,32.95,33.0,37501382.0
2018-01-23 13:51:27.496000,32.95,32.95,33.0,37501382.0
2018-01-23 13:51:30.441000,32.95,32.95,33.0,37501382.0
2018-01-23 13:51:33.403000,32.95,32.95,33.0,37501382.0
2018-01-23 13:51:36.385000,32.95,32.95,33.0,37501382.0
2018-01-23 13:51:39.685000,32.95,32.95,33.0,37501382.0
2018-01-23 13:51:43.061000,32.95,32.95,33.0,37501382.0
2018-01-23 13:51:47.010000,32.95,32.95,33.0,37501382.0
2018-01-23 13:51:52.323000,32.95,32.95,33.0,37501382.0
2018-01-23 13:51:56.457000,32.95,32.95,33.0,37501382.0
2018-01-23 13:51:59.710000,32.95,32.95,33.0,37501382.0
2018-01-23 13:52:02.854000,32.95,32.95,33.0,37501382.0
2018-01-23 13:52:06.089000,32.95,32.95,33.0,37501382.0
2018-01-23 13:52:09.173000,32.95,32.95,33.0,37501382.0
2018-01-23 13:52:12.265000,32.95,32.95,33.0,37501382.0
2018-01-23 13:52:15.333000,32.95,32.95,33.0,37501382.0
2018-01-23 13:52:18.428000,32.95,32.95,33.0,37501382.0
2018-01-23 13:52:21.655000,32.95,32.95,33.0,37501382.0
2018-01-23 13:52:24.689000,32.95,32.95,33.0,37533742.0
2018-01-23 13:52:27.781000,32.95,32.95,33.0,37533742.0
2018-01-23 13:52:30.903000,32.95,32.95,33.0,37533742.0
2018-01-23 13:52:34.016000,32.95,32.95,33.0,37533742.0
2018-01-23 13:52:37.229000,32.95,32.95,33.0,37533742.0
2018-01-23 13:52:40.359000,32.95,32.95,33.0,37533742.0
2018-01-23 13:52:43.344000,32.95,32.95,33.0,37533742.0
2018-01-23 13:52:46.521000,32.95,32.95,33.0,37533742.0
2018-01-23 13:52:49.587000,32.95,32.95,33.0,37533742.0
2018-01-23 13:52:52.563000,32.95,32.95,33.0,37533742.0
2018-01-23 13:52:55.599000,32.95,32.95,33.0,37533742.0
2018-01-23 13:52:58.593000,32.95,32.95,33.0,37533742.0
2018-01-23 13:53:01.645000,32.95,32.95,33.0,37533742.0
2018-01-23 13:53:04.747000,32.95,32.95,33.0,37533742.0
2018-01-23 13:53:07.798000,32.95,32.95,33.0,37533742.0
2018-01-23 13:53:10.842000,32.95,32.95,33.0,37533742.0
2018-01-23 13:53:13.941000,32.95,32.95,33.0,37533742.0
2018-01-23 13:53:16.960000,32.95,32.95,33.0,37533742.0
2018-01-23 13:53:20.010000,32.95,32.95,33.0,37533742.0
2018-01-23 13:53:23.083000,32.95,32.95,33.0,37533742.0
2018-01-23 13:53:26.142000,32.95,32.95,33.0,37533742.0
2018-01-23 13:53:29.567000,32.95,32.95,33.0,37533742.0
2018-01-23 13:53:32.752000,32.95,32.95,33.0,37533742.0
2018-01-23 13:53:35.713000,32.95,32.95,33.0,37533742.0
2018-01-23 13:53:38.783000,32.95,32.95,33.0,37533742.0
2018-01-23 13:53:41.749000,32.95,32.95,33.0,37533742.0
2018-01-23 13:53:44.863000,32.95,32.95,33.0,37533742.0
2018-01-23 13:53:48.112000,32.95,32.95,33.0,37533742.0
2018-01-23 13:53:52.248000,32.95,32.95,33.0,37533742.0
2018-01-23 13:53:55.968000,32.95,32.95,33.0,37533742.0
2018-01-23 13:53:59.208000,32.95,32.95,33.0,37533742.0
2018-01-23 13:54:03.580000,32.95,32.95,33.0,37533742.0
2018-01-23 13:54:07.249000,32.95,32.95,33.0,37533742.0
2018-01-23 13:54:11.268000,32.95,32.95,33.0,37533742.0
2018-01-23 13:54:14.619000,32.95,32.95,33.0,37533742.0
2018-01-23 13:54:19.786000,32.95,32.95,33.0,37533742.0
2018-01-23 13:54:23.118000,32.95,32.95,33.0,37533742.0
2018-01-23 13:54:26.453000,32.95,32.95,33.0,37533742.0
2018-01-23 13:54:29.787000,32.95,32.95,33.0,37533742.0
2018-01-23 13:54:32.940000,32.95,32.95,33.0,37533742.0
2018-01-23 13:54:36.375000,32.95,32.95,33.0,37533742.0
2018-01-23 13:54:39.488000,32.95,32.95,33.0,37533742.0
2018-01-23 13:54:42.770000,32.95,32.95,33.0,37533742.0
2018-01-23 13:54:46.280000,32.95,32.95,33.0,37533742.0
2018-01-23 13:54:50.224000,32.95,32.95,33.0,37533742.0
2018-01-23 13:54:53.384000,32.95,32.95,33.0,37533742.0
2018-01-23 13:54:57.190000,32.95,32.95,33.0,37533742.0
2018-01-23 13:55:00.651000,32.95,32.95,33.0,37533742.0
2018-01-23 13:55:03.863000,32.95,32.95,33.0,37533742.0
2018-01-23 13:55:08.596000,32.95,32.95,33.0,37533742.0
2018-01-23 13:55:11.725000,32.95,32.95,33.0,37533742.0
2018-01-23 13:55:14.827000,32.95,32.95,33.0,37533742.0
2018-01-23 13:55:17.948000,32.95,32.95,33.0,37533742.0
2018-01-23 13:55:21.063000,32.95,32.95,33.0,37533742.0
2018-01-23 13:55:24.350000,32.95,32.95,33.0,37533742.0
2018-01-23 13:55:27.540000,32.95,32.95,33.0,37533742.0
2018-01-23 13:55:30.466000,32.95,32.95,33.0,37533742.0
2018-01-23 13:55:33.256000,32.95,32.95,33.0,37533742.0
2018-01-23 13:55:36.236000,32.95,32.95,33.0,37533742.0
2018-01-23 13:55:39.058000,32.95,32.95,33.0,37533742.0
2018-01-23 13:55:42.047000,32.95,32.95,33.0,37533742.0
2018-01-23 13:55:44.980000,32.95,32.95,33.0,37533742.0
2018-01-23 13:55:47.943000,32.95,32.95,33.0,37533742.0
2018-01-23 13:55:50.954000,32.95,32.95,33.0,37533742.0
2018-01-23 13:55:53.900000,32.95,32.95,33.0,37533742.0
2018-01-23 13:55:57.318000,32.95,32.95,33.0,37533742.0
2018-01-23 13:56:00.509000,32.95,32.95,33.0,37533742.0
2018-01-23 13:56:03.550000,32.95,32.95,33.0,37533742.0
2018-01-23 13:56:06.643000,32.95,32.95,33.0,37533742.0
2018-01-23 13:56:09.488000,32.95,32.95,33.0,37533742.0
2018-01-23 13:56:12.254000,32.95,32.95,33.0,37533742.0
2018-01-23 13:56:15.038000,32.95,32.95,33.0,37533742.0
2018-01-23 13:56:17.832000,32.95,32.95,33.0,37533742.0
2018-01-23 13:56:20.823000,32.95,32.95,33.0,37533742.0
2018-01-23 13:56:23.978000,32.95,32.95,33.0,37541242.0
2018-01-23 13:56:27.027000,32.95,32.95,33.0,37541242.0
2018-01-23 13:56:29.894000,32.95,32.95,33.0,37541242.0
2018-01-23 13:56:33.241000,32.95,32.95,33.0,37541242.0
2018-01-23 13:56:35.850000,32.95,32.95,33.0,37541242.0
2018-01-23 13:56:38.818000,32.95,32.95,33.0,37541242.0
2018-01-23 13:56:41.801000,32.95,32.95,33.0,37541242.0
2018-01-23 13:56:44.700000,32.95,32.95,33.0,37541242.0
2018-01-23 13:56:47.553000,32.95,32.95,33.0,37541242.0
2018-01-23 13:56:50.379000,32.95,32.95,33.0,37541242.0
2018-01-23 13:56:53.203000,32.95,32.95,33.0,37541242.0
2018-01-23 13:56:56.132000,32.95,32.95,33.0,37541242.0
2018-01-23 13:56:59.086000,32.95,32.95,33.0,37541242.0
2018-01-23 13:57:02.049000,32.95,32.95,33.0,37541242.0
2018-01-23 13:57:04.891000,32.95,32.95,33.0,37541242.0
2018-01-23 13:57:07.858000,32.95,32.95,33.0,37541242.0
2018-01-23 13:57:10.692000,32.95,32.95,33.0,37541242.0
2018-01-23 13:57:13.577000,32.95,32.95,33.0,37541242.0
2018-01-23 13:57:16.444000,32.95,32.95,33.0,37541242.0
2018-01-23 13:57:19.307000,32.95,32.95,33.0,37541242.0
2018-01-23 13:57:22.129000,32.95,32.95,33.0,37541242.0
2018-01-23 13:57:25.086000,32.95,32.95,33.0,37541242.0
2018-01-23 13:57:28.052000,32.95,32.95,33.0,37541242.0
2018-01-23 13:57:31.097000,32.95,32.95,33.0,37541242.0
2018-01-23 13:57:33.858000,32.95,32.95,33.0,37541242.0
2018-01-23 13:57:36.677000,32.95,32.95,33.0,37541242.0
2018-01-23 13:57:39.703000,32.95,32.95,33.0,37541242.0
2018-01-23 13:57:42.528000,32.95,32.95,33.0,37541242.0
2018-01-23 13:57:45.344000,32.95,32.95,33.0,37541242.0
2018-01-23 13:57:48.115000,32.95,32.95,33.0,37541242.0
2018-01-23 13:57:51.010000,32.95,32.95,33.0,37541242.0
2018-01-23 13:57:53.722000,32.95,32.95,33.0,37541242.0
2018-01-23 13:57:56.521000,32.95,32.95,33.0,37541242.0
2018-01-23 13:57:59.480000,32.95,32.95,33.0,37541242.0
2018-01-23 13:58:02.368000,32.95,32.95,33.0,37541242.0
2018-01-23 13:58:05.309000,32.95,32.95,33.0,37541242.0
2018-01-23 13:58:08.368000,32.95,32.95,33.0,37541242.0
2018-01-23 13:58:11.136000,32.95,32.95,33.0,37541242.0
2018-01-23 13:58:14.041000,32.95,32.95,33.0,37541242.0
2018-01-23 13:58:16.769000,32.95,32.95,33.0,37541242.0
2018-01-23 13:58:19.944000,32.95,32.95,33.0,37541242.0
2018-01-23 13:58:22.802000,32.95,32.95,33.0,37541242.0
2018-01-23 13:58:25.680000,32.95,32.95,33.0,37541242.0
2018-01-23 13:58:28.602000,32.95,32.95,33.0,37541242.0
2018-01-23 13:58:31.459000,32.95,32.95,33.0,37541242.0
2018-01-23 13:58:34.416000,32.95,32.95,33.0,37541242.0
2018-01-23 13:58:37.113000,32.95,32.95,33.0,37541242.0
2018-01-23 13:58:40.039000,32.95,32.95,33.0,37541242.0
2018-01-23 13:58:42.934000,32.95,32.95,33.0,37541242.0
2018-01-23 13:58:45.768000,32.95,32.95,33.0,37541242.0
2018-01-23 13:58:48.512000,32.95,32.95,33.0,37701242.0
2018-01-23 13:58:51.537000,32.95,32.95,33.0,37701242.0
2018-01-23 13:58:54.478000,32.95,32.95,33.0,37701242.0
2018-01-23 13:58:57.318000,32.95,32.95,33.0,37701242.0
2018-01-23 13:59:00.275000,32.95,32.95,33.0,37701242.0
2018-01-23 13:59:03.625000,32.95,32.95,33.0,37701242.0
2018-01-23 13:59:06.570000,32.95,32.95,33.0,37701242.0
2018-01-23 13:59:09.354000,32.95,32.95,33.0,37701242.0
2018-01-23 13:59:12.085000,32.95,32.95,33.0,37701242.0
2018-01-23 13:59:15.058000,32.95,32.95,33.0,37701242.0
2018-01-23 13:59:17.916000,32.95,32.95,33.0,37701242.0
2018-01-23 13:59:20.778000,32.95,32.95,33.0,37701242.0
2018-01-23 13:59:23.855000,32.95,32.95,33.0,37701242.0
2018-01-23 13:59:26.928000,32.95,32.95,33.0,37701242.0
2018-01-23 13:59:29.853000,32.95,32.95,33.0,37701242.0
2018-01-23 13:59:32.672000,32.95,32.95,33.0,37701242.0
2018-01-23 13:59:35.785000,32.95,32.95,33.0,37701242.0
2018-01-23 13:59:38.545000,32.95,32.95,33.0,37701242.0
2018-01-23 13:59:41.428000,32.95,32.95,33.0,37701242.0
2018-01-23 13:59:44.500000,32.95,32.95,33.0,37717242.0
2018-01-23 13:59:47.726000,32.95,32.95,33.0,37717242.0
2018-01-23 13:59:50.610000,32.95,32.95,33.0,37717242.0
2018-01-23 13:59:53.522000,32.95,32.95,33.0,37717242.0
2018-01-23 13:59:56.345000,32.95,32.95,33.0,37717242.0
2018-01-23 13:59:59.143000,32.95,32.95,33.0,37717242.0
2018-01-23 14:00:01.931000,32.95,32.95,33.0,37717242.0
2018-01-23 14:00:04.934000,32.95,32.95,33.0,37717242.0
2018-01-23 14:00:08.008000,32.95,32.95,33.0,37717242.0
2018-01-23 14:00:11.027000,32.95,32.95,33.0,37717242.0
2018-01-23 14:00:13.933000,32.95,32.95,33.0,37717242.0
2018-01-23 14:00:16.870000,32.95,32.95,33.0,37717242.0
2018-01-23 14:00:19.902000,32.95,32.95,33.0,37717242.0
2018-01-23 14:00:22.757000,32.95,32.95,33.0,37717242.0
2018-01-23 14:00:25.700000,32.95,32.95,33.0,37717242.0
2018-01-23 14:00:28.731000,32.95,32.95,33.0,37717242.0
2018-01-23 14:00:31.701000,32.95,32.95,33.0,37717242.0
2018-01-23 14:00:34.663000,32.95,32.95,33.0,37717242.0
2018-01-23 14:00:37.637000,32.95,32.95,33.0,37717242.0
2018-01-23 14:00:40.640000,32.95,32.95,33.0,37717242.0
2018-01-23 14:00:43.638000,32.95,32.95,33.0,37717242.0
2018-01-23 14:00:46.586000,32.95,32.95,33.0,37717242.0
2018-01-23 14:00:49.471000,32.95,32.95,33.0,37717242.0
2018-01-23 14:00:52.477000,32.95,32.95,33.0,37717242.0
2018-01-23 14:00:55.475000,32.95,32.95,33.0,37717242.0
2018-01-23 14:00:58.342000,32.95,32.95,33.0,37717242.0
2018-01-23 14:01:01.175000,32.95,32.95,33.0,37717242.0
2018-01-23 14:01:03.903000,32.95,32.95,33.0,37717242.0
2018-01-23 14:01:06.806000,32.95,32.95,33.0,37717242.0
2018-01-23 14:01:09.809000,32.95,32.95,33.0,37717242.0
2018-01-23 14:01:12.668000,32.95,32.95,33.0,37717242.0
2018-01-23 14:01:15.672000,32.95,32.95,33.0,37717242.0
2018-01-23 14:01:18.699000,32.95,32.95,33.0,37717242.0
2018-01-23 14:01:21.400000,32.95,32.95,33.0,37717242.0
2018-01-23 14:01:24.183000,32.95,32.95,33.0,37717242.0
2018-01-23 14:01:27.151000,32.95,32.95,33.0,37717242.0
2018-01-23 14:01:29.959000,32.95,32.95,33.0,37717242.0
2018-01-23 14:01:32.904000,32.95,32.95,33.0,37717242.0
2018-01-23 14:01:35.742000,32.95,32.95,33.0,37762742.0
2018-01-23 14:01:38.840000,32.95,32.95,33.0,37762742.0
2018-01-23 14:01:41.698000,32.95,32.95,33.0,37762742.0
2018-01-23 14:01:44.628000,,,,
2018-01-23 14:01:47.511000,32.95,32.95,33.0,37762742.0
2018-01-23 14:01:50.296000,32.95,32.95,33.0,37762742.0
2018-01-23 14:01:53.120000,32.95,32.95,33.0,37762742.0
2018-01-23 14:01:56.061000,32.95,32.95,33.0,37762742.0
2018-01-23 14:01:58.926000,32.95,32.95,33.0,37762742.0
2018-01-23 14:02:01.731000,32.95,32.95,33.0,37762742.0
2018-01-23 14:02:04.641000,32.95,32.95,33.0,37762742.0
2018-01-23 14:02:07.619000,32.95,32.95,33.0,37762742.0
2018-01-23 14:02:10.522000,32.95,32.95,33.0,37762742.0
2018-01-23 14:02:13.338000,32.95,32.95,33.0,37762742.0
2018-01-23 14:02:16.824000,32.95,32.95,33.0,37762742.0
2018-01-23 14:02:19.639000,32.95,32.95,33.0,37762742.0
2018-01-23 14:02:22.372000,32.95,32.95,33.0,37762742.0
2018-01-23 14:02:25.602000,32.95,32.95,33.0,37762742.0
2018-01-23 14:02:28.546000,32.95,32.95,33.0,37763742.0
2018-01-23 14:02:31.377000,32.95,32.95,33.0,37763742.0
2018-01-23 14:02:34.303000,32.95,32.95,33.0,37763742.0
2018-01-23 14:02:37.216000,32.95,32.95,33.0,37763742.0
2018-01-23 14:02:40.047000,32.95,32.95,33.0,37763742.0
2018-01-23 14:02:42.827000,32.95,32.95,33.0,37763742.0
2018-01-23 14:02:45.800000,32.95,32.95,33.0,37763742.0
2018-01-23 14:02:48.826000,32.95,32.95,33.0,37763742.0
2018-01-23 14:02:51.506000,32.95,32.95,33.0,37763742.0
2018-01-23 14:02:54.358000,32.95,32.95,33.0,37763742.0
2018-01-23 14:02:57.137000,32.95,32.95,33.0,37763742.0
2018-01-23 14:02:59.984000,32.95,32.95,33.0,37763742.0
2018-01-23 14:03:02.955000,32.95,32.95,33.0,37763742.0
2018-01-23 14:03:05.974000,32.95,32.95,33.0,37763742.0
2018-01-23 14:03:08.787000,32.95,32.95,33.0,37763742.0
2018-01-23 14:03:11.718000,32.95,32.95,33.0,37763742.0
2018-01-23 14:03:14.768000,32.95,32.95,33.0,37763742.0
2018-01-23 14:03:17.654000,32.95,32.95,33.0,37763742.0
2018-01-23 14:03:20.956000,32.95,32.95,33.0,37763742.0
2018-01-23 14:03:23.746000,32.95,32.95,33.0,37763742.0
2018-01-23 14:03:26.549000,32.95,32.95,33.0,37763742.0
2018-01-23 14:03:29.719000,32.95,32.95,33.0,37763742.0
2018-01-23 14:03:32.747000,32.95,32.95,33.0,37763742.0
2018-01-23 14:03:35.860000,32.95,32.95,33.0,37763742.0
2018-01-23 14:03:38.908000,32.95,32.95,33.0,37763742.0
2018-01-23 14:03:43.189000,32.95,32.95,33.0,37769742.0
2018-01-23 14:03:46.239000,32.95,32.95,33.0,37769742.0
2018-01-23 14:03:49.196000,32.95,32.95,33.0,37769742.0
2018-01-23 14:03:52.221000,32.95,32.95,33.0,37769742.0
2018-01-23 14:03:55.256000,32.95,32.95,33.0,37769742.0
2018-01-23 14:03:58.249000,32.95,32.95,33.0,37769742.0
2018-01-23 14:04:01.241000,32.95,32.95,33.0,37769742.0
2018-01-23 14:04:03.986000,32.95,32.95,33.0,37769742.0
2018-01-23 14:04:06.890000,32.95,32.95,33.0,37769742.0
2018-01-23 14:04:09.822000,32.95,32.95,33.0,37769742.0
2018-01-23 14:04:12.944000,32.95,32.95,33.0,37769742.0
2018-01-23 14:04:15.885000,32.95,32.95,33.0,37769742.0
2018-01-23 14:04:19.097000,32.95,32.95,33.0,37769742.0
2018-01-23 14:04:21.889000,32.95,32.95,33.0,37769742.0
2018-01-23 14:04:24.846000,32.95,32.95,33.0,37769742.0
2018-01-23 14:04:27.796000,32.95,32.95,33.0,37769742.0
2018-01-23 14:04:30.594000,32.95,32.95,33.0,37769742.0
2018-01-23 14:04:33.501000,32.95,32.95,33.0,37769742.0
2018-01-23 14:04:36.317000,32.95,32.95,33.0,37769742.0
2018-01-23 14:04:39.372000,32.95,32.95,33.0,37769742.0
2018-01-23 14:04:42.327000,32.95,32.95,33.0,37770742.0
2018-01-23 14:04:45.195000,32.95,32.95,33.0,37770742.0
2018-01-23 14:04:48.217000,32.95,32.95,33.0,37770742.0
2018-01-23 14:04:51.158000,32.95,32.95,33.0,37770742.0
2018-01-23 14:04:53.988000,33.0,32.95,33.0,39471242.0
2018-01-23 14:04:56.843000,33.0,32.95,33.0,39471242.0
2018-01-23 14:04:59.756000,33.0,32.95,33.0,39471242.0
2018-01-23 14:05:02.781000,33.0,32.95,33.0,39471242.0
2018-01-23 14:05:05.661000,33.0,32.95,33.0,39471242.0
2018-01-23 14:05:08.503000,33.0,32.95,33.0,39471242.0
2018-01-23 14:05:11.428000,33.0,32.95,33.0,39471242.0
2018-01-23 14:05:14.634000,33.0,32.95,33.0,39471242.0
2018-01-23 14:05:17.368000,33.0,32.95,33.0,39471242.0
2018-01-23 14:05:20.424000,33.0,32.95,33.0,39471242.0
2018-01-23 14:05:23.579000,33.0,33.0,33.05,40961242.0
2018-01-23 14:05:26.396000,33.0,33.0,33.05,40961242.0
2018-01-23 14:05:29.275000,33.0,33.0,33.05,40961242.0
2018-01-23 14:05:32.189000,33.0,33.0,33.05,40961242.0
2018-01-23 14:05:34.989000,33.0,33.0,33.05,40961242.0
2018-01-23 14:05:37.805000,33.0,33.0,33.05,40961242.0
2018-01-23 14:05:40.621000,33.0,33.0,33.05,40961242.0
2018-01-23 14:05:43.476000,33.0,33.0,33.05,40961242.0
2018-01-23 14:05:46.403000,33.0,33.0,33.05,40961242.0
2018-01-23 14:05:49.286000,33.0,33.0,33.05,40961242.0
2018-01-23 14:05:52.110000,33.0,33.0,33.05,40961242.0
2018-01-23 14:05:55.129000,33.0,33.0,33.05,40961242.0
2018-01-23 14:05:57.986000,33.0,33.0,33.05,40961242.0
2018-01-23 14:06:00.964000,33.0,33.0,33.05,40961242.0
2018-01-23 14:06:03.668000,33.0,33.0,33.05,40961242.0
2018-01-23 14:06:06.935000,33.0,33.0,33.05,40961242.0
2018-01-23 14:06:09.660000,33.0,33.0,33.05,41375419.0
2018-01-23 14:06:12.985000,33.0,33.0,33.05,41375419.0
2018-01-23 14:06:15.992000,33.0,33.0,33.05,41375419.0
2018-01-23 14:06:18.975000,33.0,33.0,33.05,41375419.0
2018-01-23 14:06:21.839000,33.0,33.0,33.05,41375419.0
2018-01-23 14:06:24.552000,33.0,33.0,33.05,41375419.0
2018-01-23 14:06:27.413000,33.0,33.0,33.05,41375419.0
2018-01-23 14:06:30.514000,33.0,33.0,33.05,41375419.0
2018-01-23 14:06:33.299000,33.0,33.0,33.05,41375419.0
2018-01-23 14:06:36.205000,33.0,33.0,33.05,41375419.0
2018-01-23 14:06:38.990000,33.0,33.0,33.05,41375419.0
2018-01-23 14:06:41.826000,33.0,33.0,33.05,41375419.0
2018-01-23 14:06:44.929000,33.0,33.0,33.05,41375419.0
2018-01-23 14:06:47.878000,33.0,33.0,33.05,41375419.0
2018-01-23 14:06:50.787000,33.0,32.95,33.05,42625725.0
2018-01-23 14:06:54.271000,33.0,32.95,33.05,42625725.0
2018-01-23 14:06:57.144000,33.0,32.95,33.05,42625725.0
2018-01-23 14:06:59.976000,33.0,32.95,33.05,42625725.0
2018-01-23 14:07:02.881000,33.0,32.95,33.05,42625725.0
2018-01-23 14:07:05.700000,33.0,32.95,33.05,42625725.0
2018-01-23 14:07:08.498000,33.0,32.95,33.05,42625725.0
2018-01-23 14:07:11.108000,,,,
2018-01-23 14:07:14.019000,33.0,32.95,33.05,42625725.0
2018-01-23 14:07:17.081000,33.0,32.95,33.05,42625725.0
2018-01-23 14:07:19.993000,33.0,32.95,33.05,42625725.0
2018-01-23 14:07:22.711000,33.0,32.95,33.05,42625725.0
2018-01-23 14:07:25.609000,33.0,33.0,33.05,43005225.0
2018-01-23 14:07:28.482000,33.0,33.0,33.05,43005225.0
2018-01-23 14:07:31.485000,33.0,33.0,33.05,43005225.0
2018-01-23 14:07:35.563000,33.0,33.0,33.05,43005225.0
2018-01-23 14:07:38.956000,33.0,33.0,33.05,43005225.0
2018-01-23 14:07:42.128000,33.0,33.0,33.05,43005225.0
2018-01-23 14:07:44.993000,33.0,33.0,33.05,43005225.0
2018-01-23 14:07:47.881000,33.0,33.0,33.05,43005225.0
2018-01-23 14:07:50.870000,33.0,33.0,33.05,43005225.0
2018-01-23 14:07:53.723000,33.0,33.0,33.05,43005225.0
2018-01-23 14:07:56.533000,33.0,33.0,33.05,43005225.0
2018-01-23 14:07:59.898000,33.0,33.0,33.05,43005225.0
2018-01-23 14:08:02.742000,33.0,33.0,33.05,43005225.0
2018-01-23 14:08:05.746000,33.0,33.0,33.05,43005225.0
2018-01-23 14:08:08.570000,33.0,33.0,33.05,43005225.0
2018-01-23 14:08:11.402000,33.0,33.0,33.05,43005225.0
2018-01-23 14:08:14.592000,33.0,33.0,33.05,43005225.0
2018-01-23 14:08:17.568000,33.0,33.0,33.05,43005725.0
2018-01-23 14:08:20.681000,33.0,33.0,33.05,43005725.0
2018-01-23 14:08:23.927000,33.0,33.0,33.05,43005725.0
2018-01-23 14:08:26.769000,33.0,33.0,33.05,43005725.0
2018-01-23 14:08:29.640000,33.0,33.0,33.05,43005725.0
2018-01-23 14:08:32.757000,33.0,33.0,33.05,43005725.0
2018-01-23 14:08:35.511000,33.0,33.0,33.05,43005725.0
2018-01-23 14:08:38.586000,33.0,33.0,33.05,43005725.0
2018-01-23 14:08:41.714000,33.0,33.0,33.05,43005725.0
2018-01-23 14:08:44.721000,33.0,33.0,33.05,43005725.0
2018-01-23 14:08:47.631000,33.0,33.0,33.05,43005725.0
2018-01-23 14:08:50.447000,33.0,33.0,33.05,43005725.0
2018-01-23 14:08:54.152000,33.0,33.0,33.05,43005725.0
2018-01-23 14:08:57.241000,33.0,33.0,33.05,43005725.0
2018-01-23 14:09:00.065000,33.0,33.0,33.05,43005725.0
2018-01-23 14:09:02.850000,33.0,33.0,33.05,43005725.0
2018-01-23 14:09:05.842000,33.0,33.0,33.05,43005725.0
2018-01-23 14:09:08.677000,33.0,33.0,33.05,43005725.0
2018-01-23 14:09:11.543000,33.0,33.0,33.05,43005725.0
2018-01-23 14:09:14.623000,33.0,33.0,33.05,43005725.0
2018-01-23 14:09:17.586000,33.0,33.0,33.05,44454255.0
2018-01-23 14:09:20.357000,33.0,33.0,33.05,44454255.0
2018-01-23 14:09:23.386000,33.0,33.0,33.05,44454255.0
2018-01-23 14:09:26.258000,33.0,32.95,33.0,45102255.0
2018-01-23 14:09:29.371000,33.0,32.95,33.0,45102255.0
2018-01-23 14:09:32.215000,33.0,32.95,33.0,45102255.0
2018-01-23 14:09:35.356000,33.0,32.95,33.0,45102255.0
2018-01-23 14:09:38.320000,33.0,32.95,33.0,45102255.0
2018-01-23 14:09:41.128000,33.0,32.95,33.0,46595755.0
2018-01-23 14:09:43.881000,33.0,32.95,33.0,46595755.0
2018-01-23 14:09:46.618000,33.0,32.95,33.0,46595755.0
2018-01-23 14:09:49.511000,33.0,32.95,33.0,46595755.0
2018-01-23 14:09:52.382000,33.0,32.95,33.0,46595755.0
2018-01-23 14:09:55.104000,33.0,32.95,33.0,46595755.0
2018-01-23 14:09:58.133000,33.0,32.95,33.0,46595755.0
2018-01-23 14:10:01.011000,33.0,32.95,33.0,46595755.0
2018-01-23 14:10:04.008000,33.0,32.95,33.0,46595755.0
2018-01-23 14:10:06.892000,33.0,32.95,33.0,46595755.0
2018-01-23 14:10:09.728000,33.0,32.95,33.0,46595755.0
2018-01-23 14:10:12.586000,33.0,32.95,33.0,46595755.0
2018-01-23 14:10:15.487000,33.0,32.95,33.0,46595755.0
2018-01-23 14:10:18.288000,33.0,32.95,33.0,46595755.0
2018-01-23 14:10:21.104000,33.0,32.95,33.0,46595755.0
2018-01-23 14:10:23.917000,33.0,32.95,33.0,46595755.0
2018-01-23 14:10:26.904000,33.0,32.95,33.0,46595755.0
2018-01-23 14:10:29.653000,33.0,32.95,33.0,46595755.0
2018-01-23 14:10:32.571000,33.0,32.95,33.0,46595755.0
2018-01-23 14:10:35.419000,33.0,32.95,33.0,46595755.0
2018-01-23 14:10:38.341000,33.0,32.95,33.0,46595755.0
2018-01-23 14:10:41.456000,33.0,32.95,33.0,46595755.0
2018-01-23 14:10:44.301000,33.0,32.95,33.0,46595755.0
2018-01-23 14:10:47.312000,33.0,32.95,33.0,46595755.0
2018-01-23 14:10:50.039000,33.0,32.95,33.0,46595755.0
2018-01-23 14:10:53.086000,33.0,32.95,33.0,46595755.0
2018-01-23 14:10:55.940000,33.0,32.95,33.0,46595755.0
2018-01-23 14:10:59.263000,33.0,32.95,33.0,46595755.0
2018-01-23 14:11:02.079000,33.0,32.95,33.0,46595755.0
2018-01-23 14:11:05.034000,33.0,32.95,33.0,46595755.0
2018-01-23 14:11:07.795000,33.0,32.95,33.0,46595755.0
2018-01-23 14:11:10.576000,33.0,32.95,33.0,46595755.0
2018-01-23 14:11:13.432000,33.0,32.95,33.0,46595755.0
2018-01-23 14:11:16.279000,33.0,33.0,33.05,46959255.0
2018-01-23 14:11:19.137000,33.0,33.0,33.05,46959255.0
2018-01-23 14:11:22.572000,33.0,33.0,33.05,46959255.0
2018-01-23 14:11:25.615000,33.0,33.0,33.05,46959255.0
2018-01-23 14:11:28.982000,33.0,33.0,33.05,46959255.0
2018-01-23 14:11:31.905000,33.0,33.0,33.05,46959255.0
2018-01-23 14:11:34.981000,33.0,33.0,33.05,46959255.0
2018-01-23 14:11:37.996000,33.0,33.0,33.05,46959255.0
2018-01-23 14:11:41.124000,33.0,33.0,33.05,46959255.0
2018-01-23 14:11:44.215000,33.0,33.0,33.05,46959255.0
2018-01-23 14:11:47.131000,33.0,33.0,33.05,46959255.0
2018-01-23 14:11:50.124000,33.0,33.0,33.05,46959255.0
2018-01-23 14:11:53.245000,33.0,33.0,33.05,46959255.0
2018-01-23 14:11:56.545000,33.0,33.0,33.05,46959255.0
2018-01-23 14:11:59.703000,33.0,33.0,33.05,46959255.0
2018-01-23 14:12:02.839000,33.0,33.0,33.05,46959255.0
2018-01-23 14:12:05.880000,33.0,33.0,33.05,46959255.0
2018-01-23 14:12:08.718000,33.0,33.0,33.05,46959255.0
2018-01-23 14:12:11.739000,33.0,33.0,33.05,46959255.0
2018-01-23 14:12:14.671000,33.0,33.0,33.05,46959255.0
2018-01-23 14:12:17.573000,33.0,33.0,33.05,46959255.0
2018-01-23 14:12:20.712000,33.0,33.0,33.05,46959255.0
2018-01-23 14:12:23.603000,33.0,33.0,33.05,46964755.0
2018-01-23 14:12:26.968000,33.0,33.0,33.05,46964755.0
2018-01-23 14:12:30.045000,33.0,33.0,33.05,46964755.0
2018-01-23 14:12:33.186000,33.0,33.0,33.05,46964755.0
2018-01-23 14:12:36.077000,33.0,33.0,33.05,46964755.0
2018-01-23 14:12:39.091000,33.0,33.0,33.05,46964755.0
2018-01-23 14:12:42.217000,33.0,33.0,33.05,46964755.0
2018-01-23 14:12:45.377000,33.0,33.0,33.05,46964755.0
2018-01-23 14:12:48.410000,33.0,33.0,33.05,46964755.0
2018-01-23 14:12:51.334000,33.0,33.0,33.05,46964755.0
2018-01-23 14:12:54.450000,33.0,33.0,33.05,46964755.0
2018-01-23 14:12:57.562000,33.0,33.0,33.05,46964755.0
2018-01-23 14:13:00.524000,33.0,33.0,33.05,46964755.0
2018-01-23 14:13:03.498000,33.0,33.0,33.05,46964755.0
2018-01-23 14:13:06.570000,33.0,33.0,33.05,46964755.0
2018-01-23 14:13:09.630000,33.0,33.0,33.05,46964755.0
2018-01-23 14:13:12.667000,33.0,33.0,33.05,46964755.0
2018-01-23 14:13:15.615000,33.0,33.0,33.05,46964755.0
2018-01-23 14:13:18.592000,33.0,33.0,33.05,46964755.0
2018-01-23 14:13:21.704000,33.0,33.0,33.05,46964755.0
2018-01-23 14:13:24.857000,33.0,33.0,33.05,46964755.0
2018-01-23 14:13:28.076000,33.0,33.0,33.05,46964755.0
2018-01-23 14:13:30.955000,33.0,33.0,33.05,46964755.0
2018-01-23 14:13:34.451000,33.0,33.0,33.05,46964755.0
2018-01-23 14:13:37.489000,33.0,33.0,33.05,46964755.0
2018-01-23 14:13:40.438000,33.0,33.0,33.05,46964755.0
2018-01-23 14:13:43.356000,33.05,33.0,33.05,47145255.0
2018-01-23 14:13:46.101000,33.05,33.0,33.05,47145255.0
2018-01-23 14:13:49.071000,33.05,33.0,33.05,47145255.0
2018-01-23 14:13:52.122000,33.05,33.0,33.1,49710255.0
2018-01-23 14:13:55.297000,33.05,33.0,33.05,50684255.0
2018-01-23 14:13:58.201000,33.05,33.0,33.05,50684255.0
2018-01-23 14:14:01.229000,33.05,33.0,33.05,50684255.0
2018-01-23 14:14:04.232000,33.05,33.0,33.05,50684255.0
2018-01-23 14:14:07.141000,33.0,33.05,33.1,54052755.0
2018-01-23 14:14:10.403000,33.0,33.05,33.1,54052755.0
2018-01-23 14:14:13.440000,33.0,33.05,33.1,54052755.0
2018-01-23 14:14:16.526000,33.0,33.05,33.1,54052755.0
2018-01-23 14:14:19.425000,33.05,33.0,33.05,55102755.0
2018-01-23 14:14:22.467000,33.05,33.0,33.05,56225255.0
2018-01-23 14:14:25.408000,33.05,33.0,33.05,56225255.0
2018-01-23 14:14:28.269000,33.05,33.0,33.05,56225255.0
2018-01-23 14:14:31.194000,33.05,33.0,33.05,56225255.0
2018-01-23 14:14:34.174000,33.05,33.0,33.05,57339755.0
2018-01-23 14:14:37.096000,33.05,33.0,33.05,57339755.0
2018-01-23 14:14:40.316000,33.05,33.0,33.05,57339755.0
2018-01-23 14:14:43.232000,33.05,33.0,33.05,57339755.0
2018-01-23 14:14:46.251000,33.05,33.0,33.05,57339755.0
2018-01-23 14:14:49.171000,33.05,33.0,33.05,57339755.0
2018-01-23 14:14:52.206000,33.05,33.0,33.05,57339755.0
2018-01-23 14:14:55.081000,33.05,33.05,33.1,58027255.0
2018-01-23 14:14:58.234000,33.05,33.05,33.1,58027255.0
2018-01-23 14:15:01.221000,33.05,33.05,33.1,58961755.0
2018-01-23 14:15:04.078000,33.05,33.05,33.1,58961755.0
2018-01-23 14:15:07.013000,33.05,33.05,33.1,58961755.0
2018-01-23 14:15:10.189000,33.05,33.05,33.1,58961755.0
2018-01-23 14:15:13.374000,33.05,33.05,33.1,58961755.0
2018-01-23 14:15:16.315000,33.05,33.05,33.1,58961755.0
2018-01-23 14:15:19.314000,33.05,33.05,33.1,58961755.0
2018-01-23 14:15:22.374000,33.05,33.05,33.1,58961755.0
2018-01-23 14:15:25.491000,33.05,33.05,33.1,58961755.0
2018-01-23 14:15:28.470000,33.05,33.05,33.1,58961755.0
2018-01-23 14:15:31.552000,33.05,33.05,33.1,58961755.0
2018-01-23 14:15:34.460000,33.05,33.05,33.1,58961755.0
2018-01-23 14:15:37.585000,33.05,33.05,33.1,58961755.0
2018-01-23 14:15:40.769000,33.05,33.05,33.1,58961755.0
2018-01-23 14:15:43.938000,33.05,33.05,33.1,58961755.0
2018-01-23 14:15:47.062000,33.05,33.05,33.1,58961755.0
2018-01-23 14:15:50.206000,33.05,33.05,33.1,58961755.0
2018-01-23 14:15:53.078000,33.05,33.05,33.1,58961755.0
2018-01-23 14:15:56.006000,33.05,33.05,33.1,58961755.0
2018-01-23 14:15:58.938000,33.05,33.05,33.1,58961755.0
2018-01-23 14:16:02.185000,33.05,33.05,33.1,58961755.0
2018-01-23 14:16:04.974000,33.05,33.05,33.1,58961755.0
2018-01-23 14:16:07.940000,33.05,33.05,33.1,58961755.0
2018-01-23 14:16:10.850000,33.05,33.05,33.1,58961755.0
2018-01-23 14:16:13.878000,33.05,33.05,33.1,59081615.0
2018-01-23 14:16:16.985000,33.05,33.05,33.1,59081615.0
2018-01-23 14:16:20.130000,33.05,33.05,33.1,59081615.0
2018-01-23 14:16:23.080000,33.05,33.05,33.1,59081615.0
2018-01-23 14:16:25.907000,33.05,33.05,33.1,59081615.0
2018-01-23 14:16:28.778000,33.05,33.05,33.1,59081615.0
2018-01-23 14:16:32.183000,33.05,33.05,33.1,59081615.0
2018-01-23 14:16:35.049000,33.05,33.05,33.1,59081615.0
2018-01-23 14:16:37.925000,33.05,33.05,33.1,59081615.0
2018-01-23 14:16:41.026000,33.05,33.05,33.1,59081615.0
2018-01-23 14:16:44.020000,33.05,33.05,33.1,59081615.0
2018-01-23 14:16:47.055000,33.05,33.05,33.1,59081615.0
2018-01-23 14:16:50.240000,33.05,33.05,33.1,59081615.0
2018-01-23 14:16:53.225000,33.05,33.05,33.1,59081615.0
2018-01-23 14:16:56.686000,33.05,33.05,33.1,59081615.0
2018-01-23 14:16:59.593000,33.05,33.05,33.1,59081615.0
2018-01-23 14:17:02.842000,33.05,33.05,33.1,59081615.0
2018-01-23 14:17:05.866000,33.05,33.05,33.1,59081615.0
2018-01-23 14:17:08.534000,33.05,33.05,33.1,59081615.0
2018-01-23 14:17:11.511000,33.05,33.05,33.1,59081615.0
2018-01-23 14:17:14.420000,33.05,33.05,33.1,59081615.0
2018-01-23 14:17:17.330000,33.05,33.05,33.1,59081615.0
2018-01-23 14:17:20.257000,33.05,33.05,33.1,59081615.0
2018-01-23 14:17:23.170000,33.05,33.05,33.1,59081615.0
2018-01-23 14:17:26.149000,33.05,33.05,33.1,59081615.0
2018-01-23 14:17:29.082000,33.05,33.05,33.1,59081615.0
2018-01-23 14:17:32.092000,33.05,33.05,33.1,59081615.0
2018-01-23 14:17:34.944000,33.05,33.05,33.1,59081615.0
2018-01-23 14:17:38.081000,33.05,33.05,33.1,59081615.0
2018-01-23 14:17:41.260000,33.05,33.05,33.1,59089115.0
2018-01-23 14:17:44.082000,33.05,33.05,33.1,59089115.0
2018-01-23 14:17:47.698000,33.05,33.05,33.1,59089115.0
2018-01-23 14:17:50.836000,33.05,33.05,33.1,59089115.0
2018-01-23 14:17:53.753000,33.05,33.05,33.1,59089115.0
2018-01-23 14:17:56.710000,33.05,33.05,33.1,59089115.0
2018-01-23 14:17:59.553000,33.05,33.05,33.1,59089115.0
2018-01-23 14:18:02.541000,33.05,33.05,33.1,59089115.0
2018-01-23 14:18:05.513000,33.05,33.05,33.1,59089115.0
2018-01-23 14:18:08.519000,33.05,33.05,33.1,59089115.0
2018-01-23 14:18:11.585000,33.05,33.05,33.1,59089115.0
2018-01-23 14:18:14.656000,33.05,33.05,33.1,59089115.0
2018-01-23 14:18:17.690000,33.05,33.05,33.1,59089115.0
2018-01-23 14:18:20.698000,33.05,33.05,33.1,59089115.0
2018-01-23 14:18:23.711000,33.05,33.05,33.1,59089115.0
2018-01-23 14:18:26.730000,33.05,33.05,33.1,59089115.0
2018-01-23 14:18:29.649000,33.05,33.05,33.1,59089115.0
2018-01-23 14:18:32.835000,33.05,33.05,33.1,59258615.0
2018-01-23 14:18:35.797000,33.05,33.05,33.1,59258615.0
2018-01-23 14:18:38.850000,33.05,33.05,33.1,59258615.0
2018-01-23 14:18:41.859000,33.05,33.05,33.1,59258615.0
2018-01-23 14:18:44.774000,33.05,33.05,33.1,59258615.0
2018-01-23 14:18:47.785000,33.05,33.05,33.1,59258615.0
2018-01-23 14:18:50.837000,33.05,33.05,33.1,59258615.0
2018-01-23 14:18:53.874000,33.05,33.05,33.1,59258615.0
2018-01-23 14:18:56.705000,33.05,33.05,33.1,59258615.0
2018-01-23 14:19:00.245000,33.05,33.05,33.1,59258615.0
2018-01-23 14:19:03.164000,33.05,33.05,33.1,59258615.0
2018-01-23 14:19:06.158000,33.05,33.05,33.1,59258615.0
2018-01-23 14:19:09.060000,33.05,33.05,33.1,59258615.0
2018-01-23 14:19:12.110000,33.05,33.05,33.1,59258615.0
2018-01-23 14:19:15.060000,33.05,33.05,33.1,59258615.0
2018-01-23 14:19:18.033000,33.05,33.05,33.1,59258615.0
2018-01-23 14:19:21.073000,33.05,33.05,33.1,59258615.0
2018-01-23 14:19:23.880000,33.05,33.05,33.1,59258615.0
2018-01-23 14:19:26.877000,33.05,33.05,33.1,59258615.0
2018-01-23 14:19:30.149000,33.05,33.05,33.1,59258615.0
2018-01-23 14:19:33.092000,33.05,33.05,33.1,59258615.0
2018-01-23 14:19:36.541000,33.05,33.05,33.1,59258615.0
2018-01-23 14:19:39.493000,33.05,33.05,33.1,59258615.0
2018-01-23 14:19:42.762000,33.05,33.05,33.1,59258615.0
2018-01-23 14:19:45.701000,33.1,33.05,33.1,60093115.0
2018-01-23 14:19:48.758000,33.1,33.05,33.1,60093115.0
2018-01-23 14:19:52.143000,33.1,33.05,33.1,60093115.0
2018-01-23 14:19:55.153000,33.1,33.05,33.1,60093115.0
2018-01-23 14:19:58.129000,33.1,33.05,33.1,60093115.0
2018-01-23 14:20:01.047000,33.1,33.05,33.1,60093115.0
2018-01-23 14:20:04.242000,33.1,33.05,33.1,60093115.0
2018-01-23 14:20:07.390000,33.1,33.05,33.1,60093115.0
2018-01-23 14:20:10.510000,33.1,33.05,33.1,60093115.0
2018-01-23 14:20:13.508000,33.1,33.05,33.1,60093115.0
2018-01-23 14:20:16.391000,33.1,33.05,33.1,60093115.0
2018-01-23 14:20:20.437000,33.1,33.05,33.1,60093115.0
2018-01-23 14:20:23.399000,33.1,33.05,33.1,60093115.0
2018-01-23 14:20:26.683000,33.1,33.05,33.1,60093115.0
2018-01-23 14:20:29.569000,33.1,33.05,33.1,60093115.0
2018-01-23 14:20:32.795000,33.1,33.05,33.1,60093115.0
2018-01-23 14:20:35.964000,33.1,33.05,33.1,60093115.0
2018-01-23 14:20:39.070000,33.1,33.05,33.1,60093115.0
2018-01-23 14:20:42.068000,33.1,33.05,33.1,60093115.0
2018-01-23 14:20:44.996000,33.1,33.05,33.1,60093115.0
2018-01-23 14:20:47.953000,33.1,33.05,33.1,60093115.0
2018-01-23 14:20:51.245000,33.1,33.05,33.1,60093115.0
2018-01-23 14:20:54.309000,33.05,33.05,33.1,61110115.0
2018-01-23 14:20:57.496000,33.05,33.05,33.1,61110115.0
2018-01-23 14:21:00.380000,33.05,33.05,33.1,61110115.0
2018-01-23 14:21:03.248000,33.05,33.05,33.1,61110115.0
2018-01-23 14:21:06.268000,33.05,33.05,33.1,61110115.0
2018-01-23 14:21:10.609000,33.05,33.05,33.1,61110115.0
2018-01-23 14:21:13.665000,33.05,33.05,33.1,61110115.0
2018-01-23 14:21:16.765000,33.05,33.05,33.1,61110115.0
2018-01-23 14:21:19.776000,33.05,33.05,33.1,61110115.0
2018-01-23 14:21:22.873000,33.05,33.05,33.1,61110115.0
2018-01-23 14:21:26.045000,33.05,33.05,33.1,61110115.0
2018-01-23 14:21:29.149000,33.05,33.05,33.1,61110115.0
2018-01-23 14:21:32.160000,33.05,33.05,33.1,61110115.0
2018-01-23 14:21:35.409000,33.05,33.05,33.1,61110115.0
2018-01-23 14:21:38.433000,33.05,33.05,33.1,61110115.0
2018-01-23 14:21:41.586000,33.05,33.05,33.1,61110115.0
2018-01-23 14:21:44.690000,33.05,33.05,33.1,61110115.0
2018-01-23 14:21:48.479000,33.05,33.05,33.1,61110115.0
2018-01-23 14:21:51.545000,33.05,33.05,33.1,61110115.0
2018-01-23 14:21:54.635000,33.05,33.05,33.1,61900615.0
2018-01-23 14:21:57.764000,33.05,33.05,33.1,61900615.0
2018-01-23 14:22:00.842000,33.05,33.05,33.1,61900615.0
2018-01-23 14:22:03.808000,33.05,33.05,33.1,61900615.0
2018-01-23 14:22:06.912000,33.05,33.05,33.1,61900615.0
2018-01-23 14:22:09.550000,33.05,33.05,33.1,61900615.0
2018-01-23 14:22:12.241000,33.05,33.05,33.1,61900615.0
2018-01-23 14:22:15.125000,33.05,33.05,33.1,61900615.0
2018-01-23 14:22:18.156000,33.05,33.05,33.1,61900615.0
2018-01-23 14:22:21.195000,33.05,33.05,33.1,61900615.0
2018-01-23 14:22:24.057000,33.05,33.05,33.1,61900615.0
2018-01-23 14:22:27.235000,33.05,33.05,33.1,61900615.0
2018-01-23 14:22:29.907000,33.05,33.05,33.1,61900615.0
2018-01-23 14:22:32.727000,33.05,33.05,33.1,61900615.0
2018-01-23 14:22:35.368000,33.05,33.05,33.1,61900615.0
2018-01-23 14:22:38.084000,33.05,33.05,33.1,61900615.0
2018-01-23 14:22:40.886000,33.05,33.05,33.1,61900615.0
2018-01-23 14:22:44.089000,33.05,33.05,33.1,61900615.0
2018-01-23 14:22:47.142000,33.05,33.05,33.1,61900615.0
2018-01-23 14:22:49.978000,33.05,33.05,33.1,61900615.0
2018-01-23 14:22:52.891000,33.05,33.05,33.1,61900615.0
2018-01-23 14:22:55.905000,33.05,33.05,33.1,61900615.0
2018-01-23 14:22:59.107000,33.05,33.05,33.1,61900615.0
2018-01-23 14:23:03.621000,33.05,33.0,33.05,62026115.0
2018-01-23 14:23:07.091000,33.05,33.0,33.05,62026115.0
2018-01-23 14:23:10.077000,33.05,33.0,33.05,62026115.0
2018-01-23 14:23:13.140000,33.05,33.0,33.05,62026115.0
2018-01-23 14:23:16.594000,33.05,33.0,33.05,62026115.0
2018-01-23 14:23:19.951000,33.05,33.0,33.05,62026115.0
2018-01-23 14:23:23.055000,33.05,33.0,33.05,62026115.0
2018-01-23 14:23:26.382000,33.05,33.0,33.05,62026115.0
2018-01-23 14:23:29.280000,33.05,33.0,33.05,62026115.0
2018-01-23 14:23:32.424000,33.05,33.0,33.05,62026115.0
2018-01-23 14:23:36.188000,33.05,33.0,33.05,62026115.0
2018-01-23 14:23:40.108000,33.05,33.0,33.05,62026115.0
2018-01-23 14:23:43.048000,33.05,33.0,33.05,62026115.0
2018-01-23 14:23:46.438000,33.05,33.0,33.05,62026115.0
2018-01-23 14:23:49.656000,33.05,33.0,33.05,62026115.0
2018-01-23 14:23:54.810000,33.05,33.0,33.05,62026115.0
2018-01-23 14:23:57.872000,33.05,33.0,33.05,62026115.0
2018-01-23 14:24:01.345000,33.05,33.05,33.1,62089615.0
2018-01-23 14:24:04.639000,33.05,33.05,33.1,62089615.0
2018-01-23 14:24:07.642000,33.05,33.05,33.1,62089615.0
2018-01-23 14:24:10.782000,33.05,33.05,33.1,62089615.0
2018-01-23 14:24:14.187000,33.05,33.05,33.1,62089615.0
2018-01-23 14:24:17.336000,33.05,33.05,33.1,62089615.0
2018-01-23 14:24:20.273000,33.05,33.05,33.1,62089615.0
2018-01-23 14:24:23.403000,33.05,33.05,33.1,62089615.0
2018-01-23 14:24:26.329000,33.05,33.05,33.1,62089615.0
2018-01-23 14:24:29.358000,33.05,33.05,33.1,62089615.0
2018-01-23 14:24:32.517000,33.05,33.05,33.1,62089615.0
2018-01-23 14:24:35.564000,33.05,33.05,33.1,62089615.0
2018-01-23 14:24:38.303000,33.05,33.05,33.1,62089615.0
2018-01-23 14:24:41.190000,33.05,33.05,33.1,62089615.0
2018-01-23 14:24:44.092000,33.05,33.05,33.1,62089615.0
2018-01-23 14:24:46.997000,33.05,33.05,33.1,62089615.0
2018-01-23 14:24:49.955000,33.05,33.05,33.1,62089615.0
2018-01-23 14:24:52.961000,33.05,33.05,33.1,62089615.0
2018-01-23 14:24:56.159000,33.05,33.05,33.1,62089615.0
2018-01-23 14:24:58.986000,33.05,33.05,33.1,62089615.0
2018-01-23 14:25:01.822000,33.05,33.05,33.1,62089615.0
2018-01-23 14:25:04.704000,33.05,33.05,33.1,62089615.0
2018-01-23 14:25:07.629000,33.05,33.05,33.1,62089615.0
2018-01-23 14:25:10.520000,33.05,33.05,33.1,62090660.0
2018-01-23 14:25:13.485000,33.05,33.05,33.1,62090660.0
2018-01-23 14:25:16.403000,33.05,33.05,33.1,62090660.0
2018-01-23 14:25:19.437000,33.05,33.05,33.1,62090660.0
2018-01-23 14:25:22.315000,33.05,33.05,33.1,62090660.0
2018-01-23 14:25:25.346000,33.05,33.05,33.1,62090660.0
2018-01-23 14:25:28.163000,33.05,33.05,33.1,62090660.0
2018-01-23 14:25:30.988000,33.05,33.05,33.1,62090660.0
2018-01-23 14:25:33.861000,33.05,33.05,33.1,62090660.0
2018-01-23 14:25:36.802000,33.05,33.05,33.1,62090660.0
2018-01-23 14:25:39.739000,33.05,33.05,33.1,62090660.0
2018-01-23 14:25:42.585000,33.05,33.05,33.1,62090660.0
2018-01-23 14:25:45.618000,33.05,33.05,33.1,62090660.0
2018-01-23 14:25:48.476000,33.05,33.05,33.1,62090660.0
2018-01-23 14:25:51.313000,33.05,33.05,33.1,62090660.0
2018-01-23 14:25:54.501000,33.05,33.05,33.1,62101780.0
2018-01-23 14:25:57.379000,33.05,33.05,33.1,62101780.0
2018-01-23 14:26:00.366000,33.05,33.05,33.1,62101780.0
2018-01-23 14:26:03.088000,33.05,33.05,33.1,62101780.0
2018-01-23 14:26:06.336000,33.05,33.05,33.1,62101780.0
2018-01-23 14:26:09.562000,33.05,33.05,33.1,62101780.0
2018-01-23 14:26:12.566000,33.05,33.05,33.1,62101780.0
2018-01-23 14:26:15.238000,33.05,33.05,33.1,62101780.0
2018-01-23 14:26:18.132000,33.05,33.05,33.1,62101780.0
2018-01-23 14:26:21.176000,33.05,33.05,33.1,62101780.0
2018-01-23 14:26:24.064000,33.05,33.05,33.1,62101780.0
2018-01-23 14:26:27.302000,33.05,33.05,33.1,62101780.0
2018-01-23 14:26:30.302000,33.05,33.05,33.1,62101780.0
2018-01-23 14:26:33.196000,33.05,33.05,33.1,62101780.0
2018-01-23 14:26:36.148000,33.05,33.05,33.1,62101780.0
2018-01-23 14:26:39.407000,33.05,33.05,33.1,62101780.0
2018-01-23 14:26:42.286000,33.05,33.05,33.1,62101780.0
2018-01-23 14:26:45.282000,33.05,33.05,33.1,62101780.0
2018-01-23 14:26:48.410000,33.05,33.05,33.1,62101780.0
2018-01-23 14:26:51.544000,33.05,33.05,33.1,62101780.0
2018-01-23 14:26:54.472000,33.05,33.05,33.1,62101780.0
2018-01-23 14:26:57.617000,33.05,33.05,33.1,62101780.0
2018-01-23 14:27:00.723000,33.05,33.05,33.1,62101780.0
2018-01-23 14:27:03.636000,33.05,33.05,33.1,62101780.0
2018-01-23 14:27:06.599000,33.05,33.05,33.1,62101780.0
2018-01-23 14:27:09.834000,33.05,33.05,33.1,62101780.0
2018-01-23 14:27:12.764000,33.05,33.05,33.1,62101780.0
2018-01-23 14:27:15.793000,33.05,33.05,33.1,62101780.0
2018-01-23 14:27:18.695000,33.05,33.05,33.1,62101780.0
2018-01-23 14:27:21.903000,33.05,33.05,33.1,62101780.0
2018-01-23 14:27:24.919000,33.05,33.05,33.1,62101780.0
2018-01-23 14:27:28.001000,33.05,33.05,33.1,62101780.0
2018-01-23 14:27:30.865000,33.05,33.05,33.1,62101780.0
2018-01-23 14:27:33.847000,33.05,33.05,33.1,62101780.0
2018-01-23 14:27:36.600000,,,,
2018-01-23 14:27:39.564000,33.05,33.05,33.1,62101780.0
2018-01-23 14:27:42.606000,33.05,33.05,33.1,62101780.0
2018-01-23 14:27:45.670000,33.05,33.05,33.1,62101780.0
2018-01-23 14:27:48.545000,33.05,33.05,33.1,62101780.0
2018-01-23 14:27:51.515000,33.05,33.05,33.1,62101780.0
2018-01-23 14:27:54.662000,33.05,33.05,33.1,62101780.0
2018-01-23 14:27:57.615000,33.05,33.05,33.1,62101780.0
2018-01-23 14:28:00.537000,33.05,33.05,33.1,62101780.0
2018-01-23 14:28:03.770000,33.05,33.05,33.1,62101780.0
2018-01-23 14:28:06.580000,33.05,33.05,33.1,62101780.0
2018-01-23 14:28:09.584000,33.05,33.05,33.1,62101780.0
2018-01-23 14:28:12.703000,33.05,33.05,33.1,62101780.0
2018-01-23 14:28:15.601000,33.05,33.05,33.1,62101780.0
2018-01-23 14:28:18.702000,33.05,33.05,33.1,62101780.0
2018-01-23 14:28:21.821000,33.05,33.05,33.1,62101780.0
2018-01-23 14:28:24.990000,33.05,33.05,33.1,62101780.0
2018-01-23 14:28:27.966000,33.05,33.05,33.1,62101780.0
2018-01-23 14:28:31.086000,33.05,33.05,33.1,62101780.0
2018-01-23 14:28:33.988000,33.05,33.05,33.1,62101780.0
2018-01-23 14:28:37,33.05,33.05,33.1,62101780.0
2018-01-23 14:28:39.962000,33.05,33.05,33.1,62101780.0
2018-01-23 14:28:43.096000,33.05,33.05,33.1,62103280.0
2018-01-23 14:28:46.167000,33.05,33.05,33.1,62103280.0
2018-01-23 14:28:49.303000,33.05,33.05,33.1,62103280.0
2018-01-23 14:28:52.407000,33.05,33.05,33.1,62103280.0
2018-01-23 14:28:55.367000,33.05,33.05,33.1,62103280.0
2018-01-23 14:28:58.464000,33.05,33.05,33.1,62103280.0
2018-01-23 14:29:01.493000,33.05,33.05,33.1,62103280.0
2018-01-23 14:29:04.563000,33.05,33.05,33.1,62103280.0
2018-01-23 14:29:07.602000,33.05,33.05,33.1,62103280.0
2018-01-23 14:29:10.587000,33.05,33.05,33.1,62103280.0
2018-01-23 14:29:13.576000,33.05,33.05,33.1,62103280.0
2018-01-23 14:29:16.790000,33.05,33.05,33.1,62103280.0
2018-01-23 14:29:19.915000,33.05,33.05,33.1,62355900.0
2018-01-23 14:29:23.049000,33.05,33.05,33.1,62355900.0
2018-01-23 14:29:25.993000,33.05,33.05,33.1,62355900.0
2018-01-23 14:29:29.085000,33.05,33.05,33.1,62355900.0
2018-01-23 14:29:32.573000,33.05,33.05,33.1,62355900.0
2018-01-23 14:29:35.621000,33.05,33.05,33.1,62355900.0
2018-01-23 14:29:38.944000,33.05,33.05,33.1,62355900.0
2018-01-23 14:29:42.140000,33.05,33.05,33.1,62355900.0
2018-01-23 14:29:45.280000,33.05,33.05,33.1,62355900.0
2018-01-23 14:29:48.487000,33.05,33.05,33.1,62355900.0
2018-01-23 14:29:51.462000,33.05,33.05,33.1,62355900.0
2018-01-23 14:29:54.433000,33.05,33.05,33.1,62355900.0
2018-01-23 14:29:57.653000,33.05,33.05,33.1,62355900.0
2018-01-23 14:30:00.844000,33.05,33.05,33.1,62355900.0
2018-01-23 14:30:04.001000,33.05,33.05,33.1,62355900.0
2018-01-23 14:30:06.980000,33.05,33.05,33.1,62355900.0
2018-01-23 14:30:10.118000,33.05,33.05,33.1,62355900.0
2018-01-23 14:30:13.190000,33.05,33.05,33.1,62355900.0
2018-01-23 14:30:16.231000,33.05,33.05,33.1,62355900.0
2018-01-23 14:30:19.188000,33.05,33.0,33.05,62523520.0
2018-01-23 14:30:22.373000,33.05,33.0,33.05,62523520.0
2018-01-23 14:30:25.434000,33.05,33.0,33.05,62523520.0
2018-01-23 14:30:28.911000,33.05,33.0,33.05,62523520.0
2018-01-23 14:30:32.016000,33.05,33.0,33.05,62523520.0
2018-01-23 14:30:35.179000,33.05,33.0,33.05,62523520.0
2018-01-23 14:30:38.105000,33.05,33.0,33.05,62523520.0
2018-01-23 14:30:41.184000,33.05,33.0,33.05,62523520.0
2018-01-23 14:30:44.180000,33.05,33.0,33.05,62523520.0
2018-01-23 14:30:47.134000,33.05,33.0,33.05,62523520.0
2018-01-23 14:30:50.143000,33.05,33.0,33.05,62523520.0
2018-01-23 14:30:53.147000,33.05,33.0,33.05,62523520.0
2018-01-23 14:30:56.266000,33.05,33.0,33.05,62523520.0
2018-01-23 14:30:59.314000,33.05,33.0,33.05,62523520.0
2018-01-23 14:31:02.301000,33.05,33.0,33.05,62523520.0
2018-01-23 14:31:05.408000,33.05,33.0,33.05,62523520.0
2018-01-23 14:31:08.287000,33.05,33.0,33.05,62523520.0
2018-01-23 14:31:11.307000,33.05,33.0,33.05,62523520.0
2018-01-23 14:31:14.355000,33.05,33.0,33.05,62523520.0
2018-01-23 14:31:17.233000,33.05,33.0,33.05,62523520.0
2018-01-23 14:31:20.321000,33.05,33.0,33.05,62523520.0
2018-01-23 14:31:23.586000,33.05,33.0,33.05,62523520.0
2018-01-23 14:31:26.951000,33.05,33.0,33.05,62523520.0
2018-01-23 14:31:29.899000,33.05,33.0,33.05,62523520.0
2018-01-23 14:31:32.980000,33.05,33.0,33.05,62523520.0
2018-01-23 14:31:36.043000,33.05,33.0,33.05,62523520.0
2018-01-23 14:31:39.227000,33.05,33.0,33.05,62523520.0
2018-01-23 14:31:42.100000,33.05,33.0,33.05,62764020.0
2018-01-23 14:31:44.871000,33.05,33.0,33.05,62764020.0
2018-01-23 14:31:47.958000,33.05,33.0,33.05,62764020.0
2018-01-23 14:31:51.183000,33.05,33.0,33.05,62764020.0
2018-01-23 14:31:54.245000,33.05,33.0,33.05,62764020.0
2018-01-23 14:31:57.189000,33.05,33.0,33.05,62764020.0
2018-01-23 14:32:00.247000,33.05,33.0,33.05,62764020.0
2018-01-23 14:32:03.366000,33.05,33.0,33.05,62764020.0
2018-01-23 14:32:06.558000,33.05,33.0,33.05,62764020.0
2018-01-23 14:32:09.448000,33.05,33.0,33.05,62764020.0
2018-01-23 14:32:12.498000,33.05,33.0,33.05,62764020.0
2018-01-23 14:32:15.400000,33.05,33.0,33.05,62764020.0
2018-01-23 14:32:18.435000,33.05,33.0,33.05,62764020.0
2018-01-23 14:32:21.434000,33.05,33.0,33.05,62764020.0
2018-01-23 14:32:24.761000,33.05,33.0,33.05,62764020.0
2018-01-23 14:32:27.592000,33.05,33.0,33.05,62764020.0
2018-01-23 14:32:30.656000,33.05,33.0,33.05,62764020.0
2018-01-23 14:32:33.878000,33.05,33.0,33.05,62764020.0
2018-01-23 14:32:36.895000,33.05,33.0,33.05,62764020.0
2018-01-23 14:32:40.106000,33.05,33.0,33.05,62764020.0
2018-01-23 14:32:43.409000,33.05,33.0,33.05,62764020.0
2018-01-23 14:32:46.577000,33.05,33.0,33.05,62764020.0
2018-01-23 14:32:49.622000,33.05,33.0,33.05,62764020.0
2018-01-23 14:32:52.514000,33.05,33.0,33.05,62764020.0
2018-01-23 14:32:55.531000,33.05,33.0,33.05,62764020.0
2018-01-23 14:32:58.554000,33.05,33.0,33.05,62778520.0
2018-01-23 14:33:01.628000,33.05,33.0,33.05,62778520.0
2018-01-23 14:33:04.683000,33.05,33.0,33.05,62778520.0
2018-01-23 14:33:07.624000,33.05,33.0,33.05,62778520.0
2018-01-23 14:33:10.688000,33.05,33.0,33.05,62778520.0
2018-01-23 14:33:13.716000,33.05,33.0,33.05,62778520.0
2018-01-23 14:33:16.569000,33.05,33.0,33.05,62778520.0
2018-01-23 14:33:19.560000,33.05,33.0,33.05,62778520.0
2018-01-23 14:33:22.675000,33.05,33.0,33.05,62778520.0
2018-01-23 14:33:25.795000,33.05,33.0,33.05,62778520.0
2018-01-23 14:33:28.888000,33.05,33.0,33.05,62778520.0
2018-01-23 14:33:32.029000,33.05,33.0,33.05,62778520.0
2018-01-23 14:33:35.139000,33.05,33.0,33.05,62778520.0
2018-01-23 14:33:38.339000,33.05,33.0,33.05,64200020.0
2018-01-23 14:33:41.314000,33.05,33.0,33.05,64200020.0
2018-01-23 14:33:44.543000,33.05,33.0,33.05,64200020.0
2018-01-23 14:33:47.440000,33.05,33.0,33.05,64200020.0
2018-01-23 14:33:50.436000,33.05,33.0,33.05,64200020.0
2018-01-23 14:33:53.549000,33.05,33.0,33.05,64200020.0
2018-01-23 14:33:56.656000,33.05,33.0,33.05,64200020.0
2018-01-23 14:33:59.687000,33.05,33.0,33.05,64200020.0
2018-01-23 14:34:02.679000,33.05,33.0,33.05,64200020.0
2018-01-23 14:34:05.858000,33.05,33.0,33.05,64200020.0
2018-01-23 14:34:09.096000,33.05,33.0,33.05,64200020.0
2018-01-23 14:34:12.071000,33.05,33.0,33.05,64200020.0
2018-01-23 14:34:15.372000,33.05,33.0,33.05,64200020.0
2018-01-23 14:34:18.501000,33.05,33.0,33.05,64200020.0
2018-01-23 14:34:21.424000,33.05,33.0,33.05,64200020.0
2018-01-23 14:34:24.454000,33.05,33.0,33.05,64200020.0
2018-01-23 14:34:27.509000,33.05,33.05,33.1,64442520.0
2018-01-23 14:34:30.670000,33.05,33.05,33.1,64442520.0
2018-01-23 14:34:33.642000,33.05,33.05,33.1,64442520.0
2018-01-23 14:34:36.525000,33.05,33.05,33.1,64442520.0
2018-01-23 14:34:39.460000,33.05,33.05,33.1,64442520.0
2018-01-23 14:34:42.401000,33.05,33.05,33.1,64442520.0
2018-01-23 14:34:45.436000,33.05,33.05,33.1,64442520.0
2018-01-23 14:34:48.580000,33.05,33.0,33.1,64946020.0
2018-01-23 14:34:51.642000,33.05,33.0,33.1,64946020.0
2018-01-23 14:34:54.672000,33.05,33.0,33.1,64946020.0
2018-01-23 14:34:57.876000,33.05,33.0,33.1,64946020.0
2018-01-23 14:35:00.983000,33.05,33.0,33.1,64946020.0
2018-01-23 14:35:04.278000,33.05,33.0,33.1,64946020.0
2018-01-23 14:35:07.440000,33.05,33.0,33.1,64946020.0
2018-01-23 14:35:10.791000,33.05,33.0,33.1,64946020.0
2018-01-23 14:35:13.997000,33.05,33.0,33.1,64946020.0
2018-01-23 14:35:16.963000,33.05,33.0,33.1,64946020.0
2018-01-23 14:35:20.203000,33.05,33.0,33.1,64946020.0
2018-01-23 14:35:23.129000,33.05,33.0,33.1,64946020.0
2018-01-23 14:35:26.493000,33.05,33.0,33.1,64946020.0
2018-01-23 14:35:29.657000,33.05,33.0,33.1,64946020.0
2018-01-23 14:35:32.582000,33.05,33.05,33.1,65116520.0
2018-01-23 14:35:35.812000,33.05,33.05,33.1,65116520.0
2018-01-23 14:35:38.692000,33.05,33.05,33.1,65116520.0
2018-01-23 14:35:41.674000,33.05,33.05,33.1,65116520.0
2018-01-23 14:35:44.720000,33.05,33.05,33.1,65116520.0
2018-01-23 14:35:47.520000,33.05,33.05,33.1,65116520.0
2018-01-23 14:35:50.706000,33.05,33.05,33.1,65116520.0
2018-01-23 14:35:53.757000,33.05,33.05,33.1,65116520.0
2018-01-23 14:35:56.585000,33.05,33.05,33.1,65116520.0
2018-01-23 14:35:59.596000,33.05,33.05,33.1,65116520.0
2018-01-23 14:36:02.781000,33.05,33.05,33.1,65116520.0
2018-01-23 14:36:05.646000,33.05,33.05,33.1,65116520.0
2018-01-23 14:36:08.813000,33.05,33.05,33.1,65116520.0
2018-01-23 14:36:11.880000,33.05,33.05,33.1,65116520.0
2018-01-23 14:36:15.112000,33.05,33.0,33.05,65446260.0
2018-01-23 14:36:18.284000,33.05,33.0,33.05,65446260.0
2018-01-23 14:36:21.410000,33.05,33.0,33.05,65446260.0
2018-01-23 14:36:24.690000,33.05,33.0,33.05,65446260.0
2018-01-23 14:36:27.729000,33.05,33.0,33.05,65446260.0
2018-01-23 14:36:31.172000,33.05,33.0,33.05,65446260.0
2018-01-23 14:36:34.098000,33.05,33.0,33.05,65446260.0
