time,price,bid,ask,volume
2018-01-24 13:00:54.892000,33.1,33.05,33.1,20645215.0
2018-01-24 13:00:57.555000,33.1,33.05,33.1,20645215.0
2018-01-24 13:01:00.370000,33.1,33.05,33.1,20645215.0
2018-01-24 13:01:03.318000,33.1,33.05,33.1,20645215.0
2018-01-24 13:01:05.775000,33.1,33.05,33.1,20645215.0
2018-01-24 13:01:08.482000,,,,
2018-01-24 13:01:11.172000,33.1,33.05,33.1,20645215.0
2018-01-24 13:01:13.734000,33.1,33.05,33.1,20645215.0
2018-01-24 13:01:16.247000,33.1,33.05,33.1,20696455.0
2018-01-24 13:01:19.107000,33.1,33.05,33.1,20696455.0
2018-01-24 13:01:21.593000,33.1,33.05,33.1,20696455.0
2018-01-24 13:01:24.333000,33.1,33.05,33.1,20696455.0
2018-01-24 13:01:26.903000,33.1,33.05,33.1,20696455.0
2018-01-24 13:01:29.484000,33.1,33.05,33.1,20696455.0
2018-01-24 13:01:32.184000,33.1,33.05,33.1,20696455.0
2018-01-24 13:01:34.999000,33.1,33.05,33.1,20696455.0
2018-01-24 13:01:37.662000,33.1,33.05,33.1,20696455.0
2018-01-24 13:01:40.366000,33.1,33.05,33.1,20696455.0
2018-01-24 13:01:42.854000,33.1,33.05,33.1,20696455.0
2018-01-24 13:01:45.729000,33.1,33.05,33.1,20696455.0
2018-01-24 13:01:48.318000,33.1,33.05,33.1,20696455.0
2018-01-24 13:01:51.215000,33.1,33.05,33.1,20696455.0
2018-01-24 13:01:53.860000,33.1,33.05,33.1,20696455.0
2018-01-24 13:01:56.575000,33.1,33.05,33.1,20696455.0
2018-01-24 13:01:59.610000,33.1,33.05,33.1,20696455.0
2018-01-24 13:02:02.203000,33.1,33.05,33.1,20696455.0
2018-01-24 13:02:04.828000,33.1,33.05,33.1,20696455.0
2018-01-24 13:02:07.387000,33.1,33.05,33.1,20696455.0
2018-01-24 13:02:09.939000,33.1,33.05,33.1,20696455.0
2018-01-24 13:02:12.729000,33.1,33.05,33.1,20696455.0
2018-01-24 13:02:15.294000,33.1,33.05,33.1,20696455.0
2018-01-24 13:02:17.872000,33.1,33.05,33.1,20696455.0
2018-01-24 13:02:20.436000,33.1,33.05,33.1,20696455.0
2018-01-24 13:02:23.294000,33.1,33.05,33.1,20696455.0
2018-01-24 13:02:25.745000,33.1,33.05,33.1,20696455.0
2018-01-24 13:02:28.170000,33.1,33.05,33.1,20696455.0
2018-01-24 13:02:30.732000,33.1,33.05,33.1,20696455.0
2018-01-24 13:02:33.125000,33.1,33.05,33.1,20696455.0
2018-01-24 13:02:35.918000,33.1,33.05,33.1,20696455.0
2018-01-24 13:02:38.875000,33.1,33.05,33.1,20696455.0
2018-01-24 13:02:41.436000,33.1,33.05,33.1,20696455.0
2018-01-24 13:02:44.129000,33.1,33.05,33.1,20696455.0
2018-01-24 13:02:46.684000,33.1,33.05,33.1,20696455.0
2018-01-24 13:02:49.194000,33.1,33.05,33.1,20696455.0
2018-01-24 13:02:51.856000,33.1,33.05,33.1,20696455.0
2018-01-24 13:02:54.485000,33.1,33.05,33.1,20696455.0
2018-01-24 13:02:57.063000,33.1,33.05,33.1,20696455.0
2018-01-24 13:02:59.574000,33.1,33.05,33.1,20696455.0
2018-01-24 13:03:02.071000,33.1,33.05,33.1,20696455.0
2018-01-24 13:03:04.667000,33.1,33.05,33.1,20696455.0
2018-01-24 13:03:07.247000,33.1,33.05,33.1,20696455.0
2018-01-24 13:03:10.388000,33.1,33.05,33.1,20696455.0
2018-01-24 13:03:12.968000,33.1,33.05,33.1,20696455.0
2018-01-24 13:03:15.481000,33.1,33.05,33.1,20696455.0
2018-01-24 13:03:18.048000,33.1,33.05,33.1,20696455.0
2018-01-24 13:03:20.638000,33.1,33.05,33.1,20696455.0
2018-01-24 13:03:23.860000,33.1,33.05,33.1,20696455.0
2018-01-24 13:03:26.576000,33.05,33.05,33.1,20802460.0
2018-01-24 13:03:29.520000,33.05,33.05,33.1,20802460.0
2018-01-24 13:03:32.125000,33.05,33.05,33.1,20802460.0
2018-01-24 13:03:34.690000,33.05,33.05,33.1,20802460.0
2018-01-24 13:03:37.215000,33.05,33.05,33.1,20802460.0
2018-01-24 13:03:39.891000,33.05,33.05,33.1,20802460.0
2018-01-24 13:03:42.486000,33.05,33.05,33.1,20802460.0
2018-01-24 13:03:45.027000,33.05,33.05,33.1,20802460.0
2018-01-24 13:03:47.406000,33.05,33.05,33.1,20802460.0
2018-01-24 13:03:49.972000,33.05,33.05,33.1,20802460.0
2018-01-24 13:03:52.374000,33.05,33.05,33.1,20802460.0
2018-01-24 13:03:54.971000,33.05,33.05,33.1,20802460.0
2018-01-24 13:03:57.815000,33.05,33.05,33.1,20802460.0
2018-01-24 13:04:00.354000,33.05,33.05,33.1,20802460.0
2018-01-24 13:04:02.852000,33.05,33.05,33.1,20802460.0
2018-01-24 13:04:05.375000,33.05,33.05,33.1,20802460.0
2018-01-24 13:04:08.064000,33.05,33.05,33.1,20802460.0
2018-01-24 13:04:10.499000,33.05,33.05,33.1,20802460.0
2018-01-24 13:04:13.049000,33.05,33.05,33.1,20802460.0
2018-01-24 13:04:15.362000,33.05,33.05,33.1,20802460.0
2018-01-24 13:04:18.190000,33.05,33.05,33.1,20802460.0
2018-01-24 13:04:20.632000,33.05,33.05,33.1,20802460.0
2018-01-24 13:04:23.218000,33.05,33.05,33.1,20802460.0
2018-01-24 13:04:25.717000,33.05,33.05,33.1,20802460.0
2018-01-24 13:04:28.064000,33.05,33.05,33.1,20802460.0
2018-01-24 13:04:30.507000,33.05,33.05,33.1,20802460.0
2018-01-24 13:04:33.141000,33.05,33.05,33.1,20802460.0
2018-01-24 13:04:35.905000,33.05,33.05,33.1,20802460.0
2018-01-24 13:04:38.308000,33.05,33.05,33.1,20802460.0
2018-01-24 13:04:40.891000,33.05,33.05,33.1,20802460.0
2018-01-24 13:04:43.227000,33.05,33.05,33.1,20802460.0
2018-01-24 13:04:45.954000,33.05,33.05,33.1,20802460.0
2018-01-24 13:04:48.505000,33.05,33.05,33.1,20802460.0
2018-01-24 13:04:51.188000,33.05,33.05,33.1,20802460.0
2018-01-24 13:04:53.429000,33.05,33.05,33.1,20802460.0
2018-01-24 13:04:56.095000,33.05,33.05,33.1,20802460.0
2018-01-24 13:04:58.618000,33.05,33.05,33.1,20802460.0
2018-01-24 13:05:01.078000,33.05,33.05,33.1,20802460.0
2018-01-24 13:05:03.600000,33.05,33.05,33.1,20802460.0
2018-01-24 13:05:05.924000,33.05,33.05,33.1,20802460.0
2018-01-24 13:05:08.727000,33.05,33.05,33.1,20802460.0
2018-01-24 13:05:11.189000,33.05,33.05,33.1,20802460.0
2018-01-24 13:05:13.763000,33.05,33.05,33.1,20802460.0
2018-01-24 13:05:16.266000,33.05,33.05,33.1,20802460.0
2018-01-24 13:05:18.707000,33.05,33.05,33.1,20807160.0
2018-01-24 13:05:21.265000,33.05,33.05,33.1,20807160.0
2018-01-24 13:05:23.868000,33.05,33.05,33.1,20807160.0
2018-01-24 13:05:26.469000,33.05,33.05,33.1,20807160.0
2018-01-24 13:05:29.269000,33.05,33.05,33.1,20807160.0
2018-01-24 13:05:31.938000,33.05,33.05,33.1,20807160.0
2018-01-24 13:05:34.478000,33.05,33.05,33.1,20807160.0
2018-01-24 13:05:37.033000,33.05,33.05,33.1,20807160.0
2018-01-24 13:05:39.559000,33.05,33.05,33.1,20807160.0
2018-01-24 13:05:42.046000,33.05,33.05,33.1,20807160.0
2018-01-24 13:05:44.502000,33.05,33.05,33.1,20807160.0
2018-01-24 13:05:47.002000,33.05,33.05,33.1,20807160.0
2018-01-24 13:05:49.656000,33.05,33.05,33.1,20807160.0
2018-01-24 13:05:52.162000,33.05,33.05,33.1,20807160.0
2018-01-24 13:05:54.623000,33.05,33.05,33.1,20807160.0
2018-01-24 13:05:57.167000,33.05,33.05,33.1,20807160.0
2018-01-24 13:05:59.521000,33.05,33.05,33.1,20807160.0
2018-01-24 13:06:01.928000,33.05,33.05,33.1,20807551.0
2018-01-24 13:06:04.411000,33.05,33.05,33.1,20807551.0
2018-01-24 13:06:06.829000,33.05,33.05,33.1,20807551.0
2018-01-24 13:06:09.213000,33.05,33.05,33.1,20807551.0
2018-01-24 13:06:11.792000,33.05,33.05,33.1,20807551.0
2018-01-24 13:06:14.454000,33.05,33.05,33.1,20807551.0
2018-01-24 13:06:17.071000,33.05,33.05,33.1,20807551.0
2018-01-24 13:06:19.612000,33.05,33.05,33.1,20807551.0
2018-01-24 13:06:22.290000,33.05,33.05,33.1,20807551.0
2018-01-24 13:06:24.793000,33.05,33.05,33.1,20807551.0
2018-01-24 13:06:27.366000,33.05,33.05,33.1,20807551.0
2018-01-24 13:06:29.647000,33.05,33.05,33.1,20807551.0
2018-01-24 13:06:32.207000,33.05,33.05,33.1,20807551.0
2018-01-24 13:06:34.598000,33.05,33.05,33.1,20807551.0
2018-01-24 13:06:37.284000,33.05,33.05,33.1,20807551.0
2018-01-24 13:06:39.708000,33.05,33.05,33.1,20807551.0
2018-01-24 13:06:42.161000,33.05,33.05,33.1,20807551.0
2018-01-24 13:06:44.555000,33.05,33.05,33.1,20807551.0
2018-01-24 13:06:47.208000,33.05,33.05,33.1,20807551.0
2018-01-24 13:06:49.864000,33.05,33.05,33.1,20807551.0
2018-01-24 13:06:52.232000,33.05,33.05,33.1,20807551.0
2018-01-24 13:06:54.746000,33.05,33.05,33.1,20807551.0
2018-01-24 13:06:57.154000,33.05,33.05,33.1,20807551.0
2018-01-24 13:06:59.678000,33.05,33.05,33.1,20807551.0
2018-01-24 13:07:02.238000,33.05,33.05,33.1,20807551.0
2018-01-24 13:07:04.601000,33.05,33.05,33.1,20807551.0
2018-01-24 13:07:07.070000,33.05,33.05,33.1,20807551.0
2018-01-24 13:07:10.007000,33.05,33.05,33.1,20807551.0
2018-01-24 13:07:12.558000,33.05,33.05,33.1,20807551.0
2018-01-24 13:07:15.343000,33.05,33.05,33.1,20807551.0
2018-01-24 13:07:17.925000,33.05,33.05,33.1,20807551.0
2018-01-24 13:07:20.413000,33.05,33.05,33.1,20807551.0
2018-01-24 13:07:23.101000,33.05,33.05,33.1,20807551.0
2018-01-24 13:07:25.825000,33.05,33.05,33.1,20807551.0
2018-01-24 13:07:28.365000,33.05,33.05,33.1,20807551.0
2018-01-24 13:07:31.003000,33.05,33.05,33.1,20807551.0
2018-01-24 13:07:33.525000,33.05,33.05,33.1,20807551.0
2018-01-24 13:07:36.144000,33.1,33.05,33.1,20811051.0
2018-01-24 13:07:38.482000,33.1,33.05,33.1,20811051.0
2018-01-24 13:07:41.066000,33.1,33.05,33.1,20811051.0
2018-01-24 13:07:43.584000,33.1,33.05,33.1,20811051.0
2018-01-24 13:07:46.012000,33.1,33.05,33.1,20811051.0
2018-01-24 13:07:48.374000,33.1,33.05,33.1,20811051.0
2018-01-24 13:07:51.015000,33.1,33.05,33.1,20811051.0
2018-01-24 13:07:53.500000,33.1,33.05,33.1,20811051.0
2018-01-24 13:07:56.212000,33.1,33.05,33.1,20811051.0
2018-01-24 13:07:58.743000,33.1,33.05,33.1,20811051.0
2018-01-24 13:08:01.208000,33.1,33.05,33.1,20811051.0
2018-01-24 13:08:04.024000,33.1,33.05,33.1,20811051.0
2018-01-24 13:08:06.551000,33.1,33.05,33.1,20811051.0
2018-01-24 13:08:09.258000,33.1,33.05,33.1,20811051.0
2018-01-24 13:08:12.258000,33.1,33.05,33.1,20811051.0
2018-01-24 13:08:15.028000,33.1,33.05,33.1,20811051.0
2018-01-24 13:08:17.274000,33.1,33.05,33.1,20811051.0
2018-01-24 13:08:19.809000,33.1,33.05,33.1,20811051.0
2018-01-24 13:08:22.353000,33.1,33.05,33.1,20811051.0
2018-01-24 13:08:24.856000,33.1,33.1,33.15,21118551.0
2018-01-24 13:08:27.327000,33.1,33.1,33.15,21118551.0
2018-01-24 13:08:29.971000,33.1,33.1,33.15,21118551.0
2018-01-24 13:08:32.540000,33.1,33.1,33.15,21118551.0
2018-01-24 13:08:35.273000,33.1,33.1,33.15,21118551.0
2018-01-24 13:08:37.733000,33.1,33.1,33.15,21118551.0
2018-01-24 13:08:40.134000,33.1,33.1,33.15,21118551.0
2018-01-24 13:08:42.673000,33.1,33.1,33.15,21118551.0
2018-01-24 13:08:45.098000,33.1,33.1,33.15,21118551.0
2018-01-24 13:08:47.696000,33.1,33.1,33.15,21118551.0
2018-01-24 13:08:50.360000,33.1,33.1,33.15,21118551.0
2018-01-24 13:08:52.848000,33.1,33.1,33.15,21118551.0
2018-01-24 13:08:55.555000,33.1,33.1,33.15,21118551.0
2018-01-24 13:08:57.858000,33.1,33.1,33.15,21118551.0
2018-01-24 13:09:00.331000,33.1,33.1,33.15,21118551.0
2018-01-24 13:09:02.754000,33.1,33.1,33.15,21118551.0
2018-01-24 13:09:05.217000,33.1,33.1,33.15,21118551.0
2018-01-24 13:09:07.793000,33.1,33.1,33.15,21118551.0
2018-01-24 13:09:10.374000,33.1,33.1,33.15,21118551.0
2018-01-24 13:09:12.805000,33.1,33.1,33.15,21118551.0
2018-01-24 13:09:15.388000,33.1,33.1,33.15,21118551.0
2018-01-24 13:09:17.805000,33.1,33.1,33.15,21118551.0
2018-01-24 13:09:20.386000,33.1,33.1,33.15,21118551.0
2018-01-24 13:09:22.818000,33.1,33.1,33.15,21118551.0
2018-01-24 13:09:25.603000,33.1,33.1,33.15,21118551.0
2018-01-24 13:09:28.055000,33.1,33.1,33.15,21118551.0
2018-01-24 13:09:30.711000,33.1,33.1,33.15,21118551.0
2018-01-24 13:09:33.290000,33.1,33.1,33.15,21118551.0
2018-01-24 13:09:36.017000,33.1,33.1,33.15,21118551.0
2018-01-24 13:09:38.463000,33.1,33.1,33.15,21118551.0
2018-01-24 13:09:41.257000,33.1,33.1,33.15,21118551.0
2018-01-24 13:09:44.080000,33.1,33.1,33.15,21118551.0
2018-01-24 13:09:46.568000,33.1,33.1,33.15,21118551.0
2018-01-24 13:09:48.818000,33.1,33.1,33.15,21118551.0
2018-01-24 13:09:51.475000,33.1,33.1,33.15,21118551.0
2018-01-24 13:09:53.897000,33.1,33.1,33.15,21118551.0
2018-01-24 13:09:56.381000,33.1,33.1,33.15,21118551.0
2018-01-24 13:09:59.213000,33.1,33.1,33.15,21118551.0
2018-01-24 13:10:01.695000,33.1,33.1,33.15,21118551.0
2018-01-24 13:10:04.276000,33.1,33.1,33.15,21118551.0
2018-01-24 13:10:06.836000,33.1,33.1,33.15,21118551.0
2018-01-24 13:10:09.324000,33.1,33.1,33.15,21118551.0
2018-01-24 13:10:11.634000,33.1,33.1,33.15,21118551.0
2018-01-24 13:10:14.184000,33.1,33.1,33.15,21118551.0
2018-01-24 13:10:16.631000,33.1,33.1,33.15,21118551.0
2018-01-24 13:10:19.431000,33.1,33.1,33.15,21118551.0
2018-01-24 13:10:21.806000,33.1,33.1,33.15,21118551.0
2018-01-24 13:10:24.216000,33.1,33.1,33.15,21118551.0
2018-01-24 13:10:26.913000,33.1,33.05,33.1,21126096.0
2018-01-24 13:10:29.369000,33.1,33.05,33.1,21126096.0
2018-01-24 13:10:31.884000,33.1,33.05,33.1,21126096.0
2018-01-24 13:10:34.268000,33.1,33.05,33.1,21126096.0
2018-01-24 13:10:36.837000,33.1,33.05,33.1,21126096.0
2018-01-24 13:10:39.365000,33.1,33.05,33.1,21126096.0
2018-01-24 13:10:42.009000,33.1,33.05,33.1,21126096.0
2018-01-24 13:10:44.575000,33.1,33.05,33.1,21126096.0
2018-01-24 13:10:47.273000,33.1,33.05,33.1,21126096.0
2018-01-24 13:10:50.354000,33.1,33.05,33.1,21126096.0
2018-01-24 13:10:53.025000,33.1,33.05,33.1,21126096.0
2018-01-24 13:10:55.450000,33.1,33.05,33.1,21126096.0
2018-01-24 13:10:57.915000,33.1,33.05,33.1,21126096.0
2018-01-24 13:11:00.392000,33.1,33.05,33.1,21126096.0
2018-01-24 13:11:02.899000,33.1,33.05,33.1,21126096.0
2018-01-24 13:11:05.381000,33.1,33.05,33.1,21126096.0
2018-01-24 13:11:07.962000,33.1,33.05,33.1,21126096.0
2018-01-24 13:11:10.319000,33.1,33.05,33.1,21126096.0
2018-01-24 13:11:12.726000,33.1,33.05,33.1,21126096.0
2018-01-24 13:11:15.217000,33.1,33.05,33.1,21126096.0
2018-01-24 13:11:17.523000,33.1,33.05,33.1,21126096.0
2018-01-24 13:11:19.979000,33.1,33.05,33.1,21126096.0
2018-01-24 13:11:22.504000,33.1,33.05,33.1,21126096.0
2018-01-24 13:11:25.147000,33.1,33.05,33.1,21126096.0
2018-01-24 13:11:27.700000,33.1,33.05,33.1,21126096.0
2018-01-24 13:11:30.286000,33.1,33.05,33.1,21126096.0
2018-01-24 13:11:32.860000,33.1,33.05,33.1,21126096.0
2018-01-24 13:11:35.486000,33.1,33.05,33.1,21126096.0
2018-01-24 13:11:37.867000,33.1,33.05,33.1,21126096.0
2018-01-24 13:11:40.159000,33.1,33.05,33.1,21126096.0
2018-01-24 13:11:42.601000,33.1,33.05,33.1,21126096.0
2018-01-24 13:11:45.073000,33.1,33.05,33.1,21126096.0
2018-01-24 13:11:47.559000,33.1,33.05,33.1,21126096.0
2018-01-24 13:11:50.190000,33.1,33.05,33.1,21126096.0
2018-01-24 13:11:52.728000,33.1,33.05,33.1,21126096.0
2018-01-24 13:11:55.591000,33.1,33.05,33.1,21126096.0
2018-01-24 13:11:58.026000,33.1,33.05,33.1,21126096.0
2018-01-24 13:12:00.545000,33.1,33.05,33.1,21126096.0
2018-01-24 13:12:03.112000,33.1,33.05,33.1,21126096.0
2018-01-24 13:12:05.693000,33.1,33.05,33.1,21126096.0
2018-01-24 13:12:08.065000,33.1,33.05,33.1,21126096.0
2018-01-24 13:12:10.475000,33.1,33.05,33.1,21126096.0
2018-01-24 13:12:12.967000,33.1,33.05,33.1,21126096.0
2018-01-24 13:12:15.280000,33.1,33.05,33.1,21126096.0
2018-01-24 13:12:17.840000,33.1,33.05,33.1,21126096.0
2018-01-24 13:12:20.301000,33.1,33.05,33.1,21126096.0
2018-01-24 13:12:22.869000,33.1,33.05,33.1,21126096.0
2018-01-24 13:12:25.395000,33.1,33.05,33.1,21126096.0
2018-01-24 13:12:27.715000,33.1,33.05,33.1,21126096.0
2018-01-24 13:12:30.044000,33.1,33.05,33.1,21126096.0
2018-01-24 13:12:32.590000,33.1,33.05,33.1,21126096.0
2018-01-24 13:12:35.106000,33.1,33.05,33.1,21126096.0
2018-01-24 13:12:37.918000,33.1,33.05,33.1,21126096.0
2018-01-24 13:12:40.376000,33.1,33.05,33.1,21126096.0
2018-01-24 13:12:42.989000,33.1,33.05,33.1,21126096.0
2018-01-24 13:12:45.483000,33.1,33.05,33.1,21126096.0
2018-01-24 13:12:48.150000,33.1,33.05,33.1,21126096.0
2018-01-24 13:12:50.716000,33.1,33.05,33.1,21126096.0
2018-01-24 13:12:53.512000,33.1,33.05,33.1,21126096.0
2018-01-24 13:12:56.316000,33.1,33.05,33.1,21126096.0
2018-01-24 13:12:59.286000,33.1,33.05,33.1,21126096.0
2018-01-24 13:13:01.947000,33.1,33.05,33.1,21126096.0
2018-01-24 13:13:04.393000,33.1,33.05,33.1,21126096.0
2018-01-24 13:13:06.870000,33.1,33.05,33.1,21126096.0
2018-01-24 13:13:09.576000,33.1,33.05,33.1,21126096.0
2018-01-24 13:13:12.073000,33.05,33.05,33.1,21136596.0
2018-01-24 13:13:14.453000,33.05,33.05,33.1,21136596.0
2018-01-24 13:13:17.012000,33.05,33.05,33.1,21136596.0
2018-01-24 13:13:19.593000,33.05,33.05,33.1,21136596.0
2018-01-24 13:13:22.693000,33.05,33.05,33.1,21136596.0
2018-01-24 13:13:25.100000,33.05,33.05,33.1,21136596.0
2018-01-24 13:13:27.673000,33.05,33.05,33.1,21136596.0
2018-01-24 13:13:30.095000,33.05,33.05,33.1,21136596.0
2018-01-24 13:13:32.495000,33.05,33.05,33.1,21136596.0
2018-01-24 13:13:35.043000,33.05,33.05,33.1,21136596.0
2018-01-24 13:13:37.505000,33.05,33.05,33.1,21136596.0
2018-01-24 13:13:39.977000,33.05,33.05,33.1,21136596.0
2018-01-24 13:13:42.553000,33.05,33.05,33.1,21136596.0
2018-01-24 13:13:45.037000,33.05,33.05,33.1,21136596.0
2018-01-24 13:13:47.527000,33.05,33.05,33.1,21136596.0
2018-01-24 13:13:50.062000,33.05,33.05,33.1,21136596.0
2018-01-24 13:13:52.598000,33.05,33.05,33.1,21136596.0
2018-01-24 13:13:55.199000,33.05,33.05,33.1,21136596.0
2018-01-24 13:13:57.516000,,,,
2018-01-24 13:14:00.016000,33.05,33.05,33.1,21136596.0
2018-01-24 13:14:02.527000,33.05,33.05,33.1,21136596.0
2018-01-24 13:14:04.984000,33.05,33.05,33.1,21136596.0
2018-01-24 13:14:07.434000,33.05,33.05,33.1,21136596.0
2018-01-24 13:14:10.016000,33.05,33.05,33.1,21136596.0
2018-01-24 13:14:12.375000,33.05,33.05,33.1,21136596.0
2018-01-24 13:14:14.720000,33.05,33.05,33.1,21136596.0
2018-01-24 13:14:17.250000,33.05,33.05,33.1,21136596.0
2018-01-24 13:14:19.687000,33.05,33.05,33.1,21136596.0
2018-01-24 13:14:22.376000,33.05,33.05,33.1,21136596.0
2018-01-24 13:14:24.970000,33.05,33.05,33.1,21142292.0
2018-01-24 13:14:27.459000,33.05,33.05,33.1,21142292.0
2018-01-24 13:14:30.132000,33.05,33.05,33.1,21142292.0
2018-01-24 13:14:32.574000,33.05,33.05,33.1,21142292.0
2018-01-24 13:14:35.208000,33.05,33.05,33.1,21142292.0
2018-01-24 13:14:37.795000,33.05,33.05,33.1,21142292.0
2018-01-24 13:14:40.548000,33.05,33.05,33.1,21142292.0
2018-01-24 13:14:42.955000,33.05,33.05,33.1,21142292.0
2018-01-24 13:14:45.398000,33.05,33.05,33.1,21142292.0
2018-01-24 13:14:47.943000,33.05,33.05,33.1,21142292.0
2018-01-24 13:14:50.360000,33.05,33.05,33.1,21142292.0
2018-01-24 13:14:52.813000,33.05,33.05,33.1,21142292.0
2018-01-24 13:14:55.816000,33.05,33.05,33.1,21142292.0
2018-01-24 13:14:58.329000,33.05,33.05,33.1,21142292.0
2018-01-24 13:15:00.732000,33.05,33.05,33.1,21142292.0
2018-01-24 13:15:03.374000,33.05,33.05,33.1,21142292.0
2018-01-24 13:15:05.922000,33.05,33.05,33.1,21142292.0
2018-01-24 13:16:16.249000,,,,
2018-01-24 13:16:29.928000,,,,
2018-01-24 13:16:44.739000,33.05,33.05,33.1,21142292.0
2018-01-24 13:16:47.924000,33.05,33.05,33.1,21142292.0
2018-01-24 13:16:50.444000,33.05,33.05,33.1,21142292.0
2018-01-24 13:16:53.336000,33.05,33.05,33.1,21157292.0
2018-01-24 13:16:55.783000,33.05,33.05,33.1,21157292.0
2018-01-24 13:16:58.615000,33.05,33.05,33.1,21157292.0
2018-01-24 13:17:01.090000,33.05,33.05,33.1,21157292.0
2018-01-24 13:17:03.822000,33.05,33.05,33.1,21157292.0
2018-01-24 13:17:06.404000,33.05,33.05,33.1,21157292.0
2018-01-24 13:17:08.902000,33.05,33.05,33.1,21157292.0
2018-01-24 13:17:11.760000,33.05,33.05,33.1,21157292.0
2018-01-24 13:17:13.943000,33.05,33.05,33.1,21157292.0
2018-01-24 13:17:16.797000,33.05,33.05,33.1,21157292.0
2018-01-24 13:17:19.394000,33.05,33.05,33.1,21157292.0
2018-01-24 13:17:21.882000,33.05,33.05,33.1,21157292.0
2018-01-24 13:17:24.354000,33.05,33.05,33.1,21157292.0
2018-01-24 13:17:26.875000,33.05,33.05,33.1,21157292.0
2018-01-24 13:17:29.365000,33.05,33.05,33.1,21157292.0
2018-01-24 13:17:31.989000,33.05,33.05,33.1,21157292.0
2018-01-24 13:17:34.561000,33.05,33.05,33.1,21157292.0
2018-01-24 13:17:37.034000,33.05,33.05,33.1,21157292.0
2018-01-24 13:17:40.113000,33.05,33.05,33.1,21157292.0
2018-01-24 13:17:42.599000,33.05,33.05,33.1,21157292.0
2018-01-24 13:17:45.074000,33.05,33.05,33.1,21192292.0
2018-01-24 13:17:47.629000,33.05,33.05,33.1,21192292.0
2018-01-24 13:17:50.273000,33.05,33.05,33.1,21192292.0
2018-01-24 13:17:52.620000,33.05,33.05,33.1,21192292.0
2018-01-24 13:17:55.201000,33.05,33.05,33.1,21192292.0
2018-01-24 13:17:57.798000,33.05,33.05,33.1,21192292.0
2018-01-24 13:18:00.370000,33.05,33.05,33.1,21192292.0
2018-01-24 13:18:02.815000,33.05,33.05,33.1,21192292.0
2018-01-24 13:18:05.271000,33.05,33.05,33.1,21192292.0
2018-01-24 13:18:07.803000,33.05,33.05,33.1,21192292.0
2018-01-24 13:18:15.443000,,,,
2018-01-24 13:18:23.802000,33.05,33.05,33.1,21192292.0
2018-01-24 13:18:26.385000,33.05,33.05,33.1,21192292.0
2018-01-24 13:18:28.835000,33.05,33.05,33.1,21192292.0
2018-01-24 13:18:31.417000,33.05,33.05,33.1,21192292.0
2018-01-24 13:18:34.162000,33.05,33.05,33.1,21192292.0
2018-01-24 13:18:36.695000,33.05,33.05,33.1,21192292.0
2018-01-24 13:18:39.148000,33.05,33.05,33.1,21192292.0
2018-01-24 13:18:41.897000,33.05,33.05,33.1,21192292.0
2018-01-24 13:18:44.453000,33.05,33.05,33.1,21192292.0
2018-01-24 13:18:47.300000,33.05,33.05,33.1,21192292.0
2018-01-24 13:18:49.951000,33.05,33.05,33.1,21198292.0
2018-01-24 13:18:52.428000,33.05,33.05,33.1,21198292.0
2018-01-24 13:18:54.890000,33.05,33.05,33.1,21198292.0
2018-01-24 13:18:57.527000,33.05,33.05,33.1,21198292.0
2018-01-24 13:19:00.138000,33.05,33.05,33.1,21198292.0
2018-01-24 13:19:02.929000,33.05,33.05,33.1,21198292.0
2018-01-24 13:19:05.369000,33.05,33.05,33.1,21198292.0
2018-01-24 13:19:07.974000,33.05,33.05,33.1,21198292.0
2018-01-24 13:19:10.494000,33.05,33.05,33.1,21198292.0
2018-01-24 13:19:13.069000,33.05,33.05,33.1,21198292.0
2018-01-24 13:19:15.563000,33.05,33.05,33.1,21198292.0
2018-01-24 13:19:18.029000,33.05,33.05,33.1,21198292.0
2018-01-24 13:19:20.486000,33.05,33.05,33.1,21198292.0
2018-01-24 13:19:23.179000,33.05,33.05,33.1,21198292.0
2018-01-24 13:19:25.383000,33.05,33.05,33.1,21198292.0
2018-01-24 13:19:27.770000,33.05,33.05,33.1,21198292.0
2018-01-24 13:19:30.180000,33.05,33.05,33.1,21198292.0
2018-01-24 13:19:32.523000,33.05,33.05,33.1,21198292.0
2018-01-24 13:19:34.854000,33.05,33.05,33.1,21198292.0
2018-01-24 13:19:37.147000,33.05,33.05,33.1,21198292.0
2018-01-24 13:19:42.412000,33.05,33.05,33.1,21198292.0
2018-01-24 13:19:44.781000,33.05,33.05,33.1,21198292.0
2018-01-24 13:19:47.395000,33.05,33.05,33.1,21198292.0
2018-01-24 13:19:49.680000,33.05,33.05,33.1,21198292.0
2018-01-24 13:19:52.107000,33.05,33.05,33.1,21198292.0
2018-01-24 13:19:54.290000,33.05,33.05,33.1,21198292.0
2018-01-24 13:19:56.668000,33.05,33.05,33.1,21206292.0
2018-01-24 13:19:58.962000,33.05,33.05,33.1,21206292.0
2018-01-24 13:20:01.621000,33.05,33.05,33.1,21206292.0
2018-01-24 13:20:03.897000,33.05,33.05,33.1,21206292.0
2018-01-24 13:20:06.384000,33.05,33.05,33.1,21206292.0
2018-01-24 13:20:08.540000,33.05,33.05,33.1,21206292.0
2018-01-24 13:20:10.919000,33.05,33.05,33.1,21206292.0
2018-01-24 13:20:13.201000,33.05,33.05,33.1,21206292.0
2018-01-24 13:20:15.402000,33.05,33.05,33.1,21206292.0
2018-01-24 13:20:17.836000,33.05,33.05,33.1,21206292.0
2018-01-24 13:20:20.189000,33.05,33.05,33.1,21206292.0
2018-01-24 13:20:22.227000,33.05,33.05,33.1,21206292.0
2018-01-24 13:20:24.535000,33.05,33.05,33.1,21206292.0
2018-01-24 13:20:26.821000,33.05,33.05,33.1,21206292.0
2018-01-24 13:20:29.242000,33.05,33.05,33.1,21206292.0
2018-01-24 13:20:31.558000,33.05,33.05,33.1,21206292.0
2018-01-24 13:20:33.821000,33.05,33.05,33.1,21206292.0
2018-01-24 13:20:36.207000,33.05,33.05,33.1,21206292.0
2018-01-24 13:20:38.445000,33.05,33.05,33.1,21206292.0
2018-01-24 13:20:40.854000,33.05,33.05,33.1,21206292.0
2018-01-24 13:20:43.305000,33.05,33.05,33.1,21206292.0
2018-01-24 13:20:45.511000,33.05,33.05,33.1,21206292.0
2018-01-24 13:20:47.820000,33.05,33.05,33.1,21206292.0
2018-01-24 13:20:49.996000,33.05,33.05,33.1,21206292.0
2018-01-24 13:20:52.224000,33.05,33.05,33.1,21206292.0
2018-01-24 13:20:54.462000,33.05,33.05,33.1,21206292.0
2018-01-24 13:20:56.757000,33.05,33.05,33.1,21206292.0
2018-01-24 13:20:59.022000,33.05,33.05,33.1,21206292.0
2018-01-24 13:21:01.275000,33.05,33.05,33.1,21206292.0
2018-01-24 13:21:04.069000,33.05,33.05,33.1,21206292.0
2018-01-24 13:21:06.530000,33.05,33.05,33.1,21206292.0
2018-01-24 13:21:09.068000,33.05,33.05,33.1,21206292.0
2018-01-24 13:21:11.968000,33.05,33.05,33.1,21206292.0
2018-01-24 13:21:14.480000,33.05,33.05,33.1,21206292.0
2018-01-24 13:21:16.953000,33.05,33.05,33.1,21206292.0
2018-01-24 13:21:19.528000,33.05,33.05,33.1,21206292.0
2018-01-24 13:21:22.195000,33.05,33.05,33.1,21206292.0
2018-01-24 13:21:24.745000,33.05,33.05,33.1,21206292.0
2018-01-24 13:21:28.867000,33.05,33.05,33.1,21206292.0
2018-01-24 13:21:31.462000,33.05,33.05,33.1,21206292.0
2018-01-24 13:21:33.977000,33.05,33.05,33.1,21206292.0
2018-01-24 13:21:36.575000,33.05,33.05,33.1,21206292.0
2018-01-24 13:21:39.074000,33.05,33.05,33.1,21210792.0
2018-01-24 13:21:41.756000,33.05,33.05,33.1,21210792.0
2018-01-24 13:21:44.387000,33.05,33.05,33.1,21210792.0
2018-01-24 13:21:46.953000,33.05,33.05,33.1,21210792.0
2018-01-24 13:21:49.449000,33.05,33.05,33.1,21210792.0
2018-01-24 13:21:51.809000,33.05,33.05,33.1,21210792.0
2018-01-24 13:21:54.388000,33.05,33.05,33.1,21210792.0
2018-01-24 13:21:56.756000,33.05,33.05,33.1,21210792.0
2018-01-24 13:21:59.010000,33.05,33.05,33.1,21210792.0
2018-01-24 13:22:01.891000,33.05,33.05,33.1,21210792.0
2018-01-24 13:22:04.434000,33.05,33.05,33.1,21210792.0
2018-01-24 13:22:06.844000,33.05,33.05,33.1,21210792.0
2018-01-24 13:22:09.325000,33.05,33.05,33.1,21210792.0
2018-01-24 13:22:11.991000,33.05,33.05,33.1,21210792.0
2018-01-24 13:22:14.547000,33.05,33.05,33.1,21210792.0
2018-01-24 13:22:17.065000,33.05,33.05,33.1,21210792.0
2018-01-24 13:22:19.690000,33.05,33.05,33.1,21210792.0
2018-01-24 13:22:22.136000,33.05,33.05,33.1,21210792.0
2018-01-24 13:22:24.636000,33.05,33.05,33.1,21210792.0
2018-01-24 13:22:27.097000,33.05,33.05,33.1,21210792.0
2018-01-24 13:22:29.561000,33.05,33.05,33.1,21210792.0
2018-01-24 13:22:32.030000,33.05,33.05,33.1,21210792.0
2018-01-24 13:22:34.281000,33.05,33.05,33.1,21210792.0
2018-01-24 13:22:37.097000,33.05,33.05,33.1,21210792.0
2018-01-24 13:22:39.562000,33.05,33.05,33.1,21210792.0
2018-01-24 13:22:42.097000,33.05,33.05,33.1,21210792.0
2018-01-24 13:22:44.641000,33.05,33.05,33.1,21210792.0
2018-01-24 13:22:47.150000,33.05,33.05,33.1,21210792.0
2018-01-24 13:22:49.755000,33.05,33.05,33.1,21210792.0
2018-01-24 13:22:52.100000,33.05,33.05,33.1,21210792.0
2018-01-24 13:22:54.542000,33.05,33.05,33.1,21210792.0
2018-01-24 13:22:57.221000,33.05,33.05,33.1,21210792.0
2018-01-24 13:22:59.624000,33.05,33.05,33.1,21210792.0
2018-01-24 13:23:02.714000,33.05,33.05,33.1,21210792.0
2018-01-24 13:23:05.224000,33.05,33.05,33.1,21210792.0
2018-01-24 13:23:07.760000,33.05,33.05,33.1,21210792.0
2018-01-24 13:23:10.169000,33.05,33.05,33.1,21218792.0
2018-01-24 13:23:12.902000,33.05,33.05,33.1,21218792.0
2018-01-24 13:23:15.462000,33.05,33.05,33.1,21218792.0
2018-01-24 13:23:18.041000,33.05,33.05,33.1,21218792.0
2018-01-24 13:23:20.591000,33.05,33.05,33.1,21218792.0
2018-01-24 13:23:23.263000,33.05,33.05,33.1,21218792.0
2018-01-24 13:23:25.720000,33.05,33.05,33.1,21218792.0
2018-01-24 13:23:28.075000,33.05,33.05,33.1,21218792.0
2018-01-24 13:23:30.527000,33.05,33.05,33.1,21218792.0
2018-01-24 13:23:33.119000,33.05,33.05,33.1,21218792.0
2018-01-24 13:23:35.577000,33.05,33.05,33.1,21218792.0
2018-01-24 13:23:38.025000,33.05,33.05,33.1,21218792.0
2018-01-24 13:23:40.375000,33.05,33.05,33.1,21218792.0
2018-01-24 13:23:42.778000,33.05,33.05,33.1,21218792.0
2018-01-24 13:23:45.309000,33.05,33.05,33.1,21218792.0
2018-01-24 13:23:47.776000,33.05,33.05,33.1,21218792.0
2018-01-24 13:23:50.417000,33.05,33.05,33.1,21218792.0
2018-01-24 13:23:52.935000,33.05,33.05,33.1,21218792.0
2018-01-24 13:23:55.339000,33.05,33.05,33.1,21218792.0
2018-01-24 13:23:57.762000,33.05,33.05,33.1,21218792.0
2018-01-24 13:24:00.547000,33.05,33.05,33.1,21218792.0
2018-01-24 13:24:03.172000,33.05,33.05,33.1,21218792.0
2018-01-24 13:24:05.737000,33.05,33.05,33.1,21218792.0
2018-01-24 13:24:08.153000,33.05,33.05,33.1,21218792.0
2018-01-24 13:24:10.641000,33.05,33.05,33.1,21218792.0
2018-01-24 13:24:12.966000,33.05,33.05,33.1,21218792.0
2018-01-24 13:24:15.563000,33.05,33.05,33.1,21218792.0
2018-01-24 13:24:17.983000,33.05,33.05,33.1,21218792.0
2018-01-24 13:24:20.627000,33.05,33.05,33.1,21218792.0
2018-01-24 13:24:23.327000,33.05,33.05,33.1,21218792.0
2018-01-24 13:24:25.846000,33.05,33.05,33.1,21226792.0
2018-01-24 13:24:28.264000,33.05,33.05,33.1,21226792.0
2018-01-24 13:24:30.770000,33.05,33.05,33.1,21226792.0
2018-01-24 13:24:33.293000,33.05,33.05,33.1,21226792.0
2018-01-24 13:24:35.859000,33.05,33.05,33.1,21226792.0
2018-01-24 13:24:38.309000,33.05,33.05,33.1,21226792.0
2018-01-24 13:24:41.016000,33.05,33.05,33.1,21226792.0
2018-01-24 13:24:43.812000,33.05,33.05,33.1,21226792.0
2018-01-24 13:24:46.466000,33.05,33.05,33.1,21226792.0
2018-01-24 13:24:49.107000,33.05,33.05,33.1,21226792.0
2018-01-24 13:24:51.474000,33.05,33.05,33.1,21226792.0
2018-01-24 13:24:54.093000,33.05,33.05,33.1,21226792.0
2018-01-24 13:24:56.548000,33.05,33.05,33.1,21226792.0
2018-01-24 13:24:59.060000,33.05,33.05,33.1,21226792.0
2018-01-24 13:25:01.738000,33.05,33.05,33.1,21226792.0
2018-01-24 13:25:04.517000,33.05,33.05,33.1,21226792.0
2018-01-24 13:25:07.255000,33.05,33.05,33.1,21226792.0
2018-01-24 13:25:09.939000,33.1,33.1,33.15,21302292.0
2018-01-24 13:25:12.348000,33.1,33.1,33.15,21302292.0
2018-01-24 13:25:15.364000,33.1,33.1,33.15,21302292.0
2018-01-24 13:25:17.858000,33.1,33.1,33.15,21302292.0
2018-01-24 13:25:20.315000,33.1,33.1,33.15,21302292.0
2018-01-24 13:25:22.685000,33.1,33.1,33.15,21302292.0
2018-01-24 13:25:25.291000,33.1,33.1,33.15,21302292.0
2018-01-24 13:25:27.906000,,,,
2018-01-24 13:25:30.412000,33.1,33.1,33.15,21302292.0
2018-01-24 13:25:33,33.1,33.1,33.15,21302292.0
2018-01-24 13:25:35.503000,33.1,33.1,33.15,21302292.0
2018-01-24 13:25:37.797000,33.1,33.1,33.15,21302292.0
2018-01-24 13:25:40.323000,33.1,33.1,33.15,21302292.0
2018-01-24 13:25:42.716000,33.1,33.1,33.15,21302292.0
2018-01-24 13:25:45.366000,33.1,33.1,33.15,21302292.0
2018-01-24 13:25:47.920000,33.1,33.1,33.15,21302292.0
2018-01-24 13:25:50.469000,33.1,33.1,33.15,21302292.0
2018-01-24 13:25:53.139000,33.1,33.05,33.1,21456209.0
2018-01-24 13:25:55.986000,33.1,33.05,33.1,21456209.0
2018-01-24 13:25:58.219000,33.1,33.05,33.1,21456209.0
2018-01-24 13:26:00.963000,33.1,33.05,33.1,21456209.0
2018-01-24 13:26:03.486000,33.1,33.05,33.1,21456209.0
2018-01-24 13:26:06.099000,33.1,33.05,33.1,21456209.0
2018-01-24 13:26:08.524000,33.1,33.05,33.1,21456209.0
2018-01-24 13:26:10.978000,33.1,33.05,33.1,21456209.0
2018-01-24 13:26:13.436000,33.1,33.05,33.1,21456209.0
2018-01-24 13:26:15.939000,33.1,33.05,33.1,21456209.0
2018-01-24 13:26:18.564000,33.1,33.05,33.1,21456209.0
2018-01-24 13:26:21.099000,33.1,33.05,33.1,21456209.0
2018-01-24 13:26:23.526000,33.1,33.05,33.1,21456209.0
2018-01-24 13:26:26.304000,33.1,33.05,33.1,21456209.0
2018-01-24 13:26:28.564000,33.1,33.05,33.1,21456209.0
2018-01-24 13:26:31.036000,33.1,33.05,33.1,21456209.0
2018-01-24 13:26:33.639000,33.1,33.05,33.1,21456209.0
2018-01-24 13:26:35.867000,33.1,33.05,33.1,21456209.0
2018-01-24 13:26:38.516000,33.1,33.05,33.1,21456209.0
2018-01-24 13:26:41.238000,33.1,33.05,33.1,21456209.0
2018-01-24 13:26:43.657000,33.1,33.05,33.1,21456209.0
2018-01-24 13:26:46.347000,33.1,33.1,33.15,21608209.0
2018-01-24 13:26:48.859000,33.1,33.1,33.15,21608209.0
2018-01-24 13:26:51.470000,33.1,33.1,33.15,21608209.0
2018-01-24 13:26:53.988000,33.1,33.1,33.15,21608209.0
2018-01-24 13:26:56.413000,33.1,33.1,33.15,21608209.0
2018-01-24 13:26:58.902000,33.1,33.1,33.15,21608209.0
2018-01-24 13:27:01.544000,33.1,33.1,33.15,21608209.0
2018-01-24 13:27:04,33.1,33.1,33.15,21608209.0
2018-01-24 13:27:06.498000,33.1,33.1,33.15,21608209.0
2018-01-24 13:27:08.991000,33.1,33.1,33.15,21608209.0
2018-01-24 13:27:11.534000,33.1,33.1,33.15,21608209.0
2018-01-24 13:27:13.840000,33.1,33.1,33.15,21608209.0
2018-01-24 13:27:16.268000,33.1,33.1,33.15,21608209.0
2018-01-24 13:27:18.516000,33.1,33.1,33.15,21608209.0
2018-01-24 13:27:21.024000,33.1,33.1,33.15,21608209.0
2018-01-24 13:27:23.668000,33.1,33.1,33.15,21608209.0
2018-01-24 13:27:26.220000,33.1,33.1,33.15,21608209.0
2018-01-24 13:27:28.807000,33.1,33.1,33.15,21608209.0
2018-01-24 13:27:31.396000,33.1,33.1,33.15,21608209.0
2018-01-24 13:27:33.787000,33.1,33.1,33.15,21608209.0
2018-01-24 13:27:36.341000,33.1,33.1,33.15,21608209.0
2018-01-24 13:27:38.912000,33.1,33.1,33.15,21608209.0
2018-01-24 13:27:41.462000,33.1,33.1,33.15,21608209.0
2018-01-24 13:27:44.115000,33.1,33.1,33.15,21608209.0
2018-01-24 13:27:47.013000,33.1,33.1,33.15,21608209.0
2018-01-24 13:27:49.534000,33.1,33.1,33.15,21608209.0
2018-01-24 13:27:52.147000,33.1,33.1,33.15,21608209.0
2018-01-24 13:27:54.554000,33.1,33.1,33.15,21608209.0
2018-01-24 13:27:57.003000,33.1,33.1,33.15,21608209.0
2018-01-24 13:27:59.364000,33.1,33.1,33.15,21608209.0
2018-01-24 13:28:01.927000,33.1,33.1,33.15,21608209.0
2018-01-24 13:28:04.720000,33.1,33.1,33.15,21608209.0
2018-01-24 13:28:07.473000,33.1,33.1,33.15,21608209.0
2018-01-24 13:28:10.021000,33.1,33.1,33.15,21608209.0
2018-01-24 13:28:12.453000,33.1,33.1,33.15,21608209.0
2018-01-24 13:28:15.017000,33.1,33.1,33.15,21608209.0
2018-01-24 13:28:17.525000,33.1,33.1,33.15,21608209.0
2018-01-24 13:28:20.017000,33.1,33.1,33.15,21608209.0
2018-01-24 13:28:22.489000,33.1,33.1,33.15,21608209.0
2018-01-24 13:28:25.084000,33.1,33.1,33.15,21608209.0
2018-01-24 13:28:27.560000,33.1,33.1,33.15,21608209.0
2018-01-24 13:28:30.448000,33.1,33.1,33.15,21608209.0
2018-01-24 13:28:33.177000,33.1,33.1,33.15,21658209.0
2018-01-24 13:28:35.805000,33.1,33.1,33.15,21658209.0
2018-01-24 13:28:38.348000,33.1,33.1,33.15,21658209.0
2018-01-24 13:28:40.837000,33.1,33.1,33.15,21658209.0
2018-01-24 13:28:43.302000,33.1,33.1,33.15,21658209.0
2018-01-24 13:28:45.958000,33.1,33.1,33.15,21658209.0
2018-01-24 13:28:48.512000,33.1,33.1,33.15,21658209.0
2018-01-24 13:28:50.810000,33.1,33.1,33.15,21658209.0
2018-01-24 13:28:53.481000,33.1,33.1,33.15,21658209.0
2018-01-24 13:28:56.350000,33.1,33.1,33.15,21658209.0
2018-01-24 13:28:59.005000,33.1,33.1,33.15,21658209.0
2018-01-24 13:29:01.357000,33.1,33.1,33.15,21658209.0
2018-01-24 13:29:03.723000,33.1,33.1,33.15,21658209.0
2018-01-24 13:29:06.273000,33.1,33.1,33.15,21658209.0
2018-01-24 13:29:08.832000,33.1,33.1,33.15,21658209.0
2018-01-24 13:29:11.373000,33.1,33.1,33.15,21658209.0
2018-01-24 13:29:13.831000,33.1,33.1,33.15,21658209.0
2018-01-24 13:29:16.398000,33.1,33.1,33.15,21658209.0
2018-01-24 13:29:18.831000,33.1,33.1,33.15,21658209.0
2018-01-24 13:29:21.443000,33.1,33.1,33.15,21658209.0
2018-01-24 13:29:23.869000,33.1,33.1,33.15,21669209.0
2018-01-24 13:29:26.649000,33.1,33.1,33.15,21669209.0
2018-01-24 13:29:29.124000,33.1,33.1,33.15,21669209.0
2018-01-24 13:29:31.591000,33.1,33.1,33.15,21669209.0
2018-01-24 13:29:34.249000,33.1,33.1,33.15,21669209.0
2018-01-24 13:29:37.103000,33.1,33.1,33.15,21669209.0
2018-01-24 13:29:39.669000,33.1,33.1,33.15,21669209.0
2018-01-24 13:29:42.255000,33.1,33.1,33.15,21669209.0
2018-01-24 13:29:44.890000,33.1,33.1,33.15,21669209.0
2018-01-24 13:29:47.456000,33.1,33.1,33.15,21669209.0
2018-01-24 13:29:49.937000,33.1,33.1,33.15,21669209.0
2018-01-24 13:29:52.487000,33.1,33.1,33.15,21669209.0
2018-01-24 13:29:54.828000,33.1,33.1,33.15,21669209.0
2018-01-24 13:29:57.355000,33.1,33.1,33.15,21669209.0
2018-01-24 13:29:59.869000,33.1,33.1,33.15,21669209.0
2018-01-24 13:30:02.781000,33.1,33.1,33.15,21669209.0
2018-01-24 13:30:05.448000,33.1,33.1,33.15,21669209.0
2018-01-24 13:30:07.928000,33.1,33.1,33.15,21669209.0
2018-01-24 13:30:10.666000,33.1,33.1,33.15,21669209.0
2018-01-24 13:30:13.193000,33.1,33.1,33.15,21669209.0
2018-01-24 13:30:15.728000,33.1,33.1,33.15,21669209.0
2018-01-24 13:30:18.176000,33.1,33.1,33.15,21669209.0
2018-01-24 13:30:20.773000,33.1,33.1,33.15,21669209.0
2018-01-24 13:30:23.195000,33.1,33.1,33.15,21669209.0
2018-01-24 13:30:25.649000,33.1,33.1,33.15,21669209.0
2018-01-24 13:30:28.189000,33.1,33.1,33.15,21669209.0
2018-01-24 13:30:30.696000,33.1,33.1,33.15,21669209.0
2018-01-24 13:30:33.366000,33.1,33.1,33.15,21669209.0
2018-01-24 13:30:35.978000,33.1,33.1,33.15,21669209.0
2018-01-24 13:30:38.447000,33.1,33.1,33.15,21669209.0
2018-01-24 13:30:41.270000,33.1,33.1,33.15,21669209.0
2018-01-24 13:30:43.729000,33.1,33.1,33.15,21676209.0
2018-01-24 13:30:46.279000,33.1,33.1,33.15,21676209.0
2018-01-24 13:30:48.791000,33.1,33.1,33.15,21676209.0
2018-01-24 13:30:51.587000,33.1,33.1,33.15,21676209.0
2018-01-24 13:30:54.088000,33.1,33.1,33.15,21676209.0
2018-01-24 13:30:56.730000,33.1,33.1,33.15,21676209.0
2018-01-24 13:30:59.346000,33.1,33.1,33.15,21676209.0
2018-01-24 13:31:01.803000,33.1,33.1,33.15,21676209.0
2018-01-24 13:31:04.496000,33.1,33.1,33.15,21676209.0
2018-01-24 13:31:07.319000,33.1,33.1,33.15,21676209.0
2018-01-24 13:31:09.658000,33.1,33.1,33.15,21676209.0
2018-01-24 13:31:12.269000,33.1,33.1,33.15,21676209.0
2018-01-24 13:31:14.759000,33.1,33.1,33.15,21676209.0
2018-01-24 13:31:17.110000,33.1,33.1,33.15,21676209.0
2018-01-24 13:31:19.683000,33.1,33.1,33.15,21676209.0
2018-01-24 13:31:22.121000,33.1,33.1,33.15,21676209.0
2018-01-24 13:31:24.656000,33.1,33.1,33.15,21676209.0
2018-01-24 13:31:27.172000,33.1,33.1,33.15,21676209.0
2018-01-24 13:31:29.663000,33.1,33.1,33.15,21676209.0
2018-01-24 13:31:32.167000,33.1,33.1,33.15,21676209.0
2018-01-24 13:31:34.710000,33.1,33.1,33.15,21676209.0
2018-01-24 13:31:37.260000,33.1,33.1,33.15,21676209.0
2018-01-24 13:31:39.616000,33.1,33.1,33.15,21676209.0
2018-01-24 13:31:42.215000,33.1,33.1,33.15,21676209.0
2018-01-24 13:31:44.856000,33.1,33.1,33.15,21676209.0
2018-01-24 13:31:47.462000,33.1,33.1,33.15,21676209.0
2018-01-24 13:31:50.181000,33.1,33.1,33.15,21676209.0
2018-01-24 13:31:52.716000,33.1,33.1,33.15,21676209.0
2018-01-24 13:31:55.073000,33.1,33.1,33.15,21676209.0
2018-01-24 13:31:57.783000,33.1,33.1,33.15,21676209.0
2018-01-24 13:32:00.199000,33.1,33.1,33.15,21676209.0
2018-01-24 13:32:02.740000,33.15,33.1,33.15,21768209.0
2018-01-24 13:32:05.168000,33.15,33.1,33.15,21768209.0
2018-01-24 13:32:07.890000,33.15,33.1,33.15,21768209.0
2018-01-24 13:32:10.291000,33.15,33.1,33.15,21768209.0
2018-01-24 13:32:12.841000,33.15,33.1,33.15,21768209.0
2018-01-24 13:32:15.449000,33.15,33.1,33.15,21768209.0
2018-01-24 13:32:18.005000,33.15,33.1,33.15,21768209.0
2018-01-24 13:32:20.628000,33.15,33.1,33.15,21768209.0
2018-01-24 13:32:23.135000,33.15,33.1,33.15,21768209.0
2018-01-24 13:32:25.808000,33.15,33.1,33.15,21768209.0
2018-01-24 13:32:28.417000,33.15,33.1,33.15,21768209.0
2018-01-24 13:32:31.028000,33.15,33.1,33.15,21768209.0
2018-01-24 13:32:33.727000,33.15,33.1,33.15,21768209.0
2018-01-24 13:32:36.449000,33.15,33.1,33.15,21768209.0
2018-01-24 13:32:39.151000,33.15,33.1,33.15,21768209.0
2018-01-24 13:32:41.669000,33.15,33.1,33.15,21768209.0
2018-01-24 13:32:44.103000,33.15,33.1,33.15,21768209.0
2018-01-24 13:32:46.602000,33.15,33.1,33.15,21768209.0
2018-01-24 13:32:49.264000,33.15,33.1,33.15,21768209.0
2018-01-24 13:32:51.890000,33.15,33.1,33.15,21768209.0
2018-01-24 13:32:54.541000,33.15,33.1,33.15,21768209.0
2018-01-24 13:32:57.029000,33.15,33.1,33.15,21768209.0
2018-01-24 13:32:59.448000,33.15,33.1,33.15,21774709.0
2018-01-24 13:33:01.967000,33.15,33.1,33.15,21774709.0
2018-01-24 13:33:04.499000,33.15,33.1,33.15,21774709.0
2018-01-24 13:33:07.143000,33.15,33.1,33.15,21774709.0
2018-01-24 13:33:09.746000,33.15,33.1,33.15,21774709.0
2018-01-24 13:33:12.187000,33.15,33.1,33.15,21774709.0
2018-01-24 13:33:14.795000,33.15,33.1,33.15,21774709.0
2018-01-24 13:33:17.248000,33.15,33.1,33.15,21774709.0
2018-01-24 13:33:19.900000,33.15,33.1,33.15,21774709.0
2018-01-24 13:33:22.471000,33.15,33.1,33.15,21774709.0
2018-01-24 13:33:24.963000,33.15,33.1,33.15,21774709.0
2018-01-24 13:33:27.997000,33.15,33.1,33.15,21774709.0
2018-01-24 13:33:30.556000,33.15,33.1,33.15,21774709.0
2018-01-24 13:33:33.013000,33.15,33.1,33.15,21774709.0
2018-01-24 13:33:35.516000,33.15,33.1,33.15,21774709.0
2018-01-24 13:33:37.907000,33.15,33.1,33.15,21774709.0
2018-01-24 13:33:40.402000,33.15,33.1,33.15,21774709.0
2018-01-24 13:33:42.952000,33.15,33.1,33.15,21774709.0
2018-01-24 13:33:45.607000,33.15,33.1,33.15,21774709.0
2018-01-24 13:33:48.086000,33.15,33.1,33.15,21774709.0
2018-01-24 13:33:50.513000,33.15,33.1,33.15,21774709.0
2018-01-24 13:33:52.954000,33.15,33.1,33.15,21774709.0
2018-01-24 13:33:55.407000,33.15,33.1,33.15,21774709.0
2018-01-24 13:33:58.048000,33.15,33.1,33.15,21774709.0
2018-01-24 13:34:00.708000,33.15,33.1,33.15,21774709.0
2018-01-24 13:34:03.302000,33.15,33.1,33.15,21774709.0
2018-01-24 13:34:05.902000,33.15,33.1,33.15,21774709.0
2018-01-24 13:34:08.420000,33.15,33.1,33.15,21774709.0
2018-01-24 13:34:10.860000,33.15,33.1,33.15,21774709.0
2018-01-24 13:34:13.574000,33.15,33.1,33.15,21774709.0
2018-01-24 13:34:16.079000,33.15,33.1,33.15,21774709.0
2018-01-24 13:34:18.560000,33.15,33.1,33.15,21774709.0
2018-01-24 13:34:21.139000,33.15,33.1,33.15,21774709.0
2018-01-24 13:34:23.496000,33.15,33.1,33.15,21774709.0
2018-01-24 13:34:26.484000,33.1,33.1,33.15,21789709.0
2018-01-24 13:34:28.981000,33.1,33.1,33.15,21789709.0
2018-01-24 13:34:31.578000,33.1,33.1,33.15,21789709.0
2018-01-24 13:34:34.169000,33.1,33.1,33.15,21789709.0
2018-01-24 13:34:36.626000,33.1,33.1,33.15,21789709.0
2018-01-24 13:34:39.327000,33.1,33.1,33.15,21789709.0
2018-01-24 13:34:41.921000,33.1,33.1,33.15,21789709.0
2018-01-24 13:34:44.532000,33.1,33.1,33.15,21789709.0
2018-01-24 13:34:47.051000,33.1,33.1,33.15,21789709.0
2018-01-24 13:34:49.564000,33.1,33.1,33.15,21789709.0
2018-01-24 13:34:51.970000,33.1,33.1,33.15,21789709.0
2018-01-24 13:34:54.313000,33.1,33.1,33.15,21789709.0
2018-01-24 13:34:56.876000,33.1,33.1,33.15,21789709.0
2018-01-24 13:34:59.606000,33.1,33.1,33.15,21789709.0
2018-01-24 13:35:02.125000,33.1,33.1,33.15,21789709.0
2018-01-24 13:35:04.626000,33.1,33.1,33.15,21789709.0
2018-01-24 13:35:07.212000,33.1,33.1,33.15,21789709.0
2018-01-24 13:35:09.875000,33.1,33.1,33.15,21789709.0
2018-01-24 13:35:12.441000,33.1,33.1,33.15,21789709.0
2018-01-24 13:35:14.982000,33.1,33.1,33.15,21789709.0
2018-01-24 13:35:17.439000,33.1,33.1,33.15,21789709.0
2018-01-24 13:35:20.108000,33.1,33.1,33.15,21789709.0
2018-01-24 13:35:22.855000,33.1,33.1,33.15,21789709.0
2018-01-24 13:35:25.196000,33.1,33.1,33.15,21789709.0
2018-01-24 13:35:27.674000,33.1,33.1,33.15,21789709.0
2018-01-24 13:35:30.079000,33.1,33.1,33.15,21789709.0
2018-01-24 13:35:32.596000,33.1,33.1,33.15,21789709.0
2018-01-24 13:35:35.428000,33.1,33.1,33.15,21789709.0
2018-01-24 13:35:37.923000,33.1,33.1,33.15,21789709.0
2018-01-24 13:35:40.800000,33.1,33.1,33.15,21789709.0
2018-01-24 13:35:43.399000,33.1,33.1,33.15,21797709.0
2018-01-24 13:35:46.190000,33.1,33.1,33.15,21797709.0
2018-01-24 13:35:48.546000,33.1,33.1,33.15,21797709.0
2018-01-24 13:35:50.985000,33.1,33.1,33.15,21797709.0
2018-01-24 13:35:53.590000,33.1,33.1,33.15,21797709.0
2018-01-24 13:35:56.252000,33.1,33.1,33.15,21797709.0
2018-01-24 13:35:58.889000,33.1,33.1,33.15,21797709.0
2018-01-24 13:36:01.236000,33.1,33.1,33.15,21797709.0
2018-01-24 13:36:03.905000,33.1,33.1,33.15,21797709.0
2018-01-24 13:36:06.612000,33.1,33.1,33.15,21797709.0
2018-01-24 13:36:09.061000,33.1,33.1,33.15,21797709.0
2018-01-24 13:36:11.606000,33.1,33.1,33.15,21797709.0
2018-01-24 13:36:14.162000,33.1,33.1,33.15,21797709.0
2018-01-24 13:36:16.796000,33.1,33.1,33.15,21797709.0
2018-01-24 13:36:19.326000,33.1,33.1,33.15,21797709.0
2018-01-24 13:36:22.054000,33.1,33.1,33.15,21797709.0
2018-01-24 13:36:24.598000,33.1,33.1,33.15,21797709.0
2018-01-24 13:36:27.045000,33.1,33.1,33.15,21797709.0
2018-01-24 13:36:29.609000,33.1,33.1,33.15,21797709.0
2018-01-24 13:36:32.287000,33.1,33.1,33.15,21797709.0
2018-01-24 13:36:34.867000,33.1,33.1,33.15,21808995.0
2018-01-24 13:36:37.329000,33.1,33.1,33.15,21808995.0
2018-01-24 13:36:39.937000,33.1,33.1,33.15,21808995.0
2018-01-24 13:36:42.613000,33.1,33.1,33.15,21808995.0
2018-01-24 13:36:46.408000,33.1,33.1,33.15,21808995.0
2018-01-24 13:36:49.062000,33.1,33.1,33.15,21808995.0
2018-01-24 13:36:51.956000,33.1,33.1,33.15,21808995.0
2018-01-24 13:36:58.290000,33.1,33.1,33.15,21808995.0
2018-01-24 13:37:03.551000,33.1,33.1,33.15,21808995.0
2018-01-24 13:37:08.407000,33.1,33.1,33.15,21808995.0
2018-01-24 13:37:12.127000,33.1,33.1,33.15,21808995.0
2018-01-24 13:37:14.974000,33.1,33.1,33.15,21808995.0
2018-01-24 13:37:17.952000,33.1,33.1,33.15,21808995.0
2018-01-24 13:37:20.864000,33.1,33.1,33.15,21808995.0
2018-01-24 13:37:23.831000,33.1,33.1,33.15,21808995.0
2018-01-24 13:37:26.897000,33.1,33.1,33.15,21808995.0
2018-01-24 13:37:31.213000,33.1,33.1,33.15,21808995.0
2018-01-24 13:37:35.275000,33.1,33.1,33.15,21808995.0
2018-01-24 13:37:40.517000,33.1,33.1,33.15,21808995.0
2018-01-24 13:37:45.787000,33.1,33.1,33.15,21808995.0
2018-01-24 13:37:50.240000,33.1,33.1,33.15,21808995.0
2018-01-24 13:37:53.479000,33.15,33.1,33.15,21848995.0
2018-01-24 13:37:56.806000,33.15,33.1,33.15,21848995.0
2018-01-24 13:37:59.808000,33.15,33.1,33.15,21848995.0
2018-01-24 13:38:03.193000,33.15,33.1,33.15,21848995.0
2018-01-24 13:38:06.429000,33.15,33.1,33.15,21848995.0
2018-01-24 13:38:09.597000,33.15,33.1,33.15,21848995.0
2018-01-24 13:38:12.820000,33.15,33.1,33.15,21848995.0
2018-01-24 13:38:15.957000,33.15,33.1,33.15,21848995.0
2018-01-24 13:38:19.237000,33.15,33.1,33.15,21848995.0
2018-01-24 13:38:23.649000,33.15,33.1,33.15,21848995.0
2018-01-24 13:38:27.317000,33.15,33.1,33.15,21848995.0
2018-01-24 13:38:32.390000,33.15,33.1,33.15,21848995.0
2018-01-24 13:38:36.786000,33.15,33.1,33.15,21848995.0
2018-01-24 13:38:39.979000,33.15,33.1,33.15,21848995.0
2018-01-24 13:38:43.034000,33.15,33.1,33.15,21848995.0
2018-01-24 13:38:46.006000,33.15,33.1,33.15,21848995.0
2018-01-24 13:38:50.149000,33.15,33.1,33.15,21848995.0
2018-01-24 13:38:53.574000,33.15,33.1,33.15,21848995.0
2018-01-24 13:38:56.477000,33.15,33.1,33.15,21848995.0
2018-01-24 13:38:59.285000,33.1,33.1,33.15,21949995.0
2018-01-24 13:39:02.273000,33.1,33.1,33.15,21949995.0
2018-01-24 13:39:05.193000,33.1,33.1,33.15,21949995.0
2018-01-24 13:39:08.077000,33.1,33.1,33.15,21949995.0
2018-01-24 13:39:11.136000,33.1,33.1,33.15,21949995.0
2018-01-24 13:39:14.441000,33.1,33.1,33.15,21949995.0
2018-01-24 13:39:17.293000,33.1,33.1,33.15,21949995.0
2018-01-24 13:39:20.176000,33.1,33.1,33.15,21949995.0
2018-01-24 13:39:23.101000,33.1,33.1,33.15,21949995.0
2018-01-24 13:39:26.092000,33.1,33.1,33.15,21949995.0
2018-01-24 13:39:29.112000,33.1,33.1,33.15,21949995.0
2018-01-24 13:39:31.943000,33.1,33.1,33.15,21949995.0
2018-01-24 13:39:34.862000,33.1,33.1,33.15,21949995.0
2018-01-24 13:39:37.763000,33.1,33.1,33.15,21949995.0
2018-01-24 13:39:40.930000,33.1,33.1,33.15,21949995.0
2018-01-24 13:39:43.925000,33.1,33.1,33.15,21949995.0
2018-01-24 13:39:46.929000,33.1,33.1,33.15,21949995.0
2018-01-24 13:39:49.818000,33.1,33.1,33.15,21949995.0
2018-01-24 13:39:52.688000,33.1,33.1,33.15,21955495.0
2018-01-24 13:39:55.598000,33.1,33.1,33.15,21955495.0
2018-01-24 13:39:58.737000,33.1,33.1,33.15,21955495.0
2018-01-24 13:40:01.695000,33.1,33.1,33.15,21955495.0
2018-01-24 13:40:04.957000,33.1,33.1,33.15,21955495.0
2018-01-24 13:40:08.008000,33.1,33.1,33.15,21955495.0
2018-01-24 13:40:10.778000,33.1,33.1,33.15,21955495.0
2018-01-24 13:40:13.721000,33.1,33.1,33.15,21955495.0
2018-01-24 13:40:16.747000,33.1,33.1,33.15,21955495.0
2018-01-24 13:40:19.740000,33.1,33.1,33.15,21955495.0
2018-01-24 13:40:22.557000,33.1,33.1,33.15,21955495.0
2018-01-24 13:40:25.538000,33.1,33.1,33.15,21955495.0
2018-01-24 13:40:28.322000,33.1,33.1,33.15,21955495.0
2018-01-24 13:40:31.022000,33.1,33.1,33.15,21955495.0
2018-01-24 13:40:33.879000,33.1,33.1,33.15,21955495.0
2018-01-24 13:40:36.745000,33.1,33.1,33.15,21955495.0
2018-01-24 13:40:39.779000,33.1,33.1,33.15,21955495.0
2018-01-24 13:40:42.530000,33.1,33.1,33.15,21955495.0
2018-01-24 13:40:45.060000,33.1,33.1,33.15,21955495.0
2018-01-24 13:40:47.727000,33.1,33.1,33.15,21955495.0
2018-01-24 13:40:50.317000,33.1,33.1,33.15,21955495.0
2018-01-24 13:40:53.154000,33.1,33.1,33.15,21955495.0
2018-01-24 13:40:56.060000,33.1,33.1,33.15,21955495.0
2018-01-24 13:40:59.101000,33.1,33.1,33.15,21955495.0
2018-01-24 13:41:01.714000,33.1,33.1,33.15,21955495.0
2018-01-24 13:41:04.609000,33.1,33.1,33.15,21955495.0
2018-01-24 13:41:08.074000,33.1,33.1,33.15,21955495.0
2018-01-24 13:41:14.725000,33.1,33.1,33.15,21959495.0
2018-01-24 13:41:18.727000,33.1,33.1,33.15,21959495.0
2018-01-24 13:41:22.416000,33.1,33.1,33.15,21959495.0
2018-01-24 13:41:28.941000,33.1,33.1,33.15,21959495.0
2018-01-24 13:41:32.136000,33.1,33.1,33.15,21959495.0
2018-01-24 13:41:35.089000,33.1,33.1,33.15,21959495.0
2018-01-24 13:41:38.368000,33.1,33.1,33.15,21959495.0
2018-01-24 13:41:41.479000,33.1,33.1,33.15,21959495.0
2018-01-24 13:41:45.087000,33.1,33.1,33.15,21959495.0
2018-01-24 13:41:49.588000,33.1,33.1,33.15,21959495.0
2018-01-24 13:41:52.850000,33.1,33.1,33.15,21959495.0
2018-01-24 13:41:56.963000,33.1,33.1,33.15,21959495.0
2018-01-24 13:42:00.134000,33.1,33.1,33.15,21959995.0
2018-01-24 13:42:03.145000,33.1,33.1,33.15,21959995.0
2018-01-24 13:42:05.949000,33.1,33.1,33.15,21959995.0
2018-01-24 13:42:09.526000,33.1,33.1,33.15,21959995.0
2018-01-24 13:42:12.830000,33.1,33.1,33.15,21959995.0
2018-01-24 13:42:15.653000,33.1,33.1,33.15,21959995.0
2018-01-24 13:42:18.977000,33.1,33.1,33.15,21959995.0
2018-01-24 13:42:22.021000,33.1,33.1,33.15,21959995.0
2018-01-24 13:42:24.997000,33.1,33.1,33.15,21959995.0
2018-01-24 13:42:28.879000,33.1,33.1,33.15,21959995.0
2018-01-24 13:42:35.527000,,,,
2018-01-24 13:42:38.702000,33.1,33.1,33.15,21959995.0
2018-01-24 13:42:41.504000,33.1,33.1,33.15,21959995.0
2018-01-24 13:42:44.528000,33.1,33.1,33.15,21959995.0
2018-01-24 13:42:47.781000,33.1,33.1,33.15,21959995.0
2018-01-24 13:42:50.533000,33.1,33.1,33.15,21959995.0
2018-01-24 13:42:53.411000,33.1,33.1,33.15,21959995.0
2018-01-24 13:42:56.232000,33.1,33.1,33.15,21959995.0
2018-01-24 13:42:59.370000,33.1,33.1,33.15,21959995.0
2018-01-24 13:43:02.185000,33.1,33.1,33.15,21959995.0
2018-01-24 13:43:05.418000,33.1,33.1,33.15,21959995.0
2018-01-24 13:43:08.690000,33.1,33.1,33.15,21959995.0
2018-01-24 13:43:11.998000,33.1,33.1,33.15,21959995.0
2018-01-24 13:43:15.323000,33.1,33.1,33.15,21959995.0
2018-01-24 13:43:18.373000,33.1,33.1,33.15,21965995.0
2018-01-24 13:43:21.870000,33.1,33.1,33.15,21965995.0
2018-01-24 13:43:24.838000,33.1,33.1,33.15,21965995.0
2018-01-24 13:43:27.638000,33.1,33.1,33.15,21965995.0
2018-01-24 13:43:30.640000,33.1,33.1,33.15,21965995.0
2018-01-24 13:43:33.628000,33.1,33.1,33.15,21965995.0
2018-01-24 13:43:36.544000,33.1,33.1,33.15,21965995.0
2018-01-24 13:43:39.447000,33.1,33.1,33.15,21965995.0
2018-01-24 13:43:42.232000,33.1,33.1,33.15,21965995.0
2018-01-24 13:43:45.104000,33.1,33.1,33.15,21965995.0
2018-01-24 13:43:47.910000,33.1,33.1,33.15,21965995.0
2018-01-24 13:43:50.792000,33.1,33.1,33.15,21965995.0
2018-01-24 13:43:53.723000,33.1,33.1,33.15,21965995.0
2018-01-24 13:43:56.553000,33.1,33.1,33.15,21965995.0
2018-01-24 13:43:59.513000,33.1,33.1,33.15,21965995.0
2018-01-24 13:44:02.347000,33.1,33.1,33.15,21965995.0
2018-01-24 13:44:05.167000,33.1,33.1,33.15,21965995.0
2018-01-24 13:44:08.069000,33.1,33.1,33.15,21965995.0
2018-01-24 13:44:11.251000,33.1,33.1,33.15,21965995.0
2018-01-24 13:44:14.231000,33.1,33.1,33.15,21965995.0
2018-01-24 13:44:16.970000,33.1,33.1,33.15,21965995.0
2018-01-24 13:44:19.653000,33.1,33.1,33.15,21965995.0
2018-01-24 13:44:22.501000,33.1,33.1,33.15,21965995.0
2018-01-24 13:44:25.388000,33.1,33.1,33.15,21965995.0
2018-01-24 13:44:28.391000,33.1,33.1,33.15,21965995.0
2018-01-24 13:44:31.279000,33.1,33.1,33.15,21965995.0
2018-01-24 13:44:34.162000,33.1,33.1,33.15,21965995.0
2018-01-24 13:44:37.006000,33.15,33.1,33.15,21984495.0
2018-01-24 13:44:39.889000,33.15,33.1,33.15,21984495.0
2018-01-24 13:44:42.846000,33.15,33.1,33.15,21984495.0
2018-01-24 13:44:45.605000,33.15,33.1,33.15,21984495.0
2018-01-24 13:44:48.499000,33.15,33.1,33.15,21984495.0
2018-01-24 13:44:51.383000,33.15,33.1,33.15,21984495.0
2018-01-24 13:44:54.230000,33.15,33.1,33.15,21984495.0
2018-01-24 13:44:57.087000,33.15,33.1,33.15,21984495.0
2018-01-24 13:44:59.904000,33.15,33.1,33.15,21984495.0
2018-01-24 13:45:02.783000,33.15,33.1,33.15,21984495.0
2018-01-24 13:45:05.727000,33.15,33.1,33.15,21984495.0
2018-01-24 13:45:08.633000,33.15,33.1,33.15,21984495.0
2018-01-24 13:45:11.669000,33.15,33.1,33.15,21984495.0
2018-01-24 13:45:14.559000,33.15,33.1,33.15,21984495.0
2018-01-24 13:45:17.356000,33.15,33.1,33.15,21984495.0
2018-01-24 13:45:20.312000,33.15,33.1,33.15,21984495.0
2018-01-24 13:45:23.143000,33.15,33.1,33.15,21984495.0
2018-01-24 13:45:26.172000,33.15,33.1,33.15,21984495.0
2018-01-24 13:45:29.450000,33.15,33.1,33.15,21984495.0
2018-01-24 13:45:32.203000,33.15,33.1,33.15,21984495.0
2018-01-24 13:45:35.014000,33.15,33.1,33.15,21984495.0
2018-01-24 13:45:37.996000,33.15,33.1,33.15,21984495.0
2018-01-24 13:45:41.656000,33.15,33.1,33.15,21984495.0
2018-01-24 13:45:44.404000,33.15,33.1,33.15,21984495.0
2018-01-24 13:45:47.267000,33.15,33.1,33.15,21984495.0
2018-01-24 13:45:50.186000,33.15,33.1,33.15,21984495.0
2018-01-24 13:45:53.025000,33.15,33.1,33.15,21984495.0
2018-01-24 13:45:56.092000,33.15,33.1,33.15,21984495.0
2018-01-24 13:45:59.308000,33.15,33.1,33.15,21984495.0
2018-01-24 13:46:02.456000,33.15,33.1,33.15,21984495.0
2018-01-24 13:46:05.641000,33.15,33.1,33.15,21984495.0
2018-01-24 13:46:08.761000,33.15,33.1,33.15,21984495.0
2018-01-24 13:46:11.702000,33.1,33.1,33.15,21991995.0
2018-01-24 13:46:14.547000,33.1,33.1,33.15,21991995.0
2018-01-24 13:46:17.425000,33.1,33.1,33.15,21991995.0
2018-01-24 13:46:20.230000,33.1,33.1,33.15,21991995.0
2018-01-24 13:46:22.977000,33.1,33.1,33.15,21991995.0
2018-01-24 13:46:25.858000,33.1,33.1,33.15,21991995.0
2018-01-24 13:46:28.678000,33.1,33.1,33.15,21991995.0
2018-01-24 13:46:31.719000,33.1,33.1,33.15,21991995.0
2018-01-24 13:46:34.561000,33.1,33.1,33.15,21991995.0
2018-01-24 13:46:37.595000,33.1,33.1,33.15,21991995.0
2018-01-24 13:46:40.599000,33.1,33.1,33.15,21991995.0
2018-01-24 13:46:43.448000,33.1,33.1,33.15,21991995.0
2018-01-24 13:46:46.465000,33.1,33.1,33.15,21991995.0
2018-01-24 13:46:49.365000,33.1,33.1,33.15,21991995.0
2018-01-24 13:46:52.495000,33.1,33.1,33.15,21991995.0
2018-01-24 13:46:55.673000,33.1,33.1,33.15,21991995.0
2018-01-24 13:46:58.895000,33.1,33.1,33.15,21991995.0
2018-01-24 13:47:02.008000,33.1,33.1,33.15,21991995.0
2018-01-24 13:47:04.938000,33.1,33.1,33.15,21991995.0
2018-01-24 13:47:10.948000,33.1,33.1,33.15,21991995.0
2018-01-24 13:47:15.549000,33.1,33.1,33.15,21991995.0
2018-01-24 13:47:20.519000,33.1,33.1,33.15,21991995.0
2018-01-24 13:47:26.346000,33.1,33.1,33.15,21991995.0
2018-01-24 13:47:29.659000,33.1,33.1,33.15,21991995.0
2018-01-24 13:47:32.729000,33.1,33.1,33.15,21991995.0
2018-01-24 13:47:35.767000,33.1,33.1,33.15,21991995.0
2018-01-24 13:47:39.139000,33.1,33.1,33.15,21991995.0
2018-01-24 13:47:42.378000,33.1,33.1,33.15,21991995.0
2018-01-24 13:47:45.382000,33.1,33.1,33.15,21991995.0
2018-01-24 13:47:48.463000,33.1,33.1,33.15,21991995.0
2018-01-24 13:47:51.597000,33.1,33.1,33.15,21991995.0
2018-01-24 13:47:54.879000,33.1,33.1,33.15,21991995.0
2018-01-24 13:47:58.007000,33.1,33.1,33.15,21991995.0
2018-01-24 13:48:01.136000,33.1,33.1,33.15,21991995.0
2018-01-24 13:48:04.061000,33.1,33.1,33.15,21991995.0
2018-01-24 13:48:07.113000,33.1,33.1,33.15,21997995.0
2018-01-24 13:48:10.628000,33.1,33.1,33.15,21997995.0
2018-01-24 13:48:13.756000,33.1,33.1,33.15,21997995.0
2018-01-24 13:48:17.028000,33.1,33.1,33.15,21997995.0
2018-01-24 13:48:19.457000,33.1,33.1,33.15,21997995.0
2018-01-24 13:48:22.106000,33.1,33.1,33.15,21997995.0
2018-01-24 13:48:24.955000,33.1,33.1,33.15,21997995.0
2018-01-24 13:48:27.385000,33.1,33.1,33.15,21997995.0
2018-01-24 13:48:30.034000,33.1,33.1,33.15,21997995.0
2018-01-24 13:48:32.885000,33.1,33.1,33.15,21997995.0
2018-01-24 13:48:35.456000,33.1,33.1,33.15,21997995.0
2018-01-24 13:48:38.082000,33.1,33.1,33.15,21997995.0
2018-01-24 13:48:40.614000,33.1,33.1,33.15,21997995.0
2018-01-24 13:48:43.370000,33.1,33.1,33.15,21997995.0
2018-01-24 13:48:46.049000,33.1,33.1,33.15,21997995.0
2018-01-24 13:48:48.837000,33.1,33.1,33.15,21997995.0
2018-01-24 13:48:51.416000,33.1,33.1,33.15,21997995.0
2018-01-24 13:48:54.028000,33.1,33.1,33.15,21997995.0
2018-01-24 13:48:56.647000,33.1,33.1,33.15,21997995.0
2018-01-24 13:48:59.275000,33.1,33.1,33.15,21997995.0
2018-01-24 13:49:02.036000,33.1,33.1,33.15,21997995.0
2018-01-24 13:49:04.771000,33.1,33.1,33.15,21997995.0
2018-01-24 13:49:07.199000,33.1,33.1,33.15,21997995.0
2018-01-24 13:49:09.816000,33.1,33.1,33.15,21997995.0
2018-01-24 13:49:12.417000,33.1,33.1,33.15,21997995.0
2018-01-24 13:49:15.255000,33.1,33.1,33.15,21997995.0
2018-01-24 13:49:18.083000,33.1,33.1,33.15,22003995.0
2018-01-24 13:49:20.753000,33.1,33.1,33.15,22003995.0
2018-01-24 13:49:23.540000,33.1,33.1,33.15,22003995.0
2018-01-24 13:49:26.427000,33.1,33.1,33.15,22003995.0
2018-01-24 13:49:28.977000,33.1,33.1,33.15,22003995.0
2018-01-24 13:49:31.851000,33.1,33.1,33.15,22003995.0
2018-01-24 13:49:34.537000,33.1,33.1,33.15,22003995.0
2018-01-24 13:49:37.218000,33.1,33.1,33.15,22003995.0
2018-01-24 13:49:40.129000,33.1,33.1,33.15,22003995.0
2018-01-24 13:49:42.536000,33.1,33.1,33.15,22003995.0
2018-01-24 13:49:45.208000,33.1,33.1,33.15,22003995.0
2018-01-24 13:49:47.969000,33.1,33.1,33.15,22003995.0
2018-01-24 13:49:50.753000,33.1,33.1,33.15,22003995.0
2018-01-24 13:49:53.263000,33.1,33.1,33.15,22003995.0
2018-01-24 13:49:55.910000,33.1,33.1,33.15,22003995.0
2018-01-24 13:49:58.378000,33.1,33.1,33.15,22003995.0
2018-01-24 13:50:00.988000,33.1,33.1,33.15,22003995.0
2018-01-24 13:50:03.712000,33.1,33.1,33.15,22003995.0
2018-01-24 13:50:06.616000,33.1,33.1,33.15,22003995.0
2018-01-24 13:50:09.300000,33.1,33.1,33.15,22003995.0
2018-01-24 13:50:12.351000,33.1,33.1,33.15,22003995.0
2018-01-24 13:50:15.354000,33.1,33.1,33.15,22003995.0
2018-01-24 13:50:17.982000,33.1,33.1,33.15,22003995.0
2018-01-24 13:50:20.582000,33.1,33.1,33.15,22003995.0
2018-01-24 13:50:23.397000,33.1,33.1,33.15,22003995.0
2018-01-24 13:50:25.948000,33.1,33.1,33.15,22003995.0
2018-01-24 13:50:28.561000,33.1,33.1,33.15,22003995.0
2018-01-24 13:50:31.131000,33.1,33.1,33.15,22003995.0
2018-01-24 13:50:33.581000,33.1,33.1,33.15,22003995.0
2018-01-24 13:50:36.115000,33.1,33.1,33.15,22003995.0
2018-01-24 13:50:39.231000,33.1,33.1,33.15,22003995.0
2018-01-24 13:50:42.025000,33.1,33.1,33.15,22009646.0
2018-01-24 13:50:44.663000,33.1,33.1,33.15,22009646.0
2018-01-24 13:50:47.336000,33.1,33.1,33.15,22009646.0
2018-01-24 13:50:49.913000,33.1,33.1,33.15,22009646.0
2018-01-24 13:50:52.666000,33.1,33.1,33.15,22009646.0
2018-01-24 13:50:55.351000,33.1,33.1,33.15,22009646.0
2018-01-24 13:50:58.221000,33.1,33.1,33.15,22009646.0
2018-01-24 13:51:01.305000,33.1,33.1,33.15,22009646.0
2018-01-24 13:51:03.852000,33.1,33.1,33.15,22009646.0
2018-01-24 13:51:06.680000,33.1,33.1,33.15,22009646.0
2018-01-24 13:51:09.405000,33.1,33.1,33.15,22009646.0
2018-01-24 13:51:12.087000,33.1,33.1,33.15,22009646.0
2018-01-24 13:51:14.604000,33.1,33.1,33.15,22009646.0
2018-01-24 13:51:17.291000,33.1,33.1,33.15,22009646.0
2018-01-24 13:51:19.989000,33.1,33.1,33.15,22009646.0
2018-01-24 13:51:22.614000,33.1,33.1,33.15,22009646.0
2018-01-24 13:51:25.339000,33.1,33.1,33.15,22009646.0
2018-01-24 13:51:27.835000,33.1,33.1,33.15,22009646.0
2018-01-24 13:51:30.570000,33.1,33.1,33.15,22009646.0
2018-01-24 13:51:33.301000,33.1,33.1,33.15,22009646.0
2018-01-24 13:51:36.006000,33.1,33.1,33.15,22009646.0
2018-01-24 13:51:38.511000,33.1,33.1,33.15,22009646.0
2018-01-24 13:51:41.069000,33.1,33.1,33.15,22009646.0
2018-01-24 13:51:43.682000,33.1,33.1,33.15,22009646.0
2018-01-24 13:51:46.257000,33.1,33.1,33.15,22009646.0
2018-01-24 13:51:48.926000,33.1,33.1,33.15,22009646.0
2018-01-24 13:51:51.479000,33.1,33.1,33.15,22009646.0
2018-01-24 13:51:54.136000,33.1,33.1,33.15,22009646.0
2018-01-24 13:51:56.733000,33.1,33.1,33.15,22009646.0
2018-01-24 13:51:59.393000,33.1,33.1,33.15,22009646.0
2018-01-24 13:52:02.309000,33.1,33.1,33.15,22009646.0
2018-01-24 13:52:05.021000,33.1,33.1,33.15,22009646.0
2018-01-24 13:52:07.446000,33.1,33.1,33.15,22009646.0
2018-01-24 13:52:10.223000,33.1,33.1,33.15,22009646.0
2018-01-24 13:52:12.901000,33.1,33.1,33.15,22021146.0
2018-01-24 13:52:15.570000,33.1,33.1,33.15,22021146.0
2018-01-24 13:52:18.449000,33.1,33.1,33.15,22021146.0
2018-01-24 13:52:21.256000,33.1,33.1,33.15,22021146.0
2018-01-24 13:52:23.854000,33.1,33.1,33.15,22021146.0
2018-01-24 13:52:26.462000,33.1,33.1,33.15,22021146.0
2018-01-24 13:52:29.372000,33.1,33.1,33.15,22021146.0
2018-01-24 13:52:32.184000,33.1,33.1,33.15,22021146.0
2018-01-24 13:52:34.812000,33.1,33.1,33.15,22021146.0
2018-01-24 13:52:37.729000,33.1,33.1,33.15,22021146.0
2018-01-24 13:52:41.074000,33.1,33.1,33.15,22021146.0
2018-01-24 13:52:43.715000,33.1,33.1,33.15,22021146.0
2018-01-24 13:52:46.603000,33.1,33.1,33.15,22021146.0
2018-01-24 13:52:49.310000,33.1,33.1,33.15,22040146.0
2018-01-24 13:52:52.040000,33.1,33.1,33.15,22040146.0
2018-01-24 13:52:54.784000,33.1,33.1,33.15,22040146.0
2018-01-24 13:52:57.386000,33.1,33.1,33.15,22040146.0
2018-01-24 13:53:00.196000,33.1,33.1,33.15,22040146.0
2018-01-24 13:53:02.662000,33.1,33.1,33.15,22040146.0
2018-01-24 13:53:05.431000,33.1,33.1,33.15,22040146.0
2018-01-24 13:53:08.200000,33.1,33.1,33.15,22040146.0
2018-01-24 13:53:10.899000,33.1,33.1,33.15,22040146.0
2018-01-24 13:53:13.732000,33.1,33.1,33.15,22040146.0
2018-01-24 13:53:16.682000,33.1,33.1,33.15,22040146.0
2018-01-24 13:53:19.373000,33.1,33.1,33.15,22040146.0
2018-01-24 13:53:21.869000,33.1,33.1,33.15,22040146.0
2018-01-24 13:53:24.545000,33.1,33.1,33.15,22040146.0
2018-01-24 13:53:27.609000,33.1,33.05,33.1,22052201.0
2018-01-24 13:53:30.117000,33.1,33.05,33.1,22052201.0
2018-01-24 13:53:32.815000,33.1,33.05,33.1,22052201.0
2018-01-24 13:53:35.666000,33.1,33.05,33.1,22052201.0
2018-01-24 13:53:39.321000,33.1,33.05,33.1,22052201.0
2018-01-24 13:53:42.293000,33.1,33.05,33.1,22052201.0
2018-01-24 13:53:45.070000,33.1,33.05,33.1,22052201.0
2018-01-24 13:53:48.048000,33.1,33.05,33.1,22052201.0
2018-01-24 13:53:50.792000,33.1,33.05,33.1,22052201.0
2018-01-24 13:53:53.359000,33.1,33.05,33.1,22052201.0
2018-01-24 13:53:56.039000,33.1,33.05,33.1,22052201.0
2018-01-24 13:54:00.602000,33.1,33.05,33.1,22052201.0
2018-01-24 13:54:03.363000,33.1,33.05,33.1,22052201.0
2018-01-24 13:54:06.139000,33.1,33.05,33.1,22052201.0
2018-01-24 13:54:08.814000,33.1,33.05,33.1,22052201.0
2018-01-24 13:54:11.403000,33.1,33.05,33.1,22052201.0
2018-01-24 13:54:14.250000,33.1,33.05,33.1,22052201.0
2018-01-24 13:54:17.185000,33.1,33.05,33.1,22109632.0
2018-01-24 13:54:19.842000,33.1,33.05,33.1,22109632.0
2018-01-24 13:54:22.939000,33.1,33.05,33.1,22109632.0
2018-01-24 13:54:25.542000,33.1,33.05,33.1,22109632.0
2018-01-24 13:54:28.124000,33.1,33.05,33.1,22109632.0
2018-01-24 13:54:30.902000,33.1,33.05,33.1,22109632.0
2018-01-24 13:54:33.813000,33.1,33.05,33.1,22109632.0
2018-01-24 13:54:36.717000,33.1,33.05,33.1,22109632.0
2018-01-24 13:54:39.186000,33.1,33.05,33.1,22109632.0
2018-01-24 13:54:41.681000,33.1,33.05,33.1,22109632.0
2018-01-24 13:54:44.599000,33.1,33.05,33.1,22109632.0
2018-01-24 13:54:47.191000,33.1,33.05,33.1,22109632.0
2018-01-24 13:54:49.795000,33.1,33.05,33.1,22109632.0
2018-01-24 13:54:52.566000,33.1,33.05,33.1,22109632.0
2018-01-24 13:54:56.183000,33.1,33.05,33.1,22109632.0
2018-01-24 13:54:58.717000,33.1,33.05,33.1,22109632.0
2018-01-24 13:55:01.262000,33.1,33.05,33.1,22109632.0
2018-01-24 13:55:03.812000,33.1,33.05,33.1,22109632.0
2018-01-24 13:55:06.373000,33.1,33.05,33.1,22109632.0
2018-01-24 13:55:08.967000,33.1,33.05,33.1,22109632.0
2018-01-24 13:55:15.686000,33.1,33.05,33.1,22109632.0
2018-01-24 13:55:18.611000,33.1,33.05,33.1,22109632.0
2018-01-24 13:55:21.365000,33.1,33.05,33.1,22109632.0
2018-01-24 13:55:23.943000,33.1,33.05,33.1,22109632.0
2018-01-24 13:55:26.478000,33.1,33.05,33.1,22109632.0
2018-01-24 13:55:29.122000,33.1,33.05,33.1,22109632.0
2018-01-24 13:55:31.780000,33.1,33.05,33.1,22109632.0
2018-01-24 13:55:34.228000,33.1,33.05,33.1,22109632.0
2018-01-24 13:55:36.840000,33.1,33.05,33.1,22109632.0
2018-01-24 13:55:39.610000,33.1,33.05,33.1,22109632.0
2018-01-24 13:55:43.468000,33.1,33.05,33.1,22109632.0
2018-01-24 13:55:46.293000,33.1,33.05,33.1,22109632.0
2018-01-24 13:55:48.907000,33.1,33.05,33.1,22109632.0
2018-01-24 13:55:51.750000,33.1,33.05,33.1,22109632.0
2018-01-24 13:55:54.660000,33.1,33.05,33.1,22109632.0
2018-01-24 13:55:57.308000,33.1,33.05,33.1,22109632.0
2018-01-24 13:56:01.467000,33.1,33.05,33.1,22109632.0
2018-01-24 13:56:04.080000,33.1,33.05,33.1,22109632.0
2018-01-24 13:56:06.638000,33.1,33.05,33.1,22109632.0
2018-01-24 13:56:09.844000,33.1,33.05,33.1,22109632.0
2018-01-24 13:56:12.494000,33.1,33.05,33.1,22109632.0
2018-01-24 13:56:15.277000,33.1,33.05,33.1,22109632.0
2018-01-24 13:56:17.796000,33.1,33.05,33.1,22109632.0
2018-01-24 13:56:20.686000,33.1,33.1,33.15,22127132.0
2018-01-24 13:56:23.487000,33.1,33.1,33.15,22127132.0
2018-01-24 13:56:26.107000,33.1,33.1,33.15,22127132.0
2018-01-24 13:56:28.782000,33.1,33.1,33.15,22127132.0
2018-01-24 13:56:31.386000,33.1,33.1,33.15,22127132.0
2018-01-24 13:56:34.073000,33.1,33.1,33.15,22127132.0
2018-01-24 13:56:36.716000,33.1,33.1,33.15,22127132.0
2018-01-24 13:56:39.333000,33.1,33.1,33.15,22127132.0
2018-01-24 13:56:41.797000,33.1,33.1,33.15,22127132.0
2018-01-24 13:56:47.795000,33.1,33.1,33.15,22127132.0
2018-01-24 13:56:50.921000,33.1,33.1,33.15,22127132.0
2018-01-24 13:56:53.539000,33.1,33.1,33.15,22127132.0
2018-01-24 13:56:56.366000,33.1,33.1,33.15,22127132.0
2018-01-24 13:56:58.842000,33.1,33.1,33.15,22127132.0
2018-01-24 13:57:01.377000,33.1,33.1,33.15,22127132.0
2018-01-24 13:57:04.052000,33.1,33.1,33.15,22127132.0
2018-01-24 13:57:06.664000,33.1,33.1,33.15,22127132.0
2018-01-24 13:57:09.070000,33.1,33.1,33.15,22127132.0
2018-01-24 13:57:11.499000,33.1,33.1,33.15,22127132.0
2018-01-24 13:57:14.535000,33.1,33.1,33.15,22127132.0
2018-01-24 13:57:17.251000,33.1,33.1,33.15,22127132.0
2018-01-24 13:57:19.895000,33.1,33.1,33.15,22127132.0
2018-01-24 13:57:22.690000,33.1,33.1,33.15,22140132.0
2018-01-24 13:57:25.529000,33.1,33.1,33.15,22140132.0
2018-01-24 13:57:28.224000,33.1,33.1,33.15,22140132.0
2018-01-24 13:57:30.842000,33.1,33.1,33.15,22140132.0
2018-01-24 13:57:33.658000,33.1,33.1,33.15,22140132.0
2018-01-24 13:57:36.423000,33.1,33.1,33.15,22140132.0
2018-01-24 13:57:39.049000,33.1,33.1,33.15,22140132.0
2018-01-24 13:57:41.791000,33.1,33.1,33.15,22140132.0
2018-01-24 13:57:44.439000,33.1,33.1,33.15,22140132.0
2018-01-24 13:57:47.171000,33.1,33.1,33.15,22140132.0
2018-01-24 13:57:50.103000,33.1,33.1,33.15,22140132.0
2018-01-24 13:57:52.863000,33.1,33.1,33.15,22140132.0
2018-01-24 13:57:56.530000,33.1,33.1,33.15,22140132.0
2018-01-24 13:57:59.229000,33.1,33.1,33.15,22140132.0
2018-01-24 13:58:02.079000,33.1,33.1,33.15,22140132.0
2018-01-24 13:58:04.598000,33.1,33.1,33.15,22140132.0
2018-01-24 13:58:07.443000,33.1,33.1,33.15,22140132.0
2018-01-24 13:58:11.504000,33.1,33.1,33.15,22140132.0
2018-01-24 13:58:14.197000,33.1,33.05,33.15,22237132.0
2018-01-24 13:58:17.062000,33.1,33.05,33.15,22237132.0
2018-01-24 13:58:19.755000,33.1,33.05,33.15,22237132.0
2018-01-24 13:58:25.089000,33.1,33.05,33.15,22237132.0
2018-01-24 13:58:28.569000,33.1,33.05,33.15,22237132.0
2018-01-24 13:58:31.892000,33.1,33.1,33.15,22315132.0
2018-01-24 13:58:35.984000,33.1,33.1,33.15,22315132.0
2018-01-24 13:58:40.030000,33.1,33.1,33.15,22315132.0
2018-01-24 13:58:43.161000,33.1,33.1,33.15,22315132.0
2018-01-24 13:58:46.365000,33.1,33.1,33.15,22315132.0
2018-01-24 13:58:49.632000,33.1,33.1,33.15,22315132.0
2018-01-24 13:58:53.242000,33.1,33.1,33.15,22315132.0
2018-01-24 13:58:56.338000,33.1,33.1,33.15,22315132.0
2018-01-24 13:58:59.654000,33.1,33.1,33.15,22315132.0
2018-01-24 13:59:02.773000,33.1,33.1,33.15,22315132.0
2018-01-24 13:59:06.095000,33.1,33.1,33.15,22315132.0
2018-01-24 13:59:09.305000,33.1,33.1,33.15,22315132.0
2018-01-24 13:59:12.724000,33.1,33.1,33.15,22315132.0
2018-01-24 13:59:16.032000,33.1,33.1,33.15,22315132.0
2018-01-24 13:59:19.260000,33.1,33.1,33.15,22315132.0
2018-01-24 13:59:24.194000,33.1,33.1,33.15,22315132.0
2018-01-24 13:59:36.157000,33.1,33.1,33.15,22315132.0
2018-01-24 13:59:47.942000,33.1,33.1,33.15,22315132.0
2018-01-24 14:00:24.993000,33.1,33.1,33.15,22419132.0
2018-01-24 14:00:33.709000,33.1,33.1,33.15,22419132.0
2018-01-24 14:00:41.569000,33.1,33.1,33.15,22419132.0
2018-01-24 14:00:45.833000,33.1,33.1,33.15,22419132.0
2018-01-24 14:00:49.118000,33.1,33.1,33.15,22419132.0
2018-01-24 14:00:52.460000,33.1,33.1,33.15,22423132.0
2018-01-24 14:00:55.722000,33.1,33.1,33.15,22423132.0
2018-01-24 14:00:59.444000,33.1,33.1,33.15,22423132.0
2018-01-24 14:01:02.649000,33.1,33.1,33.15,22423132.0
2018-01-24 14:01:05.889000,33.1,33.1,33.15,22423132.0
2018-01-24 14:01:09.158000,33.1,33.1,33.15,22423132.0
2018-01-24 14:01:12.428000,33.1,33.1,33.15,22423132.0
2018-01-24 14:01:15.927000,33.1,33.1,33.15,22423132.0
2018-01-24 14:01:19.674000,33.1,33.1,33.15,22423132.0
2018-01-24 14:01:22.977000,33.1,33.1,33.15,22423132.0
2018-01-24 14:01:26.369000,33.1,33.1,33.15,22423132.0
2018-01-24 14:01:29.747000,33.1,33.1,33.15,22423132.0
2018-01-24 14:01:33.226000,33.1,33.1,33.15,22423132.0
2018-01-24 14:01:36.631000,33.1,33.1,33.15,22423132.0
2018-01-24 14:01:40.143000,33.1,33.1,33.15,22423132.0
2018-01-24 14:01:43.415000,33.1,33.1,33.15,22423132.0
2018-01-24 14:01:46.738000,33.1,33.1,33.15,22423132.0
2018-01-24 14:01:49.968000,33.1,33.1,33.15,22423132.0
2018-01-24 14:01:53.306000,33.1,33.1,33.15,22423132.0
2018-01-24 14:01:56.791000,33.1,33.1,33.15,22423132.0
2018-01-24 14:02:00.106000,33.1,33.1,33.15,22423132.0
2018-01-24 14:02:03.492000,33.1,33.1,33.15,22423132.0
2018-01-24 14:02:06.848000,33.1,33.1,33.15,22423132.0
2018-01-24 14:02:10.173000,33.1,33.1,33.15,22423132.0
2018-01-24 14:02:13.838000,33.1,33.1,33.15,22423132.0
2018-01-24 14:02:17.515000,33.1,33.1,33.15,22423132.0
2018-01-24 14:02:21.099000,33.1,33.1,33.15,22423132.0
2018-01-24 14:02:24.496000,33.1,33.1,33.15,22425132.0
2018-01-24 14:02:27.928000,33.1,33.1,33.15,22425132.0
2018-01-24 14:02:31.463000,33.1,33.1,33.15,22425132.0
2018-01-24 14:02:34.998000,33.1,33.1,33.15,22425132.0
2018-01-24 14:02:38.454000,33.1,33.1,33.15,22425132.0
2018-01-24 14:02:41.758000,33.1,33.1,33.15,22425132.0
2018-01-24 14:02:45.121000,33.1,33.1,33.15,22425132.0
2018-01-24 14:02:48.346000,33.1,33.1,33.15,22425132.0
2018-01-24 14:02:51.586000,33.1,33.1,33.15,22425132.0
2018-01-24 14:02:55.433000,33.1,33.1,33.15,22425132.0
2018-01-24 14:02:58.704000,33.1,33.1,33.15,22425132.0
2018-01-24 14:03:01.933000,33.1,33.1,33.15,22425132.0
2018-01-24 14:03:05.233000,33.1,33.1,33.15,22425132.0
2018-01-24 14:03:08.636000,33.1,33.1,33.15,22425132.0
2018-01-24 14:03:12.256000,33.1,33.1,33.15,22425132.0
2018-01-24 14:03:16.226000,33.1,33.1,33.15,22425132.0
2018-01-24 14:03:19.313000,33.1,33.1,33.15,22425132.0
2018-01-24 14:03:22.688000,33.1,33.1,33.15,22425132.0
2018-01-24 14:03:25.686000,33.1,33.1,33.15,22425132.0
2018-01-24 14:03:28.965000,33.1,33.1,33.15,22425132.0
2018-01-24 14:03:32.590000,33.1,33.1,33.15,22425132.0
2018-01-24 14:03:35.712000,33.1,33.1,33.15,22425132.0
2018-01-24 14:03:38.917000,33.1,33.1,33.15,22425132.0
2018-01-24 14:03:42.239000,33.1,33.1,33.15,22425132.0
2018-01-24 14:03:45.410000,33.1,33.1,33.15,22425132.0
2018-01-24 14:03:48.574000,33.1,33.1,33.15,22425132.0
2018-01-24 14:03:51.982000,33.1,33.1,33.15,22425132.0
2018-01-24 14:03:55.282000,33.1,33.1,33.15,22427132.0
2018-01-24 14:03:58.620000,33.1,33.1,33.15,22427132.0
2018-01-24 14:04:01.602000,33.1,33.1,33.15,22427132.0
2018-01-24 14:04:04.812000,33.1,33.1,33.15,22427132.0
2018-01-24 14:04:07.822000,33.1,33.1,33.15,22427132.0
2018-01-24 14:04:11.039000,33.1,33.1,33.15,22427132.0
2018-01-24 14:04:14.593000,33.1,33.1,33.15,22427132.0
2018-01-24 14:04:17.981000,33.1,33.1,33.15,22427132.0
2018-01-24 14:04:21.086000,33.1,33.1,33.15,22427132.0
2018-01-24 14:04:24.349000,33.1,33.1,33.15,22427132.0
2018-01-24 14:04:27.708000,33.1,33.1,33.15,22427132.0
2018-01-24 14:04:30.922000,33.1,33.1,33.15,22427132.0
2018-01-24 14:04:34.185000,33.1,33.1,33.15,22427132.0
2018-01-24 14:04:37.589000,33.1,33.1,33.15,22427132.0
2018-01-24 14:04:40.887000,33.1,33.1,33.15,22427132.0
2018-01-24 14:04:44.173000,33.1,33.1,33.15,22427132.0
2018-01-24 14:04:47.342000,33.1,33.1,33.15,22427132.0
2018-01-24 14:04:50.677000,33.1,33.1,33.15,22427132.0
2018-01-24 14:04:53.972000,33.1,33.1,33.15,22427132.0
2018-01-24 14:04:57.287000,33.1,33.1,33.15,22427132.0
2018-01-24 14:05:00.646000,33.1,33.1,33.15,22427132.0
2018-01-24 14:05:03.667000,33.1,33.1,33.15,22427132.0
2018-01-24 14:05:07.221000,33.1,33.1,33.15,22427132.0
2018-01-24 14:05:10.013000,,,,
2018-01-24 14:05:13.169000,33.1,33.1,33.15,22427132.0
2018-01-24 14:05:16.464000,33.1,33.1,33.15,22427132.0
2018-01-24 14:05:19.623000,33.1,33.1,33.15,22427132.0
2018-01-24 14:05:22.918000,33.1,33.1,33.15,22427132.0
2018-01-24 14:05:26.135000,33.1,33.1,33.15,22433132.0
2018-01-24 14:05:29.381000,33.1,33.1,33.15,22433132.0
2018-01-24 14:05:32.731000,33.1,33.1,33.15,22433132.0
2018-01-24 14:05:35.933000,33.1,33.1,33.15,22433132.0
2018-01-24 14:05:39.399000,33.1,33.1,33.15,22433132.0
2018-01-24 14:05:42.751000,33.1,33.1,33.15,22433132.0
2018-01-24 14:05:45.862000,33.1,33.1,33.15,22433132.0
2018-01-24 14:05:49.377000,33.1,33.1,33.15,22433132.0
2018-01-24 14:05:52.623000,33.1,33.1,33.15,22433132.0
2018-01-24 14:05:56.035000,33.1,33.1,33.15,22433132.0
2018-01-24 14:05:59.232000,33.1,33.1,33.15,22433132.0
2018-01-24 14:06:02.484000,33.1,33.1,33.15,22433132.0
2018-01-24 14:06:05.737000,33.1,33.1,33.15,22433132.0
2018-01-24 14:06:09.263000,33.1,33.1,33.15,22433132.0
2018-01-24 14:06:12.755000,33.1,33.1,33.15,22433132.0
2018-01-24 14:06:15.968000,33.1,33.1,33.15,22433132.0
2018-01-24 14:06:19.269000,33.1,33.1,33.15,22433132.0
2018-01-24 14:06:22.547000,33.1,33.1,33.15,22433132.0
2018-01-24 14:06:25.961000,33.1,33.1,33.15,22433132.0
2018-01-24 14:06:29.250000,33.1,33.1,33.15,22433132.0
2018-01-24 14:06:32.547000,33.1,33.1,33.15,22433132.0
2018-01-24 14:06:35.727000,33.1,33.1,33.15,22433132.0
2018-01-24 14:06:38.829000,33.1,33.1,33.15,22433132.0
2018-01-24 14:06:42.076000,33.1,33.1,33.15,22433132.0
2018-01-24 14:06:45.214000,33.1,33.1,33.15,22433132.0
2018-01-24 14:06:48.279000,33.1,33.1,33.15,22433132.0
2018-01-24 14:06:51.310000,33.1,33.1,33.15,22433132.0
2018-01-24 14:06:54.237000,33.1,33.1,33.15,22433132.0
2018-01-24 14:06:57.313000,33.1,33.1,33.15,22439632.0
2018-01-24 14:07:00.494000,33.1,33.1,33.15,22439632.0
2018-01-24 14:07:04.124000,33.1,33.1,33.15,22439632.0
2018-01-24 14:07:07.207000,33.1,33.1,33.15,22439632.0
2018-01-24 14:07:10.433000,33.1,33.1,33.15,22439632.0
2018-01-24 14:07:13.638000,33.1,33.1,33.15,22439632.0
2018-01-24 14:07:17.296000,33.1,33.1,33.15,22439632.0
2018-01-24 14:07:20.541000,33.1,33.1,33.15,22439632.0
2018-01-24 14:07:23.592000,33.1,33.1,33.15,22439632.0
2018-01-24 14:07:26.919000,33.1,33.1,33.15,22439632.0
2018-01-24 14:07:30.301000,33.1,33.1,33.15,22439632.0
2018-01-24 14:07:33.815000,33.1,33.1,33.15,22439632.0
2018-01-24 14:07:37.093000,33.1,33.1,33.15,22439632.0
2018-01-24 14:07:40.402000,33.1,33.1,33.15,22439632.0
2018-01-24 14:07:43.550000,33.1,33.1,33.15,22439632.0
2018-01-24 14:07:46.859000,33.1,33.1,33.15,22439632.0
2018-01-24 14:07:51.061000,33.1,33.1,33.15,22439632.0
2018-01-24 14:07:54.503000,33.1,33.1,33.15,22439632.0
2018-01-24 14:07:57.927000,33.1,33.1,33.15,22439632.0
2018-01-24 14:08:02.220000,33.1,33.1,33.15,22439632.0
2018-01-24 14:08:05.457000,33.1,33.1,33.15,22439632.0
2018-01-24 14:08:08.735000,33.1,33.1,33.15,22439632.0
2018-01-24 14:08:12.062000,33.1,33.1,33.15,22439632.0
2018-01-24 14:08:15.293000,33.1,33.1,33.15,22439632.0
2018-01-24 14:08:18.490000,33.1,33.1,33.15,22439632.0
2018-01-24 14:08:21.197000,33.1,33.1,33.15,22439632.0
2018-01-24 14:08:23.677000,33.1,33.1,33.15,22439632.0
2018-01-24 14:08:26.269000,33.1,33.1,33.15,22439632.0
2018-01-24 14:08:29.095000,33.1,33.1,33.15,22441632.0
2018-01-24 14:08:31.983000,33.1,33.1,33.15,22441632.0
2018-01-24 14:08:34.659000,33.1,33.1,33.15,22441632.0
2018-01-24 14:08:37.173000,33.1,33.1,33.15,22441632.0
2018-01-24 14:08:39.852000,33.1,33.1,33.15,22441632.0
2018-01-24 14:08:42.472000,33.1,33.1,33.15,22441632.0
2018-01-24 14:08:45.334000,33.1,33.1,33.15,22441632.0
2018-01-24 14:08:48.121000,33.1,33.1,33.15,22441632.0
2018-01-24 14:08:50.901000,33.1,33.1,33.15,22441632.0
2018-01-24 14:08:53.786000,33.1,33.1,33.15,22441632.0
2018-01-24 14:08:56.688000,33.1,33.1,33.15,22441632.0
2018-01-24 14:08:59.645000,33.1,33.1,33.15,22441632.0
2018-01-24 14:09:02.221000,33.1,33.1,33.15,22441632.0
2018-01-24 14:09:04.737000,33.1,33.1,33.15,22441632.0
2018-01-24 14:09:07.563000,33.1,33.1,33.15,22441632.0
2018-01-24 14:09:10.257000,33.1,33.1,33.15,22441632.0
2018-01-24 14:09:12.846000,33.1,33.1,33.15,22441632.0
2018-01-24 14:09:15.571000,33.1,33.1,33.15,22441632.0
2018-01-24 14:09:18.381000,33.1,33.1,33.15,22441632.0
2018-01-24 14:09:20.828000,33.1,33.1,33.15,22441632.0
2018-01-24 14:09:23.774000,33.1,33.1,33.15,22441632.0
2018-01-24 14:09:27.173000,33.1,33.1,33.15,22441632.0
2018-01-24 14:09:29.871000,33.1,33.1,33.15,22441632.0
2018-01-24 14:09:32.631000,33.1,33.1,33.15,22441632.0
2018-01-24 14:09:35.340000,33.1,33.1,33.15,22441632.0
2018-01-24 14:09:38.005000,33.1,33.1,33.15,22441632.0
2018-01-24 14:09:41.041000,33.1,33.1,33.15,22441632.0
2018-01-24 14:09:43.761000,33.1,33.1,33.15,22441632.0
2018-01-24 14:09:46.627000,33.1,33.1,33.15,22441632.0
2018-01-24 14:09:49.224000,33.1,33.1,33.15,22441632.0
2018-01-24 14:09:51.957000,33.1,33.1,33.15,22441632.0
2018-01-24 14:09:54.522000,33.1,33.1,33.15,22441632.0
2018-01-24 14:09:57.112000,33.1,33.1,33.15,22451132.0
2018-01-24 14:09:59.953000,33.1,33.1,33.15,22451132.0
2018-01-24 14:10:02.536000,33.1,33.1,33.15,22451132.0
2018-01-24 14:10:05.539000,33.1,33.1,33.15,22451132.0
2018-01-24 14:10:08.630000,33.1,33.1,33.15,22451132.0
2018-01-24 14:10:11.383000,33.1,33.1,33.15,22451132.0
2018-01-24 14:10:13.882000,33.1,33.1,33.15,22451132.0
2018-01-24 14:10:16.737000,33.1,33.1,33.15,22451132.0
2018-01-24 14:10:19.490000,33.1,33.1,33.15,22451132.0
2018-01-24 14:10:22.582000,33.1,33.1,33.15,22451132.0
2018-01-24 14:10:25.371000,33.1,33.1,33.15,22451132.0
2018-01-24 14:10:28.101000,33.1,33.1,33.15,22451132.0
2018-01-24 14:10:30.822000,33.1,33.1,33.15,22451132.0
2018-01-24 14:10:33.435000,33.1,33.1,33.15,22451132.0
2018-01-24 14:10:36.107000,33.1,33.1,33.15,22451132.0
2018-01-24 14:10:38.661000,33.1,33.1,33.15,22451132.0
2018-01-24 14:10:41.302000,33.1,33.1,33.15,22451132.0
2018-01-24 14:10:44.038000,33.1,33.1,33.15,22451132.0
2018-01-24 14:10:46.551000,33.15,33.1,33.15,22758632.0
2018-01-24 14:10:49.273000,33.15,33.1,33.15,22814132.0
2018-01-24 14:10:51.864000,33.15,33.1,33.15,22814132.0
2018-01-24 14:10:54.845000,33.15,33.1,33.15,22814132.0
2018-01-24 14:10:57.457000,33.15,33.1,33.15,22814132.0
2018-01-24 14:11:00.163000,33.15,33.1,33.15,22814132.0
2018-01-24 14:11:02.836000,33.15,33.1,33.15,22814132.0
2018-01-24 14:11:05.478000,33.15,33.1,33.15,22814132.0
2018-01-24 14:11:07.914000,33.15,33.1,33.15,22814132.0
2018-01-24 14:11:10.558000,33.15,33.1,33.15,22814132.0
2018-01-24 14:11:13.622000,33.15,33.1,33.15,22814132.0
2018-01-24 14:11:16.533000,33.15,33.1,33.15,22814132.0
2018-01-24 14:11:19.265000,33.1,33.1,33.15,22818868.0
2018-01-24 14:11:22.083000,33.1,33.1,33.15,22818868.0
2018-01-24 14:11:24.805000,33.1,33.1,33.15,22818868.0
2018-01-24 14:11:27.421000,33.1,33.1,33.15,22818868.0
2018-01-24 14:11:30.007000,33.1,33.1,33.15,22818868.0
2018-01-24 14:11:32.772000,33.1,33.1,33.15,22818868.0
2018-01-24 14:11:35.450000,33.1,33.1,33.15,22818868.0
2018-01-24 14:11:37.926000,33.1,33.1,33.15,22818868.0
2018-01-24 14:11:40.711000,33.1,33.1,33.15,22818868.0
2018-01-24 14:11:43.381000,33.1,33.1,33.15,22818868.0
2018-01-24 14:11:46.291000,33.1,33.1,33.15,22818868.0
2018-01-24 14:11:49.008000,33.1,33.1,33.15,22818868.0
2018-01-24 14:11:51.943000,33.1,33.1,33.15,22818868.0
2018-01-24 14:11:54.743000,33.1,33.1,33.15,22818868.0
2018-01-24 14:11:57.223000,33.1,33.1,33.15,22818868.0
2018-01-24 14:12:00.074000,33.1,33.1,33.15,22818868.0
2018-01-24 14:12:02.567000,33.1,33.1,33.15,22818868.0
2018-01-24 14:12:05.509000,33.1,33.1,33.15,22818868.0
2018-01-24 14:12:08.383000,33.1,33.1,33.15,22818868.0
2018-01-24 14:12:10.930000,33.1,33.1,33.15,22818868.0
2018-01-24 14:12:13.866000,33.1,33.1,33.15,22818868.0
2018-01-24 14:12:16.353000,33.1,33.1,33.15,22818868.0
2018-01-24 14:12:19.052000,33.1,33.1,33.15,22818868.0
2018-01-24 14:12:21.652000,33.1,33.1,33.15,22818868.0
2018-01-24 14:12:24.455000,33.1,33.1,33.15,22818868.0
2018-01-24 14:12:27.194000,33.1,33.1,33.15,22818868.0
2018-01-24 14:12:29.858000,33.1,33.1,33.15,22818868.0
2018-01-24 14:12:32.541000,33.1,33.1,33.15,22818868.0
2018-01-24 14:12:35.120000,33.1,33.1,33.15,22825927.0
2018-01-24 14:12:37.758000,33.1,33.1,33.15,22825927.0
2018-01-24 14:12:40.245000,33.1,33.1,33.15,22825927.0
2018-01-24 14:12:42.883000,33.1,33.1,33.15,22825927.0
2018-01-24 14:12:45.636000,33.1,33.1,33.15,22825927.0
2018-01-24 14:12:48.030000,33.1,33.1,33.15,22825927.0
2018-01-24 14:12:50.502000,33.1,33.1,33.15,22825927.0
2018-01-24 14:12:53.432000,33.1,33.1,33.15,22825927.0
2018-01-24 14:12:56.404000,33.1,33.1,33.15,22825927.0
2018-01-24 14:12:59.283000,33.1,33.1,33.15,22825927.0
2018-01-24 14:13:02.085000,33.1,33.1,33.15,22825927.0
2018-01-24 14:13:05.094000,33.1,33.1,33.15,22825927.0
2018-01-24 14:13:07.689000,33.1,33.1,33.15,22825927.0
2018-01-24 14:13:10.318000,33.1,33.1,33.15,22825927.0
2018-01-24 14:13:13.143000,33.1,33.1,33.15,22825927.0
2018-01-24 14:13:15.727000,33.1,33.1,33.15,22825927.0
2018-01-24 14:13:18.371000,33.1,33.1,33.15,22825927.0
2018-01-24 14:13:21.074000,33.1,33.1,33.15,22825927.0
2018-01-24 14:13:23.946000,33.1,33.1,33.15,22825927.0
2018-01-24 14:13:26.737000,33.1,33.1,33.15,22825927.0
2018-01-24 14:13:29.508000,33.1,33.1,33.15,22825927.0
2018-01-24 14:13:32.257000,33.1,33.1,33.15,22825927.0
2018-01-24 14:13:34.745000,33.1,33.1,33.15,22825927.0
2018-01-24 14:13:38.382000,33.1,33.1,33.15,22825927.0
2018-01-24 14:13:41.625000,33.1,33.1,33.15,22825927.0
2018-01-24 14:13:45.671000,33.1,33.1,33.15,22825927.0
2018-01-24 14:13:50.159000,33.1,33.1,33.15,22825927.0
2018-01-24 14:13:53.470000,33.1,33.1,33.15,22890927.0
2018-01-24 14:13:57.228000,33.1,33.1,33.15,22890927.0
2018-01-24 14:14:00.668000,33.1,33.1,33.15,22890927.0
2018-01-24 14:14:03.929000,33.1,33.1,33.15,22890927.0
2018-01-24 14:14:07.559000,33.1,33.1,33.15,22890927.0
2018-01-24 14:14:09.968000,33.1,33.1,33.15,22890927.0
2018-01-24 14:14:13.259000,33.1,33.1,33.15,22890927.0
2018-01-24 14:14:16.701000,33.1,33.1,33.15,22890927.0
2018-01-24 14:14:20.085000,33.1,33.1,33.15,22890927.0
2018-01-24 14:14:23.326000,33.1,33.1,33.15,22890927.0
2018-01-24 14:14:27.182000,33.1,33.1,33.15,22890927.0
2018-01-24 14:14:30.635000,33.1,33.1,33.15,22890927.0
2018-01-24 14:14:33.856000,33.1,33.1,33.15,22890927.0
2018-01-24 14:14:37.213000,33.15,33.1,33.15,22901927.0
2018-01-24 14:14:40.607000,33.15,33.1,33.15,22901927.0
2018-01-24 14:14:44.108000,33.15,33.1,33.15,22901927.0
2018-01-24 14:14:47.405000,33.15,33.1,33.15,22901927.0
2018-01-24 14:14:50.519000,33.15,33.1,33.15,22901927.0
2018-01-24 14:14:53.635000,33.15,33.1,33.15,22901927.0
2018-01-24 14:14:56.784000,33.15,33.1,33.15,22901927.0
2018-01-24 14:14:59.842000,33.15,33.1,33.15,22901927.0
2018-01-24 14:15:03.322000,33.15,33.1,33.15,22901927.0
2018-01-24 14:15:06.513000,33.15,33.1,33.15,22901927.0
2018-01-24 14:15:09.702000,33.15,33.1,33.15,22901927.0
2018-01-24 14:15:13.657000,33.15,33.1,33.15,22901927.0
2018-01-24 14:15:16.644000,33.15,33.1,33.15,22901927.0
2018-01-24 14:15:21.327000,33.15,33.1,33.15,22929266.0
2018-01-24 14:15:24.687000,33.15,33.1,33.15,22929266.0
2018-01-24 14:15:28.153000,33.15,33.1,33.15,22929266.0
2018-01-24 14:15:31.682000,33.15,33.1,33.15,22929266.0
2018-01-24 14:15:35.045000,33.15,33.1,33.15,22929266.0
2018-01-24 14:15:38.137000,33.15,33.1,33.15,22929266.0
2018-01-24 14:15:41.181000,33.15,33.1,33.15,22929266.0
2018-01-24 14:15:44.394000,33.15,33.1,33.15,22929266.0
2018-01-24 14:15:47.403000,33.15,33.1,33.15,22929266.0
2018-01-24 14:15:50.601000,33.15,33.1,33.15,22929266.0
2018-01-24 14:15:54.039000,33.15,33.1,33.15,22929266.0
2018-01-24 14:15:56.982000,33.15,33.1,33.15,22929266.0
2018-01-24 14:16:00.108000,33.15,33.1,33.15,22929266.0
2018-01-24 14:16:03.622000,33.15,33.1,33.15,22929266.0
2018-01-24 14:16:06.814000,33.15,33.1,33.15,22929266.0
2018-01-24 14:16:10.015000,33.15,33.1,33.15,22929266.0
2018-01-24 14:16:13.452000,33.15,33.1,33.15,22929266.0
2018-01-24 14:16:16.495000,33.15,33.1,33.15,22929266.0
2018-01-24 14:16:19.811000,33.15,33.1,33.15,22929266.0
2018-01-24 14:16:22.736000,33.15,33.1,33.15,22929266.0
2018-01-24 14:16:25.883000,33.15,33.1,33.15,22929266.0
2018-01-24 14:16:29.070000,33.15,33.1,33.15,22929266.0
2018-01-24 14:16:32.340000,33.15,33.1,33.15,22929266.0
2018-01-24 14:16:35.672000,33.15,33.1,33.15,22929266.0
2018-01-24 14:16:39.060000,33.15,33.1,33.15,22929266.0
2018-01-24 14:16:42.295000,33.15,33.1,33.15,22929266.0
2018-01-24 14:16:45.626000,33.15,33.1,33.15,22929266.0
2018-01-24 14:16:48.900000,33.15,33.1,33.15,22929266.0
2018-01-24 14:16:52.139000,33.15,33.1,33.15,22929266.0
2018-01-24 14:16:55.339000,33.1,33.1,33.15,23029766.0
2018-01-24 14:16:58.360000,33.1,33.1,33.15,23029766.0
2018-01-24 14:17:01.488000,33.1,33.1,33.15,23029766.0
2018-01-24 14:17:05.206000,33.1,33.1,33.15,23029766.0
2018-01-24 14:17:08.608000,33.1,33.1,33.15,23029766.0
2018-01-24 14:17:11.753000,33.1,33.1,33.15,23029766.0
2018-01-24 14:17:15.078000,33.1,33.1,33.15,23029766.0
2018-01-24 14:17:18.547000,33.1,33.1,33.15,23029766.0
2018-01-24 14:17:22.294000,33.1,33.1,33.15,23029766.0
2018-01-24 14:17:25.753000,33.1,33.1,33.15,23029766.0
2018-01-24 14:17:28.924000,33.1,33.1,33.15,23029766.0
2018-01-24 14:17:32.294000,33.1,33.1,33.15,23029766.0
2018-01-24 14:17:35.470000,33.1,33.1,33.15,23029766.0
2018-01-24 14:17:38.751000,33.1,33.1,33.15,23029766.0
2018-01-24 14:17:42.192000,33.1,33.1,33.15,23029766.0
2018-01-24 14:17:45.372000,33.1,33.1,33.15,23031766.0
2018-01-24 14:17:48.611000,33.1,33.1,33.15,23031766.0
2018-01-24 14:17:53.001000,33.1,33.1,33.15,23031766.0
2018-01-24 14:17:56.333000,33.1,33.1,33.15,23031766.0
2018-01-24 14:17:59.566000,33.1,33.1,33.15,23031766.0
2018-01-24 14:18:02.845000,33.1,33.1,33.15,23031766.0
2018-01-24 14:18:06.120000,33.1,33.1,33.15,23031766.0
2018-01-24 14:18:09.253000,33.1,33.1,33.15,23031766.0
2018-01-24 14:18:12.624000,33.1,33.1,33.15,23031766.0
2018-01-24 14:18:16.003000,33.1,33.1,33.15,23031766.0
2018-01-24 14:18:19.969000,33.1,33.1,33.15,23031766.0
2018-01-24 14:18:23.265000,33.1,33.1,33.15,23031766.0
2018-01-24 14:18:26.457000,33.1,33.1,33.15,23031766.0
2018-01-24 14:18:29.595000,33.1,33.1,33.15,23031766.0
2018-01-24 14:18:32.876000,33.1,33.1,33.15,23031766.0
2018-01-24 14:18:36.192000,33.1,33.1,33.15,23031766.0
2018-01-24 14:18:39.503000,33.1,33.1,33.15,23031766.0
2018-01-24 14:18:42.768000,33.1,33.1,33.15,23031766.0
2018-01-24 14:18:45.927000,33.1,33.1,33.15,23031766.0
2018-01-24 14:18:49.432000,33.1,33.1,33.15,23031766.0
2018-01-24 14:18:52.939000,33.1,33.1,33.15,23031766.0
2018-01-24 14:18:56.136000,33.1,33.1,33.15,23031766.0
2018-01-24 14:19:00.609000,33.1,33.1,33.15,23031766.0
2018-01-24 14:19:03.923000,33.1,33.1,33.15,23031766.0
2018-01-24 14:19:07.200000,33.1,33.1,33.15,23031766.0
2018-01-24 14:19:10.488000,33.1,33.1,33.15,23031766.0
2018-01-24 14:19:13.736000,33.1,33.1,33.15,23031766.0
2018-01-24 14:19:17.115000,33.1,33.1,33.15,23036266.0
2018-01-24 14:19:20.311000,33.1,33.1,33.15,23036266.0
2018-01-24 14:19:23.736000,33.1,33.1,33.15,23036266.0
2018-01-24 14:19:27.006000,33.1,33.1,33.15,23036266.0
2018-01-24 14:19:30.668000,33.1,33.1,33.15,23036266.0
2018-01-24 14:19:34.050000,33.1,33.1,33.15,23036266.0
2018-01-24 14:19:37.470000,33.1,33.1,33.15,23036266.0
2018-01-24 14:19:40.599000,33.1,33.1,33.15,23036266.0
2018-01-24 14:19:43.922000,33.1,33.1,33.15,23036266.0
2018-01-24 14:19:47.020000,33.1,33.1,33.15,23036266.0
2018-01-24 14:19:50.413000,33.1,33.1,33.15,23036266.0
2018-01-24 14:19:53.644000,33.1,33.1,33.15,23036266.0
2018-01-24 14:19:56.854000,33.1,33.1,33.15,23036266.0
2018-01-24 14:20:00.036000,33.1,33.1,33.15,23036266.0
2018-01-24 14:20:03.378000,33.1,33.1,33.15,23036266.0
2018-01-24 14:20:06.944000,33.1,33.1,33.15,23036266.0
2018-01-24 14:20:10.026000,33.1,33.1,33.15,23036266.0
2018-01-24 14:20:13.174000,33.1,33.1,33.15,23036266.0
2018-01-24 14:20:16.388000,33.1,33.1,33.15,23036266.0
2018-01-24 14:20:19.773000,33.1,33.1,33.15,23036266.0
2018-01-24 14:20:22.924000,33.1,33.1,33.15,23038266.0
2018-01-24 14:20:26.246000,33.1,33.1,33.15,23038266.0
2018-01-24 14:20:29.582000,33.1,33.1,33.15,23038266.0
2018-01-24 14:20:32.880000,33.1,33.1,33.15,23038266.0
2018-01-24 14:20:36.352000,33.1,33.1,33.15,23038266.0
2018-01-24 14:20:41.008000,33.1,33.1,33.15,23038266.0
2018-01-24 14:20:44.036000,33.1,33.1,33.15,23038266.0
2018-01-24 14:20:47.070000,33.1,33.1,33.15,23038266.0
2018-01-24 14:20:50.632000,33.1,33.1,33.15,23038266.0
2018-01-24 14:20:54.927000,33.1,33.1,33.15,23038266.0
2018-01-24 14:20:58.035000,33.1,33.1,33.15,23038266.0
2018-01-24 14:21:01.070000,33.1,33.1,33.15,23038266.0
2018-01-24 14:21:04.165000,33.1,33.1,33.15,23038266.0
2018-01-24 14:21:07.503000,33.1,33.1,33.15,23038266.0
2018-01-24 14:21:10.711000,33.1,33.1,33.15,23038266.0
2018-01-24 14:21:13.920000,33.1,33.1,33.15,23042266.0
2018-01-24 14:21:16.969000,33.1,33.1,33.15,23042266.0
2018-01-24 14:21:20.131000,33.1,33.1,33.15,23042266.0
2018-01-24 14:21:23.131000,33.1,33.1,33.15,23042266.0
2018-01-24 14:21:26.122000,33.1,33.1,33.15,23042266.0
2018-01-24 14:21:29.399000,33.1,33.1,33.15,23042266.0
2018-01-24 14:21:32.412000,33.1,33.1,33.15,23042266.0
2018-01-24 14:21:35.487000,33.1,33.1,33.15,23042266.0
2018-01-24 14:21:38.634000,33.1,33.1,33.15,23042266.0
2018-01-24 14:21:41.787000,33.1,33.1,33.15,23042266.0
2018-01-24 14:21:46.463000,33.1,33.1,33.15,23042266.0
2018-01-24 14:21:52.610000,33.1,33.1,33.15,23042266.0
2018-01-24 14:21:57.086000,33.1,33.1,33.15,23042266.0
2018-01-24 14:22:00.831000,33.1,33.1,33.15,23042266.0
2018-01-24 14:22:04.773000,33.1,33.1,33.15,23042266.0
2018-01-24 14:22:12.914000,33.1,33.1,33.15,23042266.0
2018-01-24 14:22:22.975000,33.1,33.1,33.15,23052266.0
2018-01-24 14:22:26.811000,33.1,33.1,33.15,23052266.0
2018-01-24 14:22:35.636000,33.1,33.1,33.15,23052266.0
2018-01-24 14:22:39.071000,33.1,33.1,33.15,23052266.0
2018-01-24 14:22:42.473000,33.1,33.1,33.15,23052266.0
2018-01-24 14:22:45.716000,33.1,33.1,33.15,23052266.0
2018-01-24 14:22:49.053000,33.1,33.1,33.15,23052266.0
2018-01-24 14:22:52.309000,33.1,33.1,33.15,23052266.0
2018-01-24 14:22:55.558000,33.1,33.1,33.15,23052266.0
2018-01-24 14:22:58.913000,33.1,33.1,33.15,23052266.0
2018-01-24 14:23:01.778000,33.1,33.1,33.15,23052266.0
2018-01-24 14:23:04.647000,33.1,33.1,33.15,23052266.0
2018-01-24 14:23:07.899000,33.1,33.1,33.15,23052266.0
2018-01-24 14:23:10.624000,33.1,33.1,33.15,23052266.0
2018-01-24 14:23:13.456000,33.1,33.1,33.15,23052266.0
2018-01-24 14:23:16.402000,33.1,33.1,33.15,23052266.0
2018-01-24 14:23:19.454000,33.1,33.1,33.15,23052266.0
2018-01-24 14:23:23.935000,33.1,33.1,33.15,23052266.0
2018-01-24 14:23:27.377000,33.1,33.1,33.15,23052266.0
2018-01-24 14:23:30.493000,33.1,33.1,33.15,23052266.0
2018-01-24 14:23:33.742000,33.1,33.1,33.15,23052266.0
2018-01-24 14:23:36.965000,33.1,33.1,33.15,23052266.0
2018-01-24 14:23:40.197000,33.1,33.1,33.15,23052266.0
2018-01-24 14:24:05.987000,33.1,33.1,33.15,23052266.0
2018-01-24 14:24:23.089000,33.1,33.1,33.15,23067266.0
2018-01-24 14:24:53.088000,33.1,33.1,33.15,23067266.0
2018-01-24 14:24:56.032000,33.1,33.1,33.15,23068266.0
2018-01-24 14:24:59.026000,33.1,33.1,33.15,23068266.0
2018-01-24 14:25:02.295000,33.1,33.1,33.15,23068266.0
2018-01-24 14:25:05.536000,33.1,33.1,33.15,23068266.0
2018-01-24 14:25:08.998000,33.1,33.1,33.15,23068266.0
2018-01-24 14:25:12.552000,33.1,33.1,33.15,23068266.0
2018-01-24 14:25:15.700000,33.1,33.1,33.15,23068266.0
2018-01-24 14:25:18.824000,33.1,33.1,33.15,23068266.0
2018-01-24 14:25:23.182000,33.1,33.1,33.15,23068266.0
2018-01-24 14:25:26.759000,33.1,33.1,33.15,23068266.0
2018-01-24 14:25:29.711000,33.1,33.1,33.15,23068266.0
2018-01-24 14:25:32.681000,33.1,33.1,33.15,23068266.0
2018-01-24 14:25:35.856000,33.1,33.1,33.15,23068266.0
2018-01-24 14:25:38.716000,33.1,33.1,33.15,23068266.0
2018-01-24 14:25:42.054000,33.1,33.1,33.15,23068266.0
2018-01-24 14:25:45.214000,33.1,33.1,33.15,23068266.0
2018-01-24 14:25:48.598000,33.1,33.1,33.15,23068266.0
2018-01-24 14:25:51.824000,33.1,33.1,33.15,23068266.0
2018-01-24 14:25:54.904000,33.1,33.1,33.15,23068266.0
2018-01-24 14:25:57.973000,33.1,33.1,33.15,23068266.0
2018-01-24 14:26:01.129000,33.1,33.1,33.15,23068266.0
2018-01-24 14:26:04.357000,33.1,33.1,33.15,23068266.0
2018-01-24 14:26:07.443000,33.1,33.1,33.15,23068266.0
2018-01-24 14:26:10.923000,33.1,33.1,33.15,23068266.0
2018-01-24 14:26:13.730000,33.1,33.1,33.15,23068266.0
2018-01-24 14:26:16.968000,33.1,33.1,33.15,23068266.0
2018-01-24 14:26:20.247000,33.1,33.1,33.15,23068266.0
2018-01-24 14:26:23.137000,33.1,33.1,33.15,23068266.0
2018-01-24 14:26:26.293000,33.1,33.1,33.15,23068266.0
2018-01-24 14:26:29.407000,33.1,33.1,33.15,23068266.0
2018-01-24 14:26:32.411000,33.1,33.1,33.15,23068266.0
2018-01-24 14:26:35.390000,33.1,33.1,33.15,23072222.0
2018-01-24 14:26:38.376000,33.1,33.1,33.15,23072222.0
2018-01-24 14:26:41.493000,33.1,33.1,33.15,23072222.0
2018-01-24 14:26:44.547000,33.1,33.1,33.15,23072222.0
2018-01-24 14:26:47.739000,33.1,33.1,33.15,23072222.0
2018-01-24 14:26:50.751000,33.1,33.1,33.15,23072222.0
2018-01-24 14:26:53.734000,33.1,33.1,33.15,23072222.0
2018-01-24 14:26:57.144000,33.1,33.1,33.15,23072222.0
2018-01-24 14:27:00.307000,33.1,33.1,33.15,23072222.0
2018-01-24 14:27:03.360000,33.1,33.1,33.15,23072222.0
2018-01-24 14:27:06.410000,33.1,33.1,33.15,23072222.0
2018-01-24 14:27:09.639000,33.1,33.1,33.15,23072222.0
2018-01-24 14:27:12.799000,33.1,33.1,33.15,23072222.0
2018-01-24 14:27:15.690000,33.1,33.1,33.15,23072222.0
2018-01-24 14:27:18.813000,33.1,33.1,33.15,23072222.0
2018-01-24 14:27:22.058000,33.1,33.1,33.15,23072222.0
2018-01-24 14:27:25.356000,33.1,33.1,33.15,23072222.0
2018-01-24 14:27:28.752000,33.1,33.1,33.15,23072222.0
2018-01-24 14:27:31.648000,33.1,33.1,33.15,23072222.0
2018-01-24 14:27:34.806000,33.1,33.1,33.15,23072222.0
2018-01-24 14:27:37.778000,33.1,33.1,33.15,23072222.0
2018-01-24 14:27:41.079000,33.1,33.1,33.15,23072222.0
2018-01-24 14:27:43.955000,33.1,33.1,33.15,23072222.0
2018-01-24 14:27:47.177000,33.1,33.1,33.15,23072222.0
2018-01-24 14:27:50.202000,33.1,33.1,33.15,23072222.0
2018-01-24 14:27:53.344000,33.1,33.1,33.15,23072222.0
2018-01-24 14:27:56.535000,33.1,33.1,33.15,23072222.0
2018-01-24 14:28:00.331000,33.1,33.1,33.15,23072222.0
2018-01-24 14:28:04.030000,33.1,33.1,33.15,23072222.0
2018-01-24 14:28:07.143000,33.1,33.1,33.15,23072222.0
2018-01-24 14:28:10.206000,33.1,33.1,33.15,23072222.0
2018-01-24 14:28:13.344000,33.15,33.1,33.15,23077722.0
2018-01-24 14:28:16.507000,33.15,33.1,33.15,23077722.0
2018-01-24 14:28:19.449000,33.15,33.1,33.15,23077722.0
2018-01-24 14:28:22.421000,33.15,33.1,33.15,23077722.0
2018-01-24 14:28:25.787000,33.15,33.1,33.15,23077722.0
2018-01-24 14:28:29.045000,33.15,33.1,33.15,23077722.0
2018-01-24 14:28:32.536000,33.15,33.1,33.15,23077722.0
2018-01-24 14:28:35.643000,33.15,33.1,33.15,23077722.0
2018-01-24 14:28:38.689000,33.15,33.1,33.15,23077722.0
2018-01-24 14:28:41.755000,33.15,33.1,33.15,23077722.0
2018-01-24 14:28:44.719000,33.15,33.1,33.15,23077722.0
2018-01-24 14:28:48.044000,33.15,33.1,33.15,23077722.0
2018-01-24 14:28:51.111000,33.15,33.1,33.15,23077722.0
2018-01-24 14:28:54.064000,33.15,33.1,33.15,23077722.0
2018-01-24 14:28:57.031000,33.15,33.1,33.15,23077722.0
2018-01-24 14:29:00.317000,33.15,33.1,33.15,23077722.0
2018-01-24 14:29:03.375000,33.15,33.1,33.15,23077722.0
2018-01-24 14:29:06.554000,33.15,33.1,33.15,23077722.0
2018-01-24 14:29:09.657000,33.15,33.1,33.15,23077722.0
2018-01-24 14:29:12.707000,33.15,33.1,33.15,23077722.0
2018-01-24 14:29:15.674000,33.1,33.1,33.15,23084222.0
2018-01-24 14:29:18.640000,33.1,33.1,33.15,23084222.0
2018-01-24 14:29:21.632000,33.1,33.1,33.15,23084222.0
2018-01-24 14:29:24.788000,33.1,33.1,33.15,23084222.0
2018-01-24 14:29:27.869000,33.1,33.1,33.15,23084222.0
2018-01-24 14:29:31.033000,33.1,33.1,33.15,23084222.0
2018-01-24 14:29:34.064000,33.1,33.1,33.15,23084222.0
2018-01-24 14:29:37.173000,33.1,33.1,33.15,23084222.0
2018-01-24 14:29:40.271000,33.1,33.1,33.15,23084222.0
2018-01-24 14:29:43.370000,33.1,33.1,33.15,23084222.0
2018-01-24 14:29:46.522000,33.1,33.1,33.15,23084222.0
2018-01-24 14:29:49.549000,33.1,33.1,33.15,23084222.0
2018-01-24 14:29:52.647000,33.1,33.1,33.15,23084222.0
2018-01-24 14:29:55.745000,33.1,33.1,33.15,23084222.0
2018-01-24 14:29:58.925000,33.1,33.1,33.15,23084222.0
2018-01-24 14:30:01.866000,33.1,33.1,33.15,23084222.0
2018-01-24 14:30:05.130000,33.1,33.1,33.15,23084222.0
2018-01-24 14:30:08.349000,33.1,33.1,33.15,23084222.0
2018-01-24 14:30:11.243000,33.1,33.1,33.15,23084222.0
2018-01-24 14:30:14.382000,33.1,33.1,33.15,23084222.0
2018-01-24 14:30:17.512000,33.1,33.1,33.15,23103622.0
2018-01-24 14:30:20.537000,33.1,33.1,33.15,23103622.0
2018-01-24 14:30:23.596000,33.1,33.1,33.15,23103622.0
2018-01-24 14:30:26.427000,33.1,33.1,33.15,23103622.0
2018-01-24 14:30:29.538000,33.1,33.1,33.15,23103622.0
2018-01-24 14:30:32.558000,33.1,33.1,33.15,23103622.0
2018-01-24 14:30:35.669000,33.1,33.1,33.15,23103622.0
2018-01-24 14:30:38.909000,33.1,33.1,33.15,23103622.0
2018-01-24 14:30:42.052000,33.1,33.1,33.15,23103622.0
2018-01-24 14:30:45.318000,33.1,33.1,33.15,23103622.0
2018-01-24 14:30:49.440000,33.1,33.1,33.15,23103622.0
2018-01-24 14:30:52.625000,33.1,33.1,33.15,23103622.0
2018-01-24 14:30:55.726000,33.1,33.1,33.15,23103622.0
2018-01-24 14:30:58.908000,33.1,33.1,33.15,23103622.0
2018-01-24 14:31:02.130000,33.1,33.1,33.15,23103622.0
2018-01-24 14:31:11.302000,33.1,33.1,33.15,23103622.0
2018-01-24 14:31:23.055000,33.1,33.1,33.15,23103622.0
2018-01-24 14:31:27.747000,33.15,33.1,33.15,23138122.0
2018-01-24 14:31:31.171000,33.15,33.1,33.15,23138122.0
2018-01-24 14:31:34.739000,33.15,33.1,33.15,23138122.0
2018-01-24 14:31:38.102000,33.15,33.1,33.15,23138122.0
