time,price,bid,ask,volume
2018-01-26 13:01:21.151000,33.3,33.3,33.35,25532698.0
2018-01-26 13:01:23.946000,33.3,33.3,33.35,25532698.0
2018-01-26 13:01:26.628000,33.3,33.3,33.35,25532698.0
2018-01-26 13:01:29.545000,33.3,33.3,33.35,25532698.0
2018-01-26 13:01:32.205000,33.3,33.3,33.35,25532698.0
2018-01-26 13:01:35.072000,33.3,33.3,33.35,25532698.0
2018-01-26 13:01:37.836000,33.3,33.3,33.35,25532698.0
2018-01-26 13:01:40.408000,33.3,33.3,33.35,25532698.0
2018-01-26 13:01:42.934000,33.3,33.3,33.35,25532698.0
2018-01-26 13:01:45.546000,33.3,33.3,33.35,25532698.0
2018-01-26 13:01:48.135000,33.3,33.3,33.35,25532698.0
2018-01-26 13:01:50.806000,33.3,33.3,33.35,25532698.0
2018-01-26 13:01:53.602000,33.3,33.3,33.35,25532698.0
2018-01-26 13:01:56.214000,33.3,33.25,33.3,25735758.0
2018-01-26 13:01:58.886000,33.3,33.25,33.3,25735758.0
2018-01-26 13:02:01.652000,33.3,33.25,33.3,25735758.0
2018-01-26 13:02:04.075000,33.3,33.25,33.3,25735758.0
2018-01-26 13:02:06.883000,33.3,33.25,33.3,25735758.0
2018-01-26 13:02:09.481000,33.3,33.25,33.3,25735758.0
2018-01-26 13:02:12.117000,33.3,33.25,33.3,25735758.0
2018-01-26 13:02:14.857000,33.3,33.25,33.3,25735758.0
2018-01-26 13:02:17.744000,33.3,33.25,33.3,25735758.0
2018-01-26 13:02:20.552000,33.3,33.25,33.3,25735758.0
2018-01-26 13:02:23.303000,33.3,33.25,33.3,25735758.0
2018-01-26 13:02:25.995000,33.3,33.25,33.3,25735758.0
2018-01-26 13:02:28.650000,33.3,33.25,33.3,25735758.0
2018-01-26 13:02:31.664000,33.3,33.25,33.3,25735758.0
2018-01-26 13:02:35.061000,33.3,33.25,33.3,25735758.0
2018-01-26 13:02:37.729000,33.3,33.25,33.3,25735758.0
2018-01-26 13:02:40.513000,33.3,33.25,33.3,25735758.0
2018-01-26 13:02:43.198000,33.3,33.25,33.3,25735758.0
2018-01-26 13:02:45.919000,33.3,33.25,33.3,25735758.0
2018-01-26 13:02:48.682000,33.3,33.25,33.3,25735758.0
2018-01-26 13:02:51.432000,33.3,33.25,33.3,25735758.0
2018-01-26 13:02:54.115000,33.3,33.25,33.3,25735758.0
2018-01-26 13:02:56.924000,33.3,33.25,33.3,25735758.0
2018-01-26 13:02:59.683000,33.3,33.25,33.3,25737127.0
2018-01-26 13:03:02.281000,33.3,33.25,33.3,25737127.0
2018-01-26 13:03:04.855000,33.3,33.25,33.3,25737127.0
2018-01-26 13:03:07.792000,33.3,33.25,33.3,25737127.0
2018-01-26 13:03:13.495000,33.3,33.25,33.3,25737127.0
2018-01-26 13:03:16.280000,33.3,33.25,33.3,25737127.0
2018-01-26 13:03:19.437000,33.3,33.25,33.3,25737127.0
2018-01-26 13:03:22.428000,33.3,33.25,33.3,25737127.0
2018-01-26 13:03:25.155000,33.3,33.25,33.3,25737127.0
2018-01-26 13:03:28.324000,33.3,33.25,33.3,25737127.0
2018-01-26 13:03:31.034000,33.3,33.25,33.3,25737127.0
2018-01-26 13:03:33.639000,33.3,33.25,33.3,25737127.0
2018-01-26 13:03:36.408000,33.3,33.25,33.3,25737127.0
2018-01-26 13:03:39.065000,33.25,33.2,33.3,25982627.0
2018-01-26 13:03:41.663000,33.25,33.2,33.3,25982627.0
2018-01-26 13:03:44.827000,33.25,33.2,33.3,25982627.0
2018-01-26 13:03:48.090000,33.25,33.2,33.3,25982627.0
2018-01-26 13:03:50.870000,33.25,33.2,33.3,25982627.0
2018-01-26 13:03:53.763000,33.25,33.2,33.3,25982627.0
2018-01-26 13:03:56.365000,33.25,33.2,33.3,25982627.0
2018-01-26 13:03:58.952000,33.25,33.2,33.3,25982627.0
2018-01-26 13:04:01.549000,33.25,33.2,33.3,25982627.0
2018-01-26 13:04:04.153000,33.25,33.2,33.3,25982627.0
2018-01-26 13:04:06.782000,33.25,33.2,33.3,25982627.0
2018-01-26 13:04:10.125000,33.25,33.2,33.3,25982627.0
2018-01-26 13:04:12.686000,33.25,33.2,33.3,25982627.0
2018-01-26 13:04:15.479000,33.25,33.2,33.3,25982627.0
2018-01-26 13:04:18.123000,33.25,33.2,33.3,26085127.0
2018-01-26 13:04:20.675000,33.25,33.2,33.3,26085127.0
2018-01-26 13:04:23.374000,33.25,33.2,33.3,26085127.0
2018-01-26 13:04:25.893000,33.25,33.2,33.3,26085127.0
2018-01-26 13:04:28.661000,33.25,33.2,33.3,26085127.0
2018-01-26 13:04:31.422000,33.25,33.2,33.3,26085127.0
2018-01-26 13:04:34.092000,33.25,33.2,33.3,26085127.0
2018-01-26 13:04:36.728000,33.25,33.2,33.3,26085127.0
2018-01-26 13:04:39.359000,33.25,33.2,33.3,26085127.0
2018-01-26 13:04:41.922000,33.25,33.2,33.3,26085127.0
2018-01-26 13:04:44.813000,33.25,33.2,33.3,26085127.0
2018-01-26 13:04:47.436000,33.25,33.2,33.3,26085127.0
2018-01-26 13:04:50.875000,33.25,33.2,33.3,26085127.0
2018-01-26 13:04:53.286000,,,,
2018-01-26 13:04:56.168000,33.25,33.2,33.3,26085127.0
2018-01-26 13:04:58.577000,,,,
2018-01-26 13:05:01.559000,33.25,33.2,33.3,26085127.0
2018-01-26 13:05:04.393000,33.25,33.2,33.3,26085127.0
2018-01-26 13:05:08.091000,33.25,33.2,33.3,26085127.0
2018-01-26 13:05:10.668000,33.25,33.2,33.3,26085127.0
2018-01-26 13:05:13.344000,33.25,33.2,33.3,26085127.0
2018-01-26 13:05:15.861000,33.25,33.2,33.3,26085127.0
2018-01-26 13:05:18.389000,33.25,33.2,33.3,26085127.0
2018-01-26 13:05:20.923000,33.25,33.2,33.3,26085127.0
2018-01-26 13:05:23.706000,33.25,33.2,33.3,26085127.0
2018-01-26 13:05:26.392000,33.25,33.2,33.3,26085127.0
2018-01-26 13:05:29.123000,33.25,33.2,33.3,26085127.0
2018-01-26 13:05:33.687000,33.25,33.2,33.3,26085127.0
2018-01-26 13:05:36.537000,33.3,33.25,33.3,26093987.0
2018-01-26 13:05:39.172000,33.3,33.25,33.3,26093987.0
2018-01-26 13:05:41.802000,33.3,33.25,33.3,26093987.0
2018-01-26 13:05:47.189000,33.3,33.25,33.3,26093987.0
2018-01-26 13:05:49.876000,33.3,33.25,33.3,26093987.0
2018-01-26 13:05:54.537000,33.3,33.25,33.3,26093987.0
2018-01-26 13:05:58.441000,33.3,33.25,33.3,26093987.0
2018-01-26 13:06:01.525000,33.3,33.25,33.3,26093987.0
2018-01-26 13:06:05.003000,33.3,33.25,33.3,26093987.0
2018-01-26 13:06:07.798000,33.3,33.25,33.3,26093987.0
2018-01-26 13:06:10.607000,33.3,33.25,33.3,26093987.0
2018-01-26 13:06:13.438000,33.3,33.25,33.3,26093987.0
2018-01-26 13:06:16.442000,33.3,33.25,33.3,26093987.0
2018-01-26 13:06:19.300000,33.3,33.25,33.3,26093987.0
2018-01-26 13:06:22.315000,33.3,33.25,33.3,26093987.0
2018-01-26 13:06:25.191000,33.3,33.25,33.3,26093987.0
2018-01-26 13:06:28.017000,33.3,33.25,33.3,26093987.0
2018-01-26 13:06:30.710000,33.3,33.25,33.3,26093987.0
2018-01-26 13:06:34.053000,33.3,33.25,33.3,26093987.0
2018-01-26 13:06:36.896000,33.3,33.25,33.3,26093987.0
2018-01-26 13:06:39.740000,33.3,33.25,33.3,26093987.0
2018-01-26 13:06:43.173000,33.3,33.25,33.3,26093987.0
2018-01-26 13:06:46.008000,33.3,33.25,33.3,26093987.0
2018-01-26 13:06:48.741000,33.3,33.25,33.3,26093987.0
2018-01-26 13:06:51.632000,33.3,33.25,33.3,26093987.0
2018-01-26 13:06:54.337000,33.3,33.25,33.3,26093987.0
2018-01-26 13:06:57.116000,33.3,33.25,33.3,26093987.0
2018-01-26 13:06:59.997000,33.3,33.25,33.3,26093987.0
2018-01-26 13:07:02.878000,33.3,33.25,33.3,26117987.0
2018-01-26 13:07:05.700000,33.3,33.25,33.3,26117987.0
2018-01-26 13:07:09.072000,33.3,33.25,33.3,26117987.0
2018-01-26 13:07:11.900000,33.3,33.25,33.3,26117987.0
2018-01-26 13:07:14.972000,33.3,33.25,33.3,26117987.0
2018-01-26 13:07:17.876000,33.3,33.25,33.3,26117987.0
2018-01-26 13:07:20.638000,33.3,33.25,33.3,26117987.0
2018-01-26 13:07:23.821000,33.3,33.25,33.3,26117987.0
2018-01-26 13:07:26.807000,33.3,33.25,33.3,26117987.0
2018-01-26 13:07:29.743000,33.3,33.25,33.3,26117987.0
2018-01-26 13:07:32.465000,33.3,33.25,33.3,26117987.0
2018-01-26 13:07:35.441000,33.35,33.3,33.35,26334987.0
2018-01-26 13:07:38.274000,33.35,33.3,33.4,26390987.0
2018-01-26 13:07:42.941000,33.35,33.3,33.4,26390987.0
2018-01-26 13:07:46.217000,33.35,33.3,33.4,26390987.0
2018-01-26 13:07:49.585000,33.35,33.3,33.4,26390987.0
2018-01-26 13:07:52.941000,33.35,33.3,33.4,26390987.0
2018-01-26 13:07:57.474000,33.35,33.35,33.4,28052987.0
2018-01-26 13:08:01.069000,33.35,33.35,33.4,28052987.0
2018-01-26 13:08:04.592000,33.35,33.35,33.4,28052987.0
2018-01-26 13:08:07.586000,33.35,33.35,33.4,28052987.0
2018-01-26 13:08:10.956000,33.35,33.35,33.4,28052987.0
2018-01-26 13:08:14.522000,33.35,33.35,33.4,28052987.0
2018-01-26 13:08:17.881000,33.35,33.35,33.4,28052987.0
2018-01-26 13:08:21.241000,33.35,33.35,33.4,28052987.0
2018-01-26 13:08:24.584000,33.35,33.35,33.4,28052987.0
2018-01-26 13:08:27.987000,33.35,33.35,33.4,28052987.0
2018-01-26 13:08:31.228000,33.35,33.35,33.4,28052987.0
2018-01-26 13:08:34.209000,33.35,33.35,33.4,28052987.0
2018-01-26 13:08:37.414000,33.35,33.3,33.4,29813487.0
2018-01-26 13:08:40.957000,33.35,33.3,33.4,29813487.0
2018-01-26 13:08:44.184000,33.35,33.3,33.4,29813487.0
2018-01-26 13:08:47.494000,33.35,33.3,33.4,29813487.0
2018-01-26 13:08:50.832000,33.35,33.3,33.4,29813487.0
2018-01-26 13:08:54.015000,33.35,33.3,33.4,29813487.0
2018-01-26 13:08:57.412000,33.35,33.3,33.4,29813487.0
2018-01-26 13:09:00.570000,33.35,33.3,33.4,29813487.0
2018-01-26 13:09:05.446000,33.35,33.3,33.4,29813487.0
2018-01-26 13:09:09.025000,33.35,33.3,33.4,29813487.0
2018-01-26 13:09:12.335000,33.35,33.3,33.4,29813487.0
2018-01-26 13:09:15.523000,33.35,33.3,33.4,29813487.0
2018-01-26 13:09:18.785000,33.35,33.3,33.4,29813487.0
2018-01-26 13:09:22.649000,33.35,33.3,33.4,29970487.0
2018-01-26 13:09:25.893000,33.35,33.3,33.4,29970487.0
2018-01-26 13:09:29.302000,33.35,33.3,33.4,29970487.0
2018-01-26 13:09:33.082000,33.35,33.3,33.4,29970487.0
2018-01-26 13:09:36.273000,33.35,33.3,33.4,29970487.0
2018-01-26 13:09:39.461000,33.35,33.3,33.4,29970487.0
2018-01-26 13:09:42.852000,33.35,33.3,33.4,29970487.0
2018-01-26 13:09:45.978000,33.35,33.3,33.4,29970487.0
2018-01-26 13:09:49.477000,33.35,33.3,33.4,29970487.0
2018-01-26 13:09:52.892000,33.35,33.3,33.4,29970487.0
2018-01-26 13:09:56.149000,33.35,33.3,33.4,29970487.0
2018-01-26 13:09:59.528000,33.35,33.3,33.4,29970487.0
2018-01-26 13:10:02.876000,33.35,33.3,33.4,29970487.0
2018-01-26 13:10:06.196000,33.35,33.3,33.4,29970487.0
2018-01-26 13:10:09.477000,33.35,33.3,33.4,29970487.0
2018-01-26 13:10:13.084000,33.35,33.3,33.4,29970487.0
2018-01-26 13:10:16.432000,33.35,33.3,33.4,29970487.0
2018-01-26 13:10:19.825000,33.35,33.3,33.4,29970487.0
2018-01-26 13:10:23.208000,33.35,33.3,33.4,29970487.0
2018-01-26 13:10:26.877000,33.35,33.3,33.4,29970487.0
2018-01-26 13:10:30.031000,33.35,33.3,33.4,29970487.0
2018-01-26 13:10:33.368000,33.35,33.35,33.4,29981607.0
2018-01-26 13:10:36.478000,33.35,33.35,33.4,29981607.0
2018-01-26 13:10:39.653000,33.35,33.35,33.4,29981607.0
2018-01-26 13:10:42.689000,33.35,33.35,33.4,29981607.0
2018-01-26 13:10:46.261000,33.35,33.35,33.4,29981607.0
2018-01-26 13:10:49.712000,33.35,33.35,33.4,29981607.0
2018-01-26 13:10:53.180000,33.35,33.35,33.4,29981607.0
2018-01-26 13:10:56.317000,33.35,33.35,33.4,29981607.0
2018-01-26 13:10:59.797000,33.35,33.35,33.4,29981607.0
2018-01-26 13:11:03.104000,33.35,33.35,33.4,29981607.0
2018-01-26 13:11:06.244000,33.35,33.35,33.4,29981607.0
2018-01-26 13:11:09.509000,33.35,33.35,33.4,29981607.0
2018-01-26 13:11:12.971000,33.35,33.35,33.4,29981607.0
2018-01-26 13:11:16.365000,33.35,33.35,33.4,29981607.0
2018-01-26 13:11:19.777000,33.35,33.35,33.4,29981607.0
2018-01-26 13:11:23.104000,33.35,33.35,33.4,29981607.0
2018-01-26 13:11:26.242000,33.35,33.35,33.4,29981607.0
2018-01-26 13:11:29.270000,33.35,33.35,33.4,29981607.0
2018-01-26 13:11:32.612000,33.35,33.35,33.4,29981607.0
2018-01-26 13:11:35.691000,33.35,33.35,33.4,29996607.0
2018-01-26 13:11:39.020000,33.35,33.35,33.4,29996607.0
2018-01-26 13:11:42.627000,33.35,33.35,33.4,29996607.0
2018-01-26 13:11:45.824000,33.35,33.35,33.4,29996607.0
2018-01-26 13:11:48.790000,33.35,33.35,33.4,29996607.0
2018-01-26 13:11:52.077000,33.35,33.35,33.4,29996607.0
2018-01-26 13:11:55.208000,33.35,33.35,33.4,29996607.0
2018-01-26 13:11:58.508000,33.35,33.35,33.4,29996607.0
2018-01-26 13:12:01.725000,33.35,33.35,33.4,29996607.0
2018-01-26 13:12:04.980000,33.35,33.35,33.4,29996607.0
2018-01-26 13:12:08.620000,33.35,33.35,33.4,29996607.0
2018-01-26 13:12:11.980000,33.35,33.35,33.4,29996607.0
2018-01-26 13:12:15.105000,33.35,33.35,33.4,29996607.0
2018-01-26 13:12:18.398000,33.35,33.35,33.4,29996607.0
2018-01-26 13:12:21.904000,33.35,33.35,33.4,29996607.0
2018-01-26 13:12:25.292000,33.35,33.35,33.4,29996607.0
2018-01-26 13:12:28.573000,33.35,33.35,33.4,29996607.0
2018-01-26 13:12:31.914000,33.35,33.35,33.4,29996607.0
2018-01-26 13:12:35.406000,33.35,33.35,33.4,29996607.0
2018-01-26 13:12:38.556000,33.35,33.35,33.4,29996607.0
2018-01-26 13:12:41.944000,33.35,33.35,33.4,29996607.0
2018-01-26 13:12:45.059000,33.35,33.35,33.4,29996607.0
2018-01-26 13:12:48.257000,33.35,33.35,33.4,29996607.0
2018-01-26 13:12:51.515000,33.35,33.35,33.4,29996607.0
2018-01-26 13:12:54.561000,33.35,33.3,33.35,30000323.0
2018-01-26 13:12:57.614000,33.35,33.3,33.35,30000323.0
2018-01-26 13:13:00.783000,33.35,33.3,33.35,30000323.0
2018-01-26 13:13:03.964000,33.35,33.3,33.35,30000323.0
2018-01-26 13:13:06.683000,33.35,33.3,33.35,30000323.0
2018-01-26 13:13:09.641000,33.35,33.3,33.35,30000323.0
2018-01-26 13:13:12.595000,33.35,33.3,33.35,30000323.0
2018-01-26 13:13:16.014000,33.35,33.3,33.35,30000323.0
2018-01-26 13:13:19.184000,33.35,33.3,33.35,30000323.0
2018-01-26 13:13:22.312000,33.35,33.3,33.35,30000323.0
2018-01-26 13:13:25.482000,33.35,33.3,33.35,30000323.0
2018-01-26 13:13:28.447000,33.35,33.3,33.35,30000323.0
2018-01-26 13:13:31.105000,33.35,33.3,33.35,30000323.0
2018-01-26 13:13:33.762000,33.35,33.3,33.35,30000323.0
2018-01-26 13:13:36.369000,33.35,33.3,33.35,30000323.0
2018-01-26 13:13:39.402000,33.35,33.3,33.35,30000323.0
2018-01-26 13:13:42.606000,33.35,33.3,33.35,30000323.0
2018-01-26 13:13:45.748000,33.35,33.3,33.35,30000323.0
2018-01-26 13:13:48.746000,33.35,33.3,33.35,30000323.0
2018-01-26 13:13:51.543000,33.35,33.3,33.35,30000323.0
2018-01-26 13:13:54.247000,33.35,33.3,33.35,30000323.0
2018-01-26 13:13:57.187000,33.35,33.3,33.35,30000323.0
2018-01-26 13:14:00.272000,33.35,33.3,33.35,30000323.0
2018-01-26 13:14:03.543000,33.35,33.3,33.35,30000323.0
2018-01-26 13:14:06.660000,33.35,33.3,33.35,30000323.0
2018-01-26 13:14:09.996000,33.35,33.3,33.35,30000323.0
2018-01-26 13:14:13.159000,33.35,33.3,33.35,30000323.0
2018-01-26 13:14:16.448000,33.35,33.3,33.35,30000323.0
2018-01-26 13:14:19.353000,33.35,33.3,33.35,30000323.0
2018-01-26 13:14:22.422000,33.35,33.3,33.35,30000323.0
2018-01-26 13:14:25.445000,33.35,33.3,33.35,30000323.0
2018-01-26 13:14:28.384000,33.35,33.3,33.35,30000323.0
2018-01-26 13:14:31.526000,33.35,33.3,33.4,30001323.0
2018-01-26 13:14:34.735000,33.35,33.3,33.4,30001323.0
2018-01-26 13:14:37.773000,33.35,33.3,33.4,30001323.0
2018-01-26 13:14:40.688000,33.35,33.3,33.4,30001323.0
2018-01-26 13:14:43.858000,33.35,33.3,33.4,30001323.0
2018-01-26 13:14:46.815000,33.35,33.3,33.4,30001323.0
2018-01-26 13:14:50.043000,33.35,33.3,33.4,30001323.0
2018-01-26 13:14:53.081000,33.35,33.3,33.4,30001323.0
2018-01-26 13:14:56.091000,33.35,33.3,33.4,30001323.0
2018-01-26 13:14:59.353000,33.35,33.3,33.4,30001323.0
2018-01-26 13:15:02.613000,33.35,33.3,33.4,30001323.0
2018-01-26 13:15:05.853000,33.35,33.3,33.4,30001323.0
2018-01-26 13:15:09.483000,33.35,33.3,33.4,30001323.0
2018-01-26 13:15:12.676000,33.35,33.3,33.4,30001323.0
2018-01-26 13:15:15.605000,33.35,33.3,33.4,30001323.0
2018-01-26 13:15:18.703000,33.35,33.3,33.4,30001323.0
2018-01-26 13:15:21.844000,33.35,33.3,33.4,30001323.0
2018-01-26 13:15:25.020000,33.35,33.3,33.4,30001323.0
2018-01-26 13:15:28.045000,33.35,33.3,33.4,30001323.0
2018-01-26 13:15:31.040000,33.35,33.3,33.4,30004323.0
2018-01-26 13:15:34.126000,33.35,33.3,33.4,30004323.0
2018-01-26 13:15:37.656000,33.35,33.3,33.4,30004323.0
2018-01-26 13:15:40.816000,33.35,33.3,33.4,30004323.0
2018-01-26 13:15:43.718000,33.35,33.3,33.4,30004323.0
2018-01-26 13:15:46.839000,33.35,33.3,33.4,30004323.0
2018-01-26 13:15:50.030000,33.35,33.3,33.4,30004323.0
2018-01-26 13:15:52.958000,33.35,33.3,33.4,30004323.0
2018-01-26 13:15:55.848000,33.35,33.3,33.4,30004323.0
2018-01-26 13:15:58.657000,33.35,33.3,33.4,30004323.0
2018-01-26 13:16:01.788000,33.35,33.3,33.4,30004323.0
2018-01-26 13:16:05.079000,33.35,33.3,33.4,30004323.0
2018-01-26 13:16:08.270000,33.35,33.3,33.4,30004323.0
2018-01-26 13:16:11.137000,33.35,33.3,33.4,30004323.0
2018-01-26 13:16:14.220000,33.35,33.3,33.4,30004323.0
2018-01-26 13:16:17.230000,33.35,33.3,33.4,30004323.0
2018-01-26 13:16:20.137000,33.35,33.3,33.4,30004323.0
2018-01-26 13:16:23.334000,33.35,33.3,33.4,30004323.0
2018-01-26 13:16:26.528000,33.35,33.3,33.4,30004323.0
2018-01-26 13:16:29.611000,33.35,33.3,33.4,30004323.0
2018-01-26 13:16:32.689000,33.35,33.3,33.4,30004323.0
2018-01-26 13:16:35.856000,33.35,33.3,33.4,30004323.0
2018-01-26 13:16:39.015000,33.35,33.3,33.4,30004323.0
2018-01-26 13:16:42.057000,33.35,33.3,33.4,30004323.0
2018-01-26 13:16:45.549000,33.35,33.3,33.4,30004323.0
2018-01-26 13:16:48.702000,33.35,33.3,33.4,30004323.0
2018-01-26 13:16:51.942000,33.35,33.3,33.4,30004323.0
2018-01-26 13:16:54.865000,33.35,33.3,33.4,30004323.0
2018-01-26 13:16:58.136000,33.35,33.3,33.4,30004323.0
2018-01-26 13:17:01.692000,33.35,33.3,33.4,30004323.0
2018-01-26 13:17:04.783000,33.35,33.3,33.4,30004323.0
2018-01-26 13:17:07.719000,33.35,33.3,33.4,30004323.0
2018-01-26 13:17:10.704000,33.35,33.3,33.4,30004323.0
2018-01-26 13:17:13.650000,33.35,33.3,33.4,30004323.0
2018-01-26 13:17:17.066000,33.35,33.3,33.35,30008323.0
2018-01-26 13:17:20.106000,33.35,33.3,33.35,30008323.0
2018-01-26 13:17:23.254000,33.35,33.3,33.35,30008323.0
2018-01-26 13:17:26.493000,33.35,33.3,33.35,30008323.0
2018-01-26 13:17:29.543000,33.35,33.3,33.35,30008323.0
2018-01-26 13:17:32.622000,33.35,33.3,33.35,30008323.0
2018-01-26 13:17:35.729000,33.35,33.3,33.35,30008323.0
2018-01-26 13:17:38.849000,33.35,33.3,33.35,30008323.0
2018-01-26 13:17:41.826000,33.35,33.3,33.35,30008323.0
2018-01-26 13:17:44.834000,33.35,33.3,33.35,30008323.0
2018-01-26 13:17:47.998000,33.35,33.3,33.35,30008323.0
2018-01-26 13:17:51.025000,33.35,33.3,33.35,30008323.0
2018-01-26 13:17:54.049000,33.35,33.3,33.35,30008323.0
2018-01-26 13:17:57.327000,33.35,33.3,33.35,30008323.0
2018-01-26 13:18:00.512000,33.35,33.3,33.35,30008323.0
2018-01-26 13:18:03.570000,33.35,33.3,33.35,30008323.0
2018-01-26 13:18:06.688000,33.35,33.35,33.4,30438823.0
2018-01-26 13:18:09.754000,33.35,33.35,33.4,30438823.0
2018-01-26 13:18:12.685000,33.35,33.35,33.4,30438823.0
2018-01-26 13:18:15.747000,33.35,33.35,33.4,30438823.0
2018-01-26 13:18:18.755000,33.35,33.35,33.4,30438823.0
2018-01-26 13:18:21.451000,33.35,33.35,33.4,30438823.0
2018-01-26 13:18:24.269000,33.35,33.35,33.4,30438823.0
2018-01-26 13:18:26.912000,33.35,33.35,33.4,30438823.0
2018-01-26 13:18:29.817000,33.35,33.35,33.4,30438823.0
2018-01-26 13:18:32.677000,33.35,33.35,33.4,30438823.0
2018-01-26 13:18:35.291000,33.35,33.35,33.4,30438823.0
2018-01-26 13:18:37.810000,33.35,33.35,33.4,30438823.0
2018-01-26 13:18:40.696000,33.35,33.35,33.4,30438823.0
2018-01-26 13:18:43.588000,33.35,33.35,33.4,30438823.0
2018-01-26 13:18:46.430000,33.35,33.35,33.4,30438823.0
2018-01-26 13:18:49.504000,33.35,33.35,33.4,30438823.0
2018-01-26 13:18:52.243000,33.35,33.35,33.4,30438823.0
2018-01-26 13:18:56.497000,33.35,33.35,33.4,30438823.0
2018-01-26 13:19:00.491000,33.35,33.35,33.4,30438823.0
2018-01-26 13:19:04.099000,33.35,33.35,33.4,30438823.0
2018-01-26 13:19:07.569000,33.35,33.35,33.4,30438823.0
2018-01-26 13:19:10.909000,33.35,33.35,33.4,30439323.0
2018-01-26 13:19:14.293000,33.35,33.35,33.4,30439323.0
2018-01-26 13:19:17.954000,33.35,33.35,33.4,30439323.0
2018-01-26 13:19:21.354000,33.35,33.35,33.4,30439323.0
2018-01-26 13:19:24.692000,33.35,33.35,33.4,30439323.0
2018-01-26 13:19:27.783000,33.35,33.35,33.4,30439323.0
2018-01-26 13:19:31.177000,33.35,33.35,33.4,30439323.0
2018-01-26 13:19:34.462000,33.35,33.35,33.4,30439323.0
2018-01-26 13:19:37.644000,33.35,33.35,33.4,30439323.0
2018-01-26 13:19:41.024000,33.35,33.35,33.4,30439323.0
2018-01-26 13:19:44.116000,33.35,33.35,33.4,30439323.0
2018-01-26 13:19:47.307000,33.35,33.35,33.4,30439323.0
2018-01-26 13:19:50.632000,33.35,33.35,33.4,30439323.0
2018-01-26 13:19:53.961000,33.35,33.35,33.4,30439323.0
2018-01-26 13:19:57.284000,33.35,33.35,33.4,30439323.0
2018-01-26 13:20:00.665000,33.35,33.35,33.4,30439323.0
2018-01-26 13:20:03.633000,33.35,33.35,33.4,30538823.0
2018-01-26 13:20:06.807000,33.35,33.35,33.4,30538823.0
2018-01-26 13:20:10.392000,33.35,33.35,33.4,30538823.0
2018-01-26 13:20:13.555000,33.35,33.35,33.4,30538823.0
2018-01-26 13:20:16.657000,33.35,33.35,33.4,30538823.0
2018-01-26 13:20:20.239000,33.35,33.35,33.4,30538823.0
2018-01-26 13:20:23.966000,33.35,33.35,33.4,30538823.0
2018-01-26 13:20:26.994000,33.35,33.35,33.4,30538823.0
2018-01-26 13:20:30.620000,33.35,33.35,33.4,30538823.0
2018-01-26 13:20:33.757000,33.35,33.35,33.4,30538823.0
2018-01-26 13:20:36.983000,33.35,33.35,33.4,30538823.0
2018-01-26 13:20:40.196000,33.35,33.35,33.4,30538823.0
2018-01-26 13:20:43.461000,33.35,33.35,33.4,30538823.0
2018-01-26 13:20:46.822000,33.35,33.35,33.4,30538823.0
2018-01-26 13:20:50.241000,33.35,33.35,33.4,30538823.0
2018-01-26 13:20:53.413000,33.35,33.35,33.4,30546803.0
2018-01-26 13:20:56.674000,33.35,33.35,33.4,30546803.0
2018-01-26 13:20:59.864000,33.35,33.35,33.4,30546803.0
2018-01-26 13:21:03.174000,33.35,33.35,33.4,30546803.0
2018-01-26 13:21:06.674000,33.35,33.35,33.4,30546803.0
2018-01-26 13:21:09.929000,33.35,33.35,33.4,30546803.0
2018-01-26 13:21:13.291000,33.35,33.35,33.4,30546803.0
2018-01-26 13:21:16.511000,33.35,33.35,33.4,30546803.0
2018-01-26 13:21:19.789000,33.35,33.35,33.4,30546803.0
2018-01-26 13:21:23.651000,33.35,33.35,33.4,30546803.0
2018-01-26 13:21:27.136000,33.35,33.35,33.4,30546803.0
2018-01-26 13:21:30.398000,33.35,33.35,33.4,30546803.0
2018-01-26 13:21:33.997000,33.35,33.35,33.4,30546803.0
2018-01-26 13:21:37.112000,33.35,33.35,33.4,30546803.0
2018-01-26 13:21:40.386000,33.35,33.35,33.4,30546803.0
2018-01-26 13:21:44.329000,33.35,33.35,33.4,30546803.0
2018-01-26 13:21:47.370000,33.35,33.35,33.4,30546803.0
2018-01-26 13:21:50.671000,33.35,33.35,33.4,30546803.0
2018-01-26 13:21:54.158000,33.35,33.35,33.4,30546803.0
2018-01-26 13:21:57.793000,33.35,33.35,33.4,30546803.0
2018-01-26 13:22:01.153000,33.35,33.35,33.4,30546803.0
2018-01-26 13:22:04.400000,33.35,33.35,33.4,30546803.0
2018-01-26 13:22:07.472000,33.35,33.35,33.4,30546803.0
2018-01-26 13:22:10.731000,33.35,33.35,33.4,30546803.0
2018-01-26 13:22:13.931000,33.35,33.35,33.4,30546803.0
2018-01-26 13:22:17.280000,33.35,33.35,33.4,30546803.0
2018-01-26 13:22:20.817000,33.35,33.35,33.4,30546803.0
2018-01-26 13:22:23.930000,33.35,33.35,33.4,30546803.0
2018-01-26 13:22:27.380000,33.35,33.35,33.4,30546803.0
2018-01-26 13:22:30.597000,33.35,33.35,33.4,30546803.0
2018-01-26 13:22:33.772000,33.35,33.35,33.4,30546803.0
2018-01-26 13:22:36.720000,33.35,33.35,33.4,30546803.0
2018-01-26 13:22:39.815000,33.35,33.35,33.4,30546803.0
2018-01-26 13:22:42.969000,33.35,33.35,33.4,30546803.0
2018-01-26 13:22:46.329000,33.35,33.35,33.4,30546803.0
2018-01-26 13:22:49.605000,33.35,33.35,33.4,30546803.0
2018-01-26 13:22:52.761000,33.35,33.35,33.4,30546803.0
2018-01-26 13:22:56.044000,33.35,33.35,33.4,30546803.0
2018-01-26 13:22:59.436000,33.35,33.35,33.4,30546803.0
2018-01-26 13:23:02.716000,33.35,33.35,33.4,30546803.0
2018-01-26 13:23:06.123000,33.35,33.35,33.4,30546803.0
2018-01-26 13:23:09.433000,33.35,33.35,33.4,30546803.0
2018-01-26 13:23:12.732000,33.35,33.35,33.4,30546803.0
2018-01-26 13:23:15.971000,33.35,33.35,33.4,30546803.0
2018-01-26 13:23:19.528000,33.35,33.35,33.4,30546803.0
2018-01-26 13:23:22.700000,33.35,33.35,33.4,30546803.0
2018-01-26 13:23:25.638000,33.35,33.35,33.4,30553303.0
2018-01-26 13:23:28.758000,33.35,33.35,33.4,30553303.0
2018-01-26 13:23:31.844000,33.35,33.35,33.4,30553303.0
2018-01-26 13:23:35.439000,33.35,33.35,33.4,30553303.0
2018-01-26 13:23:38.532000,33.35,33.35,33.4,30553303.0
2018-01-26 13:23:41.743000,33.35,33.35,33.4,30553303.0
2018-01-26 13:23:44.904000,33.35,33.35,33.4,30553303.0
2018-01-26 13:23:48.049000,33.35,33.35,33.4,30553303.0
2018-01-26 13:23:51.432000,33.35,33.35,33.4,30553303.0
2018-01-26 13:23:54.562000,33.35,33.35,33.4,30553303.0
2018-01-26 13:23:57.798000,33.35,33.35,33.4,30553303.0
2018-01-26 13:24:00.918000,33.35,33.35,33.4,30553303.0
2018-01-26 13:24:04.369000,33.35,33.35,33.4,30553303.0
2018-01-26 13:24:07.512000,33.35,33.35,33.4,30554303.0
2018-01-26 13:24:10.826000,33.35,33.35,33.4,30554303.0
2018-01-26 13:24:14.591000,33.35,33.35,33.4,30554303.0
2018-01-26 13:24:17.860000,33.35,33.35,33.4,30554303.0
2018-01-26 13:24:21.376000,33.35,33.35,33.4,30554303.0
2018-01-26 13:24:24.607000,33.35,33.35,33.4,30554303.0
2018-01-26 13:24:27.827000,33.35,33.35,33.4,30554303.0
2018-01-26 13:24:30.983000,33.35,33.35,33.4,30554303.0
2018-01-26 13:24:34.005000,33.35,33.35,33.4,30554303.0
2018-01-26 13:24:37.220000,33.35,33.35,33.4,30554303.0
2018-01-26 13:24:40.216000,33.35,33.35,33.4,30554303.0
2018-01-26 13:24:43.455000,33.35,33.35,33.4,30554303.0
2018-01-26 13:24:46.719000,33.35,33.35,33.4,30554303.0
2018-01-26 13:24:49.764000,33.35,33.35,33.4,30554303.0
2018-01-26 13:24:52.910000,33.35,33.35,33.4,30554303.0
2018-01-26 13:24:56.200000,33.3,33.3,33.4,30593803.0
2018-01-26 13:24:59.779000,33.3,33.3,33.4,30593803.0
2018-01-26 13:25:03.500000,33.3,33.3,33.4,30593803.0
2018-01-26 13:25:06.640000,33.3,33.3,33.4,30593803.0
2018-01-26 13:25:09.700000,33.3,33.3,33.4,30593803.0
2018-01-26 13:25:12.969000,33.3,33.3,33.4,30593803.0
2018-01-26 13:25:15.919000,33.3,33.3,33.4,30593803.0
2018-01-26 13:25:19.151000,33.3,33.3,33.4,30593803.0
2018-01-26 13:25:22.067000,33.3,33.3,33.4,30593803.0
2018-01-26 13:25:25.062000,33.3,33.3,33.4,30593803.0
2018-01-26 13:25:28.273000,33.3,33.3,33.4,30593803.0
2018-01-26 13:25:31.549000,33.3,33.3,33.4,30593803.0
2018-01-26 13:25:34.563000,33.3,33.3,33.4,30593803.0
2018-01-26 13:25:37.908000,33.3,33.3,33.4,30593803.0
2018-01-26 13:25:41.125000,33.3,33.3,33.4,30593803.0
2018-01-26 13:25:44.158000,33.3,33.3,33.4,30593803.0
2018-01-26 13:25:47.239000,33.3,33.3,33.4,30593803.0
2018-01-26 13:25:50.774000,33.3,33.3,33.4,30593803.0
2018-01-26 13:25:53.797000,33.3,33.3,33.4,30593803.0
2018-01-26 13:25:57.256000,33.3,33.3,33.4,30593803.0
2018-01-26 13:26:00.207000,33.3,33.3,33.4,30593803.0
2018-01-26 13:26:03.240000,33.3,33.3,33.35,30644336.0
2018-01-26 13:26:07.169000,33.3,33.3,33.35,30644336.0
2018-01-26 13:26:10.393000,33.3,33.3,33.35,30644336.0
2018-01-26 13:26:13.348000,33.3,33.3,33.35,30644336.0
2018-01-26 13:26:16.205000,33.3,33.3,33.35,30644336.0
2018-01-26 13:26:19.086000,33.3,33.3,33.35,30644336.0
2018-01-26 13:26:22.019000,33.3,33.3,33.35,30644336.0
2018-01-26 13:26:25.174000,33.3,33.3,33.35,30644336.0
2018-01-26 13:26:28.245000,33.3,33.3,33.35,30644336.0
2018-01-26 13:26:31.177000,33.3,33.3,33.35,30644336.0
2018-01-26 13:26:34.242000,33.3,33.3,33.35,30644336.0
2018-01-26 13:26:37.378000,33.3,33.3,33.35,30644336.0
2018-01-26 13:26:40.548000,33.3,33.3,33.35,30644336.0
2018-01-26 13:26:43.663000,33.3,33.3,33.35,30644336.0
2018-01-26 13:26:46.678000,33.3,33.3,33.35,30644336.0
2018-01-26 13:26:49.971000,33.3,33.3,33.35,30644336.0
2018-01-26 13:26:52.992000,33.3,33.3,33.35,30644336.0
2018-01-26 13:26:55.985000,33.3,33.3,33.35,30644336.0
2018-01-26 13:26:59.071000,33.3,33.3,33.35,30644336.0
2018-01-26 13:27:02.341000,33.3,33.3,33.35,30644336.0
2018-01-26 13:27:05.585000,33.3,33.3,33.35,30648836.0
2018-01-26 13:27:08.739000,33.3,33.3,33.35,30648836.0
2018-01-26 13:27:11.805000,33.3,33.3,33.35,30648836.0
2018-01-26 13:27:15.204000,33.3,33.3,33.35,30648836.0
2018-01-26 13:27:18.333000,33.3,33.3,33.35,30648836.0
2018-01-26 13:27:21.691000,33.3,33.3,33.35,30648836.0
2018-01-26 13:27:24.737000,33.3,33.3,33.35,30648836.0
2018-01-26 13:27:27.980000,33.3,33.3,33.35,30648836.0
2018-01-26 13:27:31.163000,33.3,33.3,33.35,30648836.0
2018-01-26 13:27:34.517000,33.3,33.3,33.35,30648836.0
2018-01-26 13:27:37.656000,33.3,33.3,33.35,30648836.0
2018-01-26 13:27:40.720000,33.3,33.3,33.35,30648836.0
2018-01-26 13:27:43.651000,33.3,33.3,33.35,30648836.0
2018-01-26 13:27:46.814000,33.3,33.3,33.35,30648836.0
2018-01-26 13:27:49.814000,33.3,33.3,33.35,30648836.0
2018-01-26 13:27:52.965000,33.3,33.3,33.35,30648836.0
2018-01-26 13:27:56.065000,33.3,33.3,33.35,30648836.0
2018-01-26 13:27:59.379000,33.3,33.3,33.35,30648836.0
2018-01-26 13:28:02.442000,33.3,33.3,33.35,30648836.0
2018-01-26 13:28:05.379000,33.3,33.3,33.35,30648836.0
2018-01-26 13:28:08.536000,33.35,33.3,33.35,30666183.0
2018-01-26 13:28:11.631000,33.35,33.3,33.35,30666183.0
2018-01-26 13:28:14.558000,33.35,33.3,33.35,30666183.0
2018-01-26 13:28:18.053000,33.35,33.3,33.35,30666183.0
2018-01-26 13:28:21.120000,33.35,33.3,33.35,30666183.0
2018-01-26 13:28:24.293000,33.35,33.3,33.35,30666183.0
2018-01-26 13:28:27.803000,33.35,33.3,33.35,30666183.0
2018-01-26 13:28:31.019000,33.35,33.3,33.35,30666183.0
2018-01-26 13:28:34.141000,33.35,33.3,33.35,30666183.0
2018-01-26 13:28:37.230000,33.35,33.3,33.35,30666183.0
2018-01-26 13:28:40.613000,33.35,33.3,33.35,30666183.0
2018-01-26 13:28:44.142000,33.35,33.3,33.35,30666183.0
2018-01-26 13:28:47.129000,33.35,33.3,33.35,30666183.0
2018-01-26 13:28:50.293000,33.35,33.3,33.35,30666183.0
2018-01-26 13:28:54.733000,33.35,33.3,33.35,30666183.0
2018-01-26 13:28:58.165000,33.35,33.3,33.35,30666183.0
2018-01-26 13:29:01.238000,33.35,33.3,33.35,30666183.0
2018-01-26 13:29:04.292000,33.35,33.3,33.35,30666183.0
2018-01-26 13:29:07.620000,33.35,33.3,33.35,30666183.0
2018-01-26 13:29:10.786000,33.35,33.3,33.35,30666183.0
2018-01-26 13:29:13.745000,33.35,33.3,33.35,30666183.0
2018-01-26 13:29:16.662000,33.35,33.3,33.35,30666183.0
2018-01-26 13:29:19.869000,33.35,33.3,33.35,30666183.0
2018-01-26 13:29:22.964000,33.35,33.3,33.35,30666183.0
2018-01-26 13:29:26.035000,33.35,33.3,33.35,30666183.0
2018-01-26 13:29:29.195000,33.35,33.3,33.35,30666183.0
2018-01-26 13:29:32.350000,33.35,33.3,33.35,30666183.0
2018-01-26 13:29:36.211000,33.35,33.3,33.35,30666183.0
2018-01-26 13:29:39.457000,33.35,33.3,33.35,30666183.0
2018-01-26 13:29:43.105000,33.35,33.3,33.35,30666183.0
2018-01-26 13:29:46.225000,33.35,33.3,33.35,30666183.0
2018-01-26 13:29:49.423000,33.35,33.3,33.35,30666183.0
2018-01-26 13:29:52.583000,33.35,33.3,33.35,30666183.0
2018-01-26 13:29:56.020000,33.35,33.3,33.35,30666183.0
2018-01-26 13:29:59.164000,33.35,33.3,33.35,30666183.0
2018-01-26 13:30:02.280000,33.35,33.3,33.35,30666183.0
2018-01-26 13:30:05.308000,33.35,33.3,33.35,30666183.0
2018-01-26 13:30:08.822000,33.35,33.3,33.35,30666183.0
2018-01-26 13:30:11.950000,33.3,33.3,33.35,30676183.0
2018-01-26 13:30:15.304000,33.3,33.3,33.35,30676183.0
2018-01-26 13:30:18.430000,33.3,33.3,33.35,30676183.0
2018-01-26 13:30:21.679000,33.3,33.3,33.35,30676183.0
2018-01-26 13:30:24.848000,33.3,33.3,33.35,30676183.0
2018-01-26 13:30:28.400000,33.3,33.3,33.35,30676183.0
2018-01-26 13:30:31.538000,33.3,33.3,33.35,30676183.0
2018-01-26 13:30:34.760000,33.3,33.3,33.35,30676183.0
2018-01-26 13:30:37.788000,33.3,33.3,33.35,30676183.0
2018-01-26 13:30:41.093000,33.3,33.3,33.35,30676183.0
2018-01-26 13:30:44.325000,33.3,33.3,33.35,30676183.0
2018-01-26 13:30:47.485000,33.3,33.3,33.35,30676183.0
2018-01-26 13:30:50.503000,33.3,33.3,33.35,30676183.0
2018-01-26 13:30:53.809000,33.3,33.3,33.35,30676183.0
2018-01-26 13:30:56.867000,33.3,33.3,33.35,30676183.0
2018-01-26 13:30:59.861000,33.3,33.3,33.35,30676183.0
2018-01-26 13:31:02.981000,33.3,33.3,33.35,30676183.0
2018-01-26 13:31:06.351000,33.3,33.3,33.35,30676183.0
2018-01-26 13:31:09.457000,33.3,33.3,33.35,30676183.0
2018-01-26 13:31:12.671000,33.3,33.3,33.35,30676183.0
2018-01-26 13:31:15.819000,33.3,33.3,33.35,30676183.0
2018-01-26 13:31:18.976000,33.3,33.3,33.35,30676183.0
2018-01-26 13:31:22.229000,33.3,33.3,33.35,30676183.0
2018-01-26 13:31:25.304000,33.3,33.3,33.35,30676183.0
2018-01-26 13:31:28.547000,33.3,33.3,33.35,30676183.0
2018-01-26 13:31:31.699000,33.3,33.3,33.35,30676183.0
2018-01-26 13:31:34.845000,33.3,33.3,33.35,30676183.0
2018-01-26 13:31:38.112000,33.3,33.3,33.35,30676183.0
2018-01-26 13:31:41.565000,33.3,33.3,33.35,30676183.0
2018-01-26 13:31:44.743000,33.3,33.3,33.35,30676183.0
2018-01-26 13:31:47.836000,33.3,33.3,33.35,30676183.0
2018-01-26 13:31:51.065000,33.3,33.3,33.35,30676183.0
2018-01-26 13:31:54.306000,33.3,33.3,33.35,30676183.0
2018-01-26 13:31:57.530000,33.3,33.3,33.35,30676183.0
2018-01-26 13:32:00.698000,33.3,33.3,33.35,30676183.0
2018-01-26 13:32:04.012000,33.3,33.3,33.35,30676183.0
2018-01-26 13:32:07.085000,33.3,33.3,33.35,30676183.0
2018-01-26 13:32:10.196000,33.3,33.3,33.35,30676183.0
2018-01-26 13:32:13.542000,33.3,33.3,33.35,30676183.0
2018-01-26 13:32:16.665000,33.3,33.3,33.35,30676183.0
2018-01-26 13:32:19.991000,33.3,33.3,33.35,30676183.0
2018-01-26 13:32:23.175000,33.3,33.3,33.35,30676183.0
2018-01-26 13:32:26.381000,33.3,33.3,33.35,30676183.0
2018-01-26 13:32:29.400000,33.3,33.3,33.35,30676183.0
2018-01-26 13:32:32.634000,33.3,33.3,33.35,30676183.0
2018-01-26 13:32:35.885000,33.3,33.3,33.35,30676183.0
2018-01-26 13:32:39.324000,33.3,33.3,33.35,30676183.0
2018-01-26 13:32:42.649000,33.3,33.3,33.35,30676183.0
2018-01-26 13:32:45.854000,33.3,33.3,33.35,30676183.0
2018-01-26 13:32:49.044000,33.3,33.3,33.35,30676183.0
2018-01-26 13:32:52.151000,33.3,33.3,33.35,30676183.0
2018-01-26 13:32:55.398000,33.3,33.3,33.35,30676183.0
2018-01-26 13:32:58.817000,33.3,33.3,33.35,30676183.0
2018-01-26 13:33:01.965000,33.3,33.3,33.35,30696683.0
2018-01-26 13:33:05.363000,33.3,33.25,33.3,30841683.0
2018-01-26 13:33:08.393000,33.3,33.25,33.3,30841683.0
2018-01-26 13:33:11.526000,33.3,33.25,33.3,30841683.0
2018-01-26 13:33:15.107000,33.3,33.25,33.3,30841683.0
2018-01-26 13:33:18.254000,33.3,33.25,33.3,30841683.0
2018-01-26 13:33:21.419000,33.3,33.25,33.3,30841683.0
2018-01-26 13:33:24.511000,33.3,33.25,33.3,30841683.0
2018-01-26 13:33:28.013000,33.3,33.25,33.3,30841683.0
2018-01-26 13:33:31.139000,33.3,33.25,33.3,30841683.0
2018-01-26 13:33:34.470000,33.3,33.25,33.3,30841683.0
2018-01-26 13:33:37.570000,33.3,33.25,33.3,30841683.0
2018-01-26 13:33:41.086000,33.3,33.25,33.3,30841683.0
2018-01-26 13:33:44.346000,33.3,33.25,33.3,30841683.0
2018-01-26 13:33:47.466000,33.3,33.25,33.3,30841683.0
2018-01-26 13:33:50.653000,33.3,33.25,33.3,30841683.0
2018-01-26 13:33:53.855000,33.3,33.25,33.3,30841683.0
2018-01-26 13:33:57.450000,33.3,33.25,33.3,30841683.0
2018-01-26 13:34:00.775000,33.3,33.25,33.3,30841683.0
2018-01-26 13:34:04.017000,33.3,33.25,33.3,30841683.0
2018-01-26 13:34:07.494000,33.3,33.25,33.3,30841683.0
2018-01-26 13:34:10.636000,33.3,33.25,33.3,30841683.0
2018-01-26 13:34:13.941000,33.3,33.25,33.3,30841683.0
2018-01-26 13:34:17.107000,33.3,33.25,33.3,30841683.0
2018-01-26 13:34:20.294000,33.3,33.25,33.3,30841683.0
2018-01-26 13:34:23.393000,33.3,33.25,33.3,30855183.0
2018-01-26 13:34:26.366000,33.3,33.25,33.3,30855183.0
2018-01-26 13:34:29.699000,33.3,33.25,33.3,30855183.0
2018-01-26 13:34:32.783000,33.3,33.25,33.3,30855183.0
2018-01-26 13:34:36.119000,33.3,33.25,33.3,30855183.0
2018-01-26 13:34:39.874000,33.3,33.25,33.3,30855183.0
2018-01-26 13:34:43.004000,33.3,33.25,33.3,30855183.0
2018-01-26 13:34:46.232000,33.3,33.25,33.3,30855183.0
2018-01-26 13:34:49.863000,33.3,33.25,33.3,30855183.0
2018-01-26 13:34:53.202000,33.3,33.25,33.3,30855183.0
2018-01-26 13:34:56.779000,33.3,33.25,33.3,30855183.0
2018-01-26 13:34:59.794000,33.3,33.25,33.3,30855183.0
2018-01-26 13:35:03.051000,33.3,33.25,33.3,30855183.0
2018-01-26 13:35:06.652000,33.3,33.25,33.3,30855183.0
2018-01-26 13:35:09.973000,33.3,33.25,33.3,30855183.0
2018-01-26 13:35:13.237000,33.3,33.25,33.3,30855183.0
2018-01-26 13:35:16.405000,33.3,33.25,33.3,30855183.0
2018-01-26 13:35:19.553000,33.3,33.25,33.3,30855183.0
2018-01-26 13:35:23.013000,33.3,33.25,33.3,30855183.0
2018-01-26 13:35:26.214000,33.3,33.25,33.3,30855183.0
2018-01-26 13:35:29.673000,33.3,33.25,33.3,30863683.0
2018-01-26 13:35:33.091000,33.3,33.25,33.3,30863683.0
2018-01-26 13:35:36.435000,33.3,33.25,33.3,30863683.0
2018-01-26 13:35:39.718000,33.3,33.25,33.3,30863683.0
2018-01-26 13:35:43.004000,33.3,33.25,33.3,30863683.0
2018-01-26 13:35:46.453000,33.3,33.25,33.3,30863683.0
2018-01-26 13:35:49.854000,33.3,33.25,33.3,30863683.0
2018-01-26 13:35:53.314000,33.3,33.25,33.3,30863683.0
2018-01-26 13:35:56.509000,33.3,33.25,33.3,30863683.0
2018-01-26 13:35:59.860000,33.3,33.25,33.3,30863683.0
2018-01-26 13:36:02.923000,33.3,33.25,33.3,30863683.0
2018-01-26 13:36:06.082000,33.3,33.25,33.3,30863683.0
2018-01-26 13:36:09.302000,33.3,33.25,33.3,30863683.0
2018-01-26 13:36:12.703000,33.3,33.25,33.3,30863683.0
2018-01-26 13:36:15.918000,33.3,33.25,33.3,30863683.0
2018-01-26 13:36:19.125000,33.3,33.25,33.3,30863683.0
2018-01-26 13:36:22.637000,33.3,33.25,33.3,30863683.0
2018-01-26 13:36:25.999000,33.3,33.25,33.3,30863683.0
2018-01-26 13:36:29.367000,33.3,33.3,33.35,30894183.0
2018-01-26 13:36:32.687000,33.3,33.3,33.35,30894183.0
2018-01-26 13:36:35.889000,33.3,33.3,33.35,30894183.0
2018-01-26 13:36:39,33.3,33.3,33.35,30894183.0
2018-01-26 13:36:42.376000,33.3,33.3,33.35,30894183.0
2018-01-26 13:36:45.471000,33.3,33.3,33.35,30894183.0
2018-01-26 13:36:48.923000,33.3,33.3,33.35,30894183.0
2018-01-26 13:36:52.342000,33.3,33.3,33.35,30894183.0
2018-01-26 13:36:55.317000,33.3,33.3,33.35,30894183.0
2018-01-26 13:36:58.508000,33.3,33.3,33.35,30894183.0
2018-01-26 13:37:01.702000,33.3,33.3,33.35,30894183.0
2018-01-26 13:37:04.844000,33.3,33.3,33.35,30894183.0
2018-01-26 13:37:08.423000,33.3,33.3,33.35,30894183.0
2018-01-26 13:37:11.541000,33.3,33.3,33.35,30894183.0
2018-01-26 13:37:14.646000,33.3,33.3,33.35,30894183.0
2018-01-26 13:37:17.885000,33.3,33.3,33.35,30894183.0
2018-01-26 13:37:21.233000,33.3,33.3,33.35,30894183.0
2018-01-26 13:37:24.324000,33.3,33.3,33.35,30894183.0
2018-01-26 13:37:27.596000,33.3,33.3,33.35,30945528.0
2018-01-26 13:37:30.672000,33.3,33.3,33.35,30945528.0
2018-01-26 13:37:33.872000,33.3,33.3,33.35,30945528.0
2018-01-26 13:37:36.998000,33.3,33.3,33.35,30945528.0
2018-01-26 13:37:40.175000,33.3,33.3,33.35,30945528.0
2018-01-26 13:37:43.123000,33.3,33.3,33.35,30945528.0
2018-01-26 13:37:46.327000,33.3,33.3,33.35,30945528.0
2018-01-26 13:37:49.451000,33.3,33.3,33.35,30945528.0
2018-01-26 13:37:52.503000,33.3,33.3,33.35,30945528.0
2018-01-26 13:37:55.891000,33.3,33.3,33.35,30945528.0
2018-01-26 13:37:59.098000,33.3,33.3,33.35,30945528.0
2018-01-26 13:38:02.265000,33.3,33.3,33.35,30945528.0
2018-01-26 13:38:05.448000,33.3,33.3,33.35,30945528.0
2018-01-26 13:38:08.511000,33.3,33.3,33.35,30945528.0
2018-01-26 13:38:11.824000,33.3,33.3,33.35,30945528.0
2018-01-26 13:38:15.113000,33.3,33.3,33.35,30945528.0
2018-01-26 13:38:18.143000,33.3,33.3,33.35,30945528.0
2018-01-26 13:38:21.174000,33.3,33.3,33.35,30945528.0
2018-01-26 13:38:24.378000,33.3,33.3,33.35,30945528.0
2018-01-26 13:38:27.566000,33.3,33.3,33.35,30945528.0
2018-01-26 13:38:30.678000,33.3,33.3,33.35,30945528.0
2018-01-26 13:38:33.801000,33.3,33.3,33.35,30945528.0
2018-01-26 13:38:36.928000,33.3,33.3,33.35,30945528.0
2018-01-26 13:38:40.166000,33.3,33.3,33.35,30945528.0
2018-01-26 13:38:43.470000,33.3,33.3,33.35,31149528.0
2018-01-26 13:38:46.757000,33.3,33.3,33.35,31149528.0
2018-01-26 13:38:50.230000,33.3,33.3,33.35,31149528.0
2018-01-26 13:38:53.526000,33.3,33.3,33.35,31149528.0
2018-01-26 13:38:56.669000,33.3,33.3,33.35,31149528.0
2018-01-26 13:38:59.594000,33.3,33.3,33.35,31149528.0
2018-01-26 13:39:02.870000,33.3,33.3,33.35,31149528.0
2018-01-26 13:39:06.206000,33.3,33.3,33.35,31149528.0
2018-01-26 13:39:09.602000,33.3,33.3,33.35,31149528.0
2018-01-26 13:39:12.680000,33.3,33.3,33.35,31149528.0
2018-01-26 13:39:15.830000,33.3,33.3,33.35,31149528.0
2018-01-26 13:39:19.018000,33.3,33.3,33.35,31149528.0
2018-01-26 13:39:22.174000,33.3,33.3,33.35,31149528.0
2018-01-26 13:39:25.256000,33.3,33.3,33.35,31149528.0
2018-01-26 13:39:28.711000,33.3,33.3,33.35,31149528.0
2018-01-26 13:39:31.924000,33.3,33.3,33.35,31149528.0
2018-01-26 13:39:35.214000,33.3,33.3,33.35,31149528.0
2018-01-26 13:39:38.576000,33.25,33.25,33.3,31719028.0
2018-01-26 13:39:41.915000,33.25,33.25,33.3,31719028.0
2018-01-26 13:39:45.091000,33.25,33.25,33.3,31719028.0
2018-01-26 13:39:48.296000,33.25,33.25,33.3,31719028.0
2018-01-26 13:39:51.425000,33.25,33.25,33.3,31719028.0
2018-01-26 13:39:54.540000,33.25,33.25,33.3,31719028.0
2018-01-26 13:39:57.820000,33.25,33.25,33.3,31719028.0
2018-01-26 13:40:01.254000,33.25,33.25,33.3,31719028.0
2018-01-26 13:40:04.262000,33.25,33.25,33.3,31719028.0
2018-01-26 13:40:07.253000,33.25,33.25,33.3,31719028.0
2018-01-26 13:40:10.398000,33.25,33.25,33.3,31719028.0
2018-01-26 13:40:13.522000,33.25,33.25,33.3,31719028.0
2018-01-26 13:40:16.583000,33.25,33.25,33.3,31719028.0
2018-01-26 13:40:19.898000,33.25,33.25,33.3,31719028.0
2018-01-26 13:40:23.410000,33.25,33.25,33.3,31719028.0
2018-01-26 13:40:26.780000,33.25,33.25,33.3,31719028.0
2018-01-26 13:40:30.105000,33.25,33.25,33.3,31719028.0
2018-01-26 13:40:33.170000,33.25,33.25,33.3,31719028.0
2018-01-26 13:40:36.394000,33.25,33.25,33.3,31719028.0
2018-01-26 13:40:39.589000,33.25,33.25,33.3,31719028.0
2018-01-26 13:40:42.758000,33.25,33.25,33.3,31719028.0
2018-01-26 13:40:45.849000,33.25,33.25,33.3,31719028.0
2018-01-26 13:40:48.492000,,,,
2018-01-26 13:40:51.602000,33.25,33.25,33.3,31719028.0
2018-01-26 13:40:54.765000,33.25,33.25,33.3,31719028.0
2018-01-26 13:40:57.920000,33.25,33.25,33.3,31719028.0
2018-01-26 13:41:01.178000,33.25,33.25,33.3,31719028.0
2018-01-26 13:41:04.287000,33.3,33.3,33.35,31733128.0
2018-01-26 13:41:07.423000,33.3,33.3,33.35,31733128.0
2018-01-26 13:41:10.473000,33.3,33.3,33.35,31733128.0
2018-01-26 13:41:13.452000,33.3,33.3,33.35,31733128.0
2018-01-26 13:41:16.504000,33.3,33.3,33.35,31733128.0
2018-01-26 13:41:19.645000,33.3,33.3,33.35,31733128.0
2018-01-26 13:41:22.712000,33.3,33.3,33.35,31733128.0
2018-01-26 13:41:26.020000,33.3,33.3,33.35,31733128.0
2018-01-26 13:41:29.173000,33.3,33.3,33.35,31733128.0
2018-01-26 13:41:32.194000,33.3,33.3,33.35,31733128.0
2018-01-26 13:41:35.317000,33.3,33.3,33.35,31733128.0
2018-01-26 13:41:38.277000,33.3,33.3,33.35,31733128.0
2018-01-26 13:41:41.434000,33.3,33.3,33.35,31733128.0
2018-01-26 13:41:44.549000,33.3,33.3,33.35,31733128.0
2018-01-26 13:41:47.814000,33.3,33.3,33.35,31733128.0
2018-01-26 13:41:51.255000,33.3,33.3,33.35,31733128.0
2018-01-26 13:41:54.298000,33.3,33.3,33.35,31733128.0
2018-01-26 13:41:57.573000,33.3,33.3,33.35,31733128.0
2018-01-26 13:42:00.604000,33.3,33.3,33.35,31733128.0
2018-01-26 13:42:03.758000,33.3,33.3,33.35,31733128.0
2018-01-26 13:42:07.008000,33.3,33.3,33.35,31733128.0
2018-01-26 13:42:10.457000,33.3,33.3,33.35,31733628.0
2018-01-26 13:42:13.400000,33.3,33.3,33.35,31733628.0
2018-01-26 13:42:16.663000,33.3,33.3,33.35,31733628.0
2018-01-26 13:42:19.926000,33.3,33.3,33.35,31733628.0
2018-01-26 13:42:22.930000,33.3,33.3,33.35,31733628.0
2018-01-26 13:42:26.084000,33.3,33.3,33.35,31733628.0
2018-01-26 13:42:29.345000,33.3,33.3,33.35,31733628.0
2018-01-26 13:42:32.788000,33.3,33.3,33.35,31733628.0
2018-01-26 13:42:35.823000,33.3,33.3,33.35,31733628.0
2018-01-26 13:42:38.733000,33.3,33.3,33.35,31733628.0
2018-01-26 13:42:41.883000,33.3,33.3,33.35,31733628.0
2018-01-26 13:42:44.971000,33.3,33.3,33.35,31733628.0
2018-01-26 13:42:47.948000,33.3,33.3,33.35,31733628.0
2018-01-26 13:42:51.100000,33.3,33.25,33.3,31739291.0
2018-01-26 13:42:54.121000,33.3,33.25,33.3,31739291.0
2018-01-26 13:42:57.260000,33.3,33.25,33.3,31739291.0
2018-01-26 13:43:00.276000,33.3,33.25,33.3,31739291.0
2018-01-26 13:43:03.327000,33.3,33.25,33.3,31739291.0
2018-01-26 13:43:06.512000,33.3,33.25,33.3,31739291.0
2018-01-26 13:43:09.680000,33.3,33.25,33.3,31739291.0
2018-01-26 13:43:12.839000,33.3,33.25,33.3,31739291.0
2018-01-26 13:43:15.943000,33.3,33.25,33.3,31739291.0
2018-01-26 13:43:18.876000,33.3,33.25,33.3,31739291.0
2018-01-26 13:43:22.009000,33.3,33.25,33.3,31739291.0
2018-01-26 13:43:25.207000,33.3,33.25,33.3,31739291.0
2018-01-26 13:43:28.170000,33.3,33.25,33.3,31739291.0
2018-01-26 13:43:31.229000,33.3,33.25,33.3,31739291.0
2018-01-26 13:43:34.361000,33.3,33.25,33.3,31739291.0
2018-01-26 13:43:37.543000,33.3,33.25,33.3,31739291.0
2018-01-26 13:43:40.774000,33.3,33.25,33.3,31739291.0
2018-01-26 13:43:43.919000,33.3,33.25,33.3,31739291.0
2018-01-26 13:43:47.087000,33.3,33.25,33.3,31739291.0
2018-01-26 13:43:49.996000,33.3,33.25,33.3,31739291.0
2018-01-26 13:43:53.281000,33.3,33.25,33.3,31739291.0
2018-01-26 13:43:56.496000,33.3,33.25,33.3,31739291.0
2018-01-26 13:43:59.736000,33.3,33.25,33.3,31739291.0
2018-01-26 13:44:02.732000,33.3,33.25,33.3,31739291.0
2018-01-26 13:44:05.859000,33.3,33.25,33.3,31739291.0
2018-01-26 13:44:09.150000,33.3,33.25,33.3,31739291.0
2018-01-26 13:44:12.267000,33.3,33.25,33.3,31739291.0
2018-01-26 13:44:15.454000,33.3,33.25,33.3,31739291.0
2018-01-26 13:44:18.730000,33.3,33.25,33.3,31739291.0
2018-01-26 13:44:21.994000,33.3,33.25,33.3,31739291.0
2018-01-26 13:44:25.077000,33.3,33.25,33.3,31739291.0
2018-01-26 13:44:28.187000,33.3,33.25,33.3,31739291.0
2018-01-26 13:44:31.386000,33.3,33.3,33.35,31741481.0
2018-01-26 13:44:34.410000,33.3,33.3,33.35,31741481.0
2018-01-26 13:44:37.753000,33.3,33.3,33.35,31741481.0
2018-01-26 13:44:40.813000,33.3,33.3,33.35,31741481.0
2018-01-26 13:44:44.016000,33.3,33.3,33.35,31741481.0
2018-01-26 13:44:47.109000,33.3,33.3,33.35,31741481.0
2018-01-26 13:44:50.258000,33.3,33.3,33.35,31741481.0
2018-01-26 13:44:53.711000,33.3,33.3,33.35,31741481.0
2018-01-26 13:44:56.858000,33.3,33.3,33.35,31741481.0
2018-01-26 13:45:00.092000,33.3,33.3,33.35,31741481.0
2018-01-26 13:45:03.311000,33.3,33.3,33.35,31741481.0
2018-01-26 13:45:06.371000,33.3,33.3,33.35,31741481.0
2018-01-26 13:45:09.594000,33.3,33.3,33.35,31741481.0
2018-01-26 13:45:12.795000,33.3,33.3,33.35,31741481.0
2018-01-26 13:45:16.071000,33.3,33.3,33.35,31741481.0
2018-01-26 13:45:19.007000,33.3,33.3,33.35,31741481.0
2018-01-26 13:45:22.075000,33.3,33.3,33.35,31741481.0
2018-01-26 13:45:24.971000,33.3,33.3,33.35,31741481.0
2018-01-26 13:45:27.864000,33.3,33.3,33.35,31741481.0
2018-01-26 13:45:30.983000,33.3,33.3,33.35,31741481.0
2018-01-26 13:45:34.136000,33.3,33.3,33.35,31741481.0
2018-01-26 13:45:37.436000,33.3,33.3,33.35,31741481.0
2018-01-26 13:45:41.482000,33.3,33.3,33.35,31741481.0
2018-01-26 13:45:44.742000,33.3,33.3,33.35,31741481.0
2018-01-26 13:45:47.906000,33.3,33.3,33.35,31741481.0
2018-01-26 13:45:51.181000,33.3,33.3,33.35,31741481.0
2018-01-26 13:45:54.490000,33.3,33.3,33.35,31741481.0
2018-01-26 13:45:57.671000,33.3,33.3,33.35,31741481.0
2018-01-26 13:46:00.824000,33.3,33.3,33.35,31741481.0
2018-01-26 13:46:03.890000,33.3,33.3,33.35,31741481.0
2018-01-26 13:46:07.090000,33.3,33.3,33.35,31741481.0
2018-01-26 13:46:10.289000,33.3,33.3,33.35,31741481.0
2018-01-26 13:46:13.844000,33.3,33.3,33.35,31741481.0
2018-01-26 13:46:16.903000,33.3,33.3,33.35,31741481.0
2018-01-26 13:46:20.210000,33.3,33.3,33.35,31741481.0
2018-01-26 13:46:23.460000,33.3,33.3,33.35,31741481.0
2018-01-26 13:46:26.562000,33.3,33.3,33.35,31741481.0
2018-01-26 13:46:29.608000,33.3,33.3,33.35,31741481.0
2018-01-26 13:46:32.900000,33.3,33.3,33.35,31741481.0
2018-01-26 13:46:36.434000,33.3,33.3,33.35,31741481.0
2018-01-26 13:46:39.508000,33.3,33.3,33.35,31741481.0
2018-01-26 13:46:42.719000,33.3,33.3,33.35,31741481.0
2018-01-26 13:46:46.119000,33.3,33.3,33.35,31741481.0
2018-01-26 13:46:49.129000,33.3,33.3,33.35,31741481.0
2018-01-26 13:46:52.563000,33.3,33.3,33.35,31741481.0
2018-01-26 13:46:55.799000,33.3,33.3,33.35,31741481.0
2018-01-26 13:46:59.112000,33.3,33.3,33.35,31741481.0
2018-01-26 13:47:02.186000,33.3,33.3,33.35,31741481.0
2018-01-26 13:47:05.273000,33.3,33.3,33.35,31741481.0
2018-01-26 13:47:08.359000,33.3,33.3,33.35,31741481.0
2018-01-26 13:47:12.172000,33.3,33.3,33.35,31741481.0
2018-01-26 13:47:15.468000,33.3,33.3,33.35,31752481.0
2018-01-26 13:47:18.608000,33.3,33.3,33.35,31752481.0
2018-01-26 13:47:21.826000,33.3,33.3,33.35,31752481.0
2018-01-26 13:47:25.004000,33.3,33.3,33.35,31752481.0
2018-01-26 13:47:28.098000,33.3,33.3,33.35,31752481.0
2018-01-26 13:47:31.164000,33.3,33.3,33.35,31752481.0
2018-01-26 13:47:34.206000,33.3,33.3,33.35,31752481.0
2018-01-26 13:47:37.329000,33.3,33.3,33.35,31752481.0
2018-01-26 13:47:40.375000,33.3,33.3,33.35,31752481.0
2018-01-26 13:47:43.844000,33.3,33.3,33.35,31752481.0
2018-01-26 13:47:46.906000,33.3,33.3,33.35,31752481.0
2018-01-26 13:47:50.159000,33.3,33.3,33.35,31752481.0
2018-01-26 13:47:53.253000,33.35,33.3,33.35,31905481.0
2018-01-26 13:47:56.325000,33.35,33.3,33.35,31905481.0
2018-01-26 13:47:59.590000,33.35,33.3,33.35,31905481.0
2018-01-26 13:48:02.590000,33.35,33.3,33.35,31905481.0
2018-01-26 13:48:05.587000,33.35,33.3,33.35,31905481.0
2018-01-26 13:48:08.861000,33.35,33.3,33.35,31905481.0
2018-01-26 13:48:12.141000,33.35,33.3,33.35,31905481.0
2018-01-26 13:48:15.136000,33.35,33.3,33.35,31905481.0
2018-01-26 13:48:18.221000,33.35,33.3,33.35,31905481.0
2018-01-26 13:48:21.437000,33.35,33.3,33.35,31905481.0
2018-01-26 13:48:24.596000,33.35,33.3,33.4,31950981.0
2018-01-26 13:48:27.881000,33.35,33.3,33.4,31950981.0
2018-01-26 13:48:31.144000,33.35,33.3,33.4,31950981.0
2018-01-26 13:48:34.269000,33.35,33.3,33.4,31950981.0
2018-01-26 13:48:37.375000,33.35,33.3,33.4,31950981.0
2018-01-26 13:48:40.627000,33.35,33.3,33.4,31950981.0
2018-01-26 13:48:43.841000,33.35,33.3,33.4,31950981.0
2018-01-26 13:48:47.047000,33.35,33.3,33.4,31950981.0
2018-01-26 13:48:50.162000,33.35,33.3,33.4,31950981.0
2018-01-26 13:48:53.457000,33.35,33.3,33.4,31950981.0
2018-01-26 13:48:56.797000,33.35,33.3,33.4,31950981.0
2018-01-26 13:48:59.833000,33.35,33.3,33.4,31950981.0
2018-01-26 13:49:03.077000,33.35,33.3,33.4,31950981.0
2018-01-26 13:49:06.333000,33.35,33.3,33.4,31950981.0
2018-01-26 13:49:09.614000,33.35,33.3,33.4,31950981.0
2018-01-26 13:49:12.736000,33.35,33.3,33.4,31950981.0
2018-01-26 13:49:15.797000,33.35,33.3,33.4,31950981.0
2018-01-26 13:49:18.932000,33.35,33.3,33.4,31950981.0
2018-01-26 13:49:22.345000,33.35,33.3,33.4,31950981.0
2018-01-26 13:49:25.635000,33.35,33.3,33.4,31950981.0
2018-01-26 13:49:28.599000,33.35,33.3,33.4,31950981.0
2018-01-26 13:49:31.783000,33.35,33.3,33.4,31950981.0
2018-01-26 13:49:34.796000,33.35,33.3,33.4,31950981.0
2018-01-26 13:49:37.798000,33.35,33.3,33.4,31950981.0
2018-01-26 13:49:40.852000,33.35,33.3,33.35,31964554.0
2018-01-26 13:49:44.491000,33.35,33.3,33.35,31964554.0
2018-01-26 13:49:47.443000,33.35,33.3,33.35,31964554.0
2018-01-26 13:49:50.444000,33.35,33.3,33.35,31964554.0
2018-01-26 13:49:53.506000,33.35,33.3,33.35,31964554.0
2018-01-26 13:49:56.986000,33.35,33.3,33.35,31964554.0
2018-01-26 13:50:00.249000,33.35,33.3,33.35,31964554.0
2018-01-26 13:50:03.549000,33.35,33.3,33.35,31964554.0
2018-01-26 13:50:06.708000,33.35,33.3,33.35,31964554.0
2018-01-26 13:50:09.905000,33.35,33.3,33.35,31964554.0
2018-01-26 13:50:13.159000,33.35,33.3,33.35,31964554.0
2018-01-26 13:50:16.100000,33.35,33.3,33.35,31964554.0
2018-01-26 13:50:19.114000,33.35,33.3,33.35,31964554.0
2018-01-26 13:50:22.458000,33.35,33.3,33.35,31964554.0
2018-01-26 13:50:25.843000,33.35,33.3,33.35,31964554.0
2018-01-26 13:50:28.898000,33.35,33.3,33.35,31964554.0
2018-01-26 13:50:32.337000,33.35,33.3,33.35,31964554.0
2018-01-26 13:50:35.367000,33.35,33.3,33.35,31964554.0
2018-01-26 13:50:38.483000,33.35,33.3,33.35,31964554.0
2018-01-26 13:50:41.909000,33.35,33.3,33.35,31964554.0
2018-01-26 13:50:44.939000,33.35,33.3,33.35,31964554.0
2018-01-26 13:50:48.228000,33.35,33.3,33.35,31964554.0
2018-01-26 13:50:51.435000,33.35,33.3,33.35,31964554.0
2018-01-26 13:50:54.554000,33.35,33.3,33.35,31964554.0
2018-01-26 13:50:57.551000,33.35,33.3,33.35,31964554.0
2018-01-26 13:51:00.585000,33.35,33.3,33.35,32050554.0
2018-01-26 13:51:04.023000,33.35,33.3,33.35,32050554.0
2018-01-26 13:51:07.144000,33.35,33.3,33.35,32050554.0
2018-01-26 13:51:10.355000,33.35,33.3,33.35,32050554.0
2018-01-26 13:51:13.413000,33.35,33.3,33.35,32050554.0
2018-01-26 13:51:16.569000,33.35,33.3,33.35,32050554.0
2018-01-26 13:51:19.659000,33.35,33.3,33.35,32050554.0
2018-01-26 13:51:22.774000,33.35,33.3,33.35,32050554.0
2018-01-26 13:51:25.978000,33.35,33.3,33.35,32050554.0
2018-01-26 13:51:29.192000,33.35,33.3,33.35,32050554.0
2018-01-26 13:51:32.398000,33.35,33.3,33.35,32050554.0
2018-01-26 13:51:35.650000,33.35,33.3,33.35,32050554.0
2018-01-26 13:51:38.915000,33.35,33.3,33.35,32050554.0
2018-01-26 13:51:42.068000,33.35,33.3,33.35,32050554.0
2018-01-26 13:51:45.188000,33.35,33.3,33.35,32050554.0
2018-01-26 13:51:48.620000,33.35,33.3,33.35,32050554.0
2018-01-26 13:51:51.867000,33.35,33.3,33.35,32050554.0
2018-01-26 13:51:55.884000,33.35,33.3,33.35,32050554.0
2018-01-26 13:51:59.193000,33.35,33.3,33.35,32050554.0
2018-01-26 13:52:02.556000,33.35,33.3,33.35,32050554.0
2018-01-26 13:52:07.540000,33.3,33.3,33.35,32085446.0
2018-01-26 13:52:10.807000,33.3,33.3,33.35,32085446.0
2018-01-26 13:52:13.983000,33.3,33.3,33.35,32085446.0
2018-01-26 13:52:17.193000,33.3,33.3,33.35,32085446.0
2018-01-26 13:52:20.862000,33.3,33.3,33.35,32085446.0
2018-01-26 13:52:24.118000,33.3,33.3,33.35,32085446.0
2018-01-26 13:52:27.165000,33.3,33.3,33.35,32085446.0
2018-01-26 13:52:30.511000,33.3,33.3,33.35,32085446.0
2018-01-26 13:52:33.677000,33.3,33.3,33.35,32085446.0
2018-01-26 13:52:36.753000,33.3,33.3,33.35,32085646.0
2018-01-26 13:52:39.787000,33.3,33.3,33.35,32085646.0
2018-01-26 13:52:43.028000,33.3,33.3,33.35,32085646.0
2018-01-26 13:52:46.611000,33.3,33.3,33.35,32085646.0
2018-01-26 13:52:49.782000,33.3,33.3,33.35,32085646.0
2018-01-26 13:52:53.408000,33.3,33.3,33.35,32085646.0
2018-01-26 13:52:56.471000,33.3,33.3,33.35,32085646.0
2018-01-26 13:52:59.823000,33.3,33.3,33.35,32085646.0
2018-01-26 13:53:03.067000,33.3,33.3,33.35,32085646.0
2018-01-26 13:53:06.308000,33.3,33.3,33.35,32085646.0
2018-01-26 13:53:09.612000,33.3,33.3,33.35,32085646.0
2018-01-26 13:53:12.752000,33.3,33.3,33.35,32085646.0
2018-01-26 13:53:16.031000,33.3,33.3,33.35,32085646.0
2018-01-26 13:53:19.443000,33.3,33.3,33.35,32151646.0
2018-01-26 13:53:22.572000,33.3,33.3,33.35,32151646.0
2018-01-26 13:53:25.826000,33.3,33.3,33.35,32151646.0
2018-01-26 13:53:29.074000,33.3,33.3,33.35,32151646.0
2018-01-26 13:53:32.197000,33.3,33.3,33.35,32151646.0
2018-01-26 13:53:35.501000,33.3,33.3,33.35,32151646.0
2018-01-26 13:53:38.604000,33.3,33.3,33.35,32151646.0
2018-01-26 13:53:41.715000,33.3,33.3,33.35,32151646.0
2018-01-26 13:53:44.933000,33.3,33.3,33.35,32151646.0
2018-01-26 13:53:48.121000,33.3,33.3,33.35,32151646.0
2018-01-26 13:53:51.173000,33.3,33.3,33.35,32151646.0
2018-01-26 13:53:54.359000,33.3,33.3,33.35,32151646.0
2018-01-26 13:53:57.510000,33.3,33.3,33.35,32151646.0
2018-01-26 13:54:00.654000,33.3,33.3,33.35,32151646.0
2018-01-26 13:54:03.698000,33.3,33.3,33.35,32151646.0
2018-01-26 13:54:06.925000,33.3,33.3,33.35,32151646.0
2018-01-26 13:54:09.958000,33.3,33.3,33.35,32151646.0
2018-01-26 13:54:12.978000,33.3,33.3,33.35,32151646.0
2018-01-26 13:54:16.016000,33.3,33.3,33.35,32151646.0
2018-01-26 13:54:19.108000,33.3,33.3,33.35,32151646.0
2018-01-26 13:54:22.370000,33.3,33.3,33.35,32151646.0
2018-01-26 13:54:25.855000,33.3,33.3,33.35,32403146.0
2018-01-26 13:54:28.966000,33.3,33.3,33.35,32403146.0
2018-01-26 13:54:32.182000,33.3,33.3,33.35,32403146.0
2018-01-26 13:54:35.481000,33.3,33.3,33.35,32403146.0
2018-01-26 13:54:38.513000,33.3,33.3,33.35,32403146.0
2018-01-26 13:54:41.729000,33.3,33.3,33.35,36116646.0
2018-01-26 13:54:44.930000,33.3,33.3,33.35,36116646.0
2018-01-26 13:54:48.002000,33.3,33.3,33.35,36116646.0
2018-01-26 13:54:50.961000,33.3,33.3,33.35,36116646.0
2018-01-26 13:54:54.184000,33.3,33.3,33.35,36116646.0
2018-01-26 13:54:57.230000,33.3,33.3,33.35,36116646.0
2018-01-26 13:55:00.477000,33.3,33.3,33.35,36116646.0
2018-01-26 13:55:03.422000,33.3,33.3,33.35,36116646.0
2018-01-26 13:55:06.892000,33.3,33.3,33.35,36116646.0
2018-01-26 13:55:10.039000,33.3,33.3,33.35,36116646.0
2018-01-26 13:55:13.061000,33.3,33.3,33.35,36116646.0
2018-01-26 13:55:16.994000,33.3,33.3,33.35,39367646.0
2018-01-26 13:55:19.821000,33.3,33.3,33.35,39367646.0
2018-01-26 13:55:22.859000,33.3,33.3,33.35,39367646.0
2018-01-26 13:55:25.763000,33.3,33.3,33.35,39367646.0
2018-01-26 13:55:28.434000,33.3,33.3,33.35,39367646.0
2018-01-26 13:55:31.390000,33.3,33.3,33.35,39367646.0
2018-01-26 13:55:34.235000,33.3,33.3,33.35,39367646.0
2018-01-26 13:55:37.045000,33.3,33.3,33.35,39367646.0
2018-01-26 13:55:40.360000,33.3,33.3,33.35,39367646.0
2018-01-26 13:55:43.344000,33.3,33.3,33.35,39367646.0
2018-01-26 13:55:46.139000,33.3,33.3,33.35,39367646.0
2018-01-26 13:55:49.265000,33.3,33.3,33.35,39367646.0
2018-01-26 13:55:52.195000,33.3,33.3,33.35,39367646.0
2018-01-26 13:55:55.036000,33.3,33.3,33.35,39367646.0
2018-01-26 13:55:58.062000,33.3,33.3,33.35,39367646.0
2018-01-26 13:56:01.087000,33.3,33.3,33.35,39367646.0
2018-01-26 13:56:04.041000,33.3,33.3,33.35,39367646.0
2018-01-26 13:56:06.828000,33.3,33.3,33.35,39367646.0
2018-01-26 13:56:09.737000,33.3,33.3,33.35,39367646.0
2018-01-26 13:56:12.527000,33.3,33.3,33.35,39367646.0
2018-01-26 13:56:15.468000,33.3,33.3,33.35,39367646.0
2018-01-26 13:56:18.468000,33.3,33.3,33.35,39367646.0
2018-01-26 13:56:21.235000,33.3,33.3,33.35,39367646.0
2018-01-26 13:56:25.093000,33.3,33.3,33.35,39367646.0
2018-01-26 13:56:27.981000,33.3,33.3,33.35,39367646.0
2018-01-26 13:56:31.548000,33.3,33.3,33.35,39367646.0
2018-01-26 13:56:34.437000,33.3,33.3,33.35,39367646.0
2018-01-26 13:56:37.302000,33.3,33.3,33.35,39367646.0
2018-01-26 13:56:40.048000,33.3,33.3,33.35,39367646.0
2018-01-26 13:56:43.013000,33.3,33.3,33.35,39367646.0
2018-01-26 13:56:45.719000,33.3,33.3,33.35,39367646.0
2018-01-26 13:56:48.640000,33.3,33.3,33.35,39367646.0
2018-01-26 13:56:51.502000,33.3,33.3,33.35,39367646.0
2018-01-26 13:56:54.793000,33.3,33.3,33.35,39367646.0
2018-01-26 13:56:57.594000,33.3,33.3,33.35,39367646.0
2018-01-26 13:57:00.477000,33.3,33.3,33.35,39367646.0
2018-01-26 13:57:03.437000,33.3,33.3,33.35,39367646.0
2018-01-26 13:57:06.181000,33.3,33.3,33.35,39367646.0
2018-01-26 13:57:09.047000,33.3,33.3,33.35,39367646.0
2018-01-26 13:57:11.772000,33.3,33.3,33.35,39367646.0
2018-01-26 13:57:14.646000,33.3,33.3,33.35,39367646.0
2018-01-26 13:57:17.547000,33.3,33.3,33.35,39367646.0
2018-01-26 13:57:20.556000,33.3,33.3,33.35,39367646.0
2018-01-26 13:57:23.476000,33.3,33.3,33.35,39387766.0
2018-01-26 13:57:26.362000,33.3,33.3,33.35,39387766.0
2018-01-26 13:57:29.181000,33.3,33.3,33.35,39387766.0
2018-01-26 13:57:31.994000,33.3,33.3,33.35,39387766.0
2018-01-26 13:57:35.205000,33.3,33.3,33.35,39387766.0
2018-01-26 13:57:37.955000,33.3,33.3,33.35,39387766.0
2018-01-26 13:57:40.845000,33.3,33.3,33.35,39387766.0
2018-01-26 13:57:43.939000,33.3,33.3,33.35,39387766.0
2018-01-26 13:57:47.313000,33.3,33.3,33.35,39387766.0
2018-01-26 13:57:52.274000,33.3,33.3,33.35,39387766.0
2018-01-26 13:57:55.722000,33.3,33.3,33.35,39387766.0
2018-01-26 13:57:58.830000,33.3,33.3,33.35,39387766.0
2018-01-26 13:58:02.049000,33.3,33.3,33.35,39387766.0
2018-01-26 13:58:05.381000,33.3,33.3,33.35,39387766.0
2018-01-26 13:58:08.491000,33.3,33.3,33.35,39387766.0
2018-01-26 13:58:11.543000,33.3,33.3,33.35,39387766.0
2018-01-26 13:58:14.986000,33.3,33.3,33.35,39387766.0
2018-01-26 13:58:24.565000,33.3,33.3,33.35,39397331.0
2018-01-26 13:58:27.968000,33.3,33.3,33.35,39397331.0
2018-01-26 13:58:31.597000,33.3,33.3,33.35,39397331.0
2018-01-26 13:58:34.955000,33.3,33.3,33.35,39397331.0
2018-01-26 13:58:38.487000,33.3,33.3,33.35,39397331.0
2018-01-26 13:58:42.005000,33.3,33.3,33.35,39397331.0
2018-01-26 13:58:45.581000,33.3,33.3,33.35,39397331.0
2018-01-26 13:58:48.694000,33.3,33.3,33.35,39397331.0
2018-01-26 13:58:51.939000,33.3,33.3,33.35,39397331.0
2018-01-26 13:58:54.901000,33.3,33.3,33.35,39397331.0
2018-01-26 13:58:57.844000,33.3,33.3,33.35,39397331.0
2018-01-26 13:59:00.788000,33.3,33.3,33.35,39397331.0
2018-01-26 13:59:04.020000,33.3,33.3,33.35,39397331.0
2018-01-26 13:59:07.237000,33.3,33.3,33.35,39397331.0
2018-01-26 13:59:11.875000,33.3,33.3,33.35,39397331.0
2018-01-26 13:59:15.062000,33.3,33.3,33.35,39397331.0
2018-01-26 13:59:18.403000,33.3,33.3,33.35,39397331.0
2018-01-26 13:59:21.609000,33.3,33.3,33.35,39397331.0
2018-01-26 13:59:24.946000,33.3,33.3,33.35,39397331.0
2018-01-26 13:59:28.174000,33.3,33.3,33.35,39397331.0
2018-01-26 13:59:31.390000,33.3,33.3,33.35,39397331.0
2018-01-26 13:59:34.553000,33.3,33.3,33.35,39397331.0
2018-01-26 13:59:37.939000,33.3,33.3,33.35,39397331.0
2018-01-26 13:59:41.013000,33.3,33.3,33.35,39397331.0
2018-01-26 13:59:44.257000,33.3,33.3,33.35,39397331.0
2018-01-26 13:59:47.675000,33.3,33.3,33.35,39397331.0
2018-01-26 13:59:51.100000,33.3,33.3,33.35,39397331.0
2018-01-26 13:59:54.089000,33.3,33.3,33.35,39397331.0
2018-01-26 13:59:57.458000,33.3,33.3,33.35,39397331.0
2018-01-26 14:00:00.907000,33.3,33.3,33.35,39397331.0
2018-01-26 14:00:04.176000,33.3,33.3,33.35,39397331.0
2018-01-26 14:00:07.689000,33.3,33.3,33.35,39397331.0
2018-01-26 14:00:10.927000,33.3,33.3,33.35,39397331.0
2018-01-26 14:00:14.189000,33.3,33.3,33.35,39397331.0
2018-01-26 14:00:18.036000,33.3,33.3,33.35,39397331.0
2018-01-26 14:00:21.249000,33.3,33.3,33.35,39397331.0
2018-01-26 14:00:24.366000,33.3,33.3,33.35,39397331.0
2018-01-26 14:00:27.512000,33.3,33.3,33.35,39397331.0
2018-01-26 14:00:30.666000,33.3,33.3,33.35,39397331.0
2018-01-26 14:00:34.153000,33.3,33.3,33.35,39397331.0
2018-01-26 14:00:37.593000,33.3,33.3,33.35,39397331.0
2018-01-26 14:00:40.993000,33.3,33.3,33.35,39397331.0
2018-01-26 14:00:44.051000,33.3,33.3,33.35,39397331.0
2018-01-26 14:00:47.194000,33.3,33.3,33.35,39397331.0
2018-01-26 14:00:50.192000,33.3,33.3,33.35,39418531.0
2018-01-26 14:00:53.495000,33.3,33.3,33.35,39418531.0
2018-01-26 14:00:56.640000,33.3,33.3,33.35,39418531.0
2018-01-26 14:00:59.605000,33.3,33.3,33.35,39418531.0
2018-01-26 14:01:02.661000,33.3,33.3,33.35,39418531.0
2018-01-26 14:01:05.338000,33.3,33.3,33.35,39418531.0
2018-01-26 14:01:08.384000,33.3,33.3,33.35,39418531.0
2018-01-26 14:01:11.368000,33.3,33.3,33.35,39418531.0
2018-01-26 14:01:13.949000,33.3,33.3,33.35,39418531.0
2018-01-26 14:01:16.795000,33.3,33.3,33.35,39418531.0
2018-01-26 14:01:19.619000,33.3,33.3,33.35,39418531.0
2018-01-26 14:01:22.269000,33.3,33.3,33.35,39418531.0
2018-01-26 14:01:25.415000,33.3,33.3,33.35,39418531.0
2018-01-26 14:01:28.591000,33.3,33.3,33.35,39418531.0
2018-01-26 14:01:31.594000,33.3,33.3,33.35,39418531.0
2018-01-26 14:01:34.565000,33.3,33.3,33.35,39418531.0
2018-01-26 14:01:37.834000,33.3,33.3,33.35,39418531.0
2018-01-26 14:01:40.933000,33.3,33.3,33.35,39418531.0
2018-01-26 14:01:44.100000,33.3,33.3,33.35,39418531.0
2018-01-26 14:01:47.351000,33.3,33.3,33.35,39418531.0
2018-01-26 14:01:50.408000,33.3,33.3,33.35,39418531.0
2018-01-26 14:01:53.946000,33.3,33.3,33.35,39418531.0
2018-01-26 14:01:56.962000,33.3,33.3,33.35,39422531.0
2018-01-26 14:01:59.976000,33.3,33.3,33.35,39422531.0
2018-01-26 14:02:02.945000,33.3,33.3,33.35,39422531.0
2018-01-26 14:02:06.111000,33.3,33.3,33.35,39422531.0
2018-01-26 14:02:09.301000,33.3,33.3,33.35,39422531.0
2018-01-26 14:02:12.162000,33.3,33.3,33.35,39422531.0
2018-01-26 14:02:15.133000,33.3,33.3,33.35,39422531.0
2018-01-26 14:02:18.164000,33.3,33.3,33.35,39422531.0
2018-01-26 14:02:21.240000,33.3,33.3,33.35,39422531.0
2018-01-26 14:02:24.554000,33.3,33.3,33.35,39422531.0
2018-01-26 14:02:27.788000,33.3,33.3,33.35,39422531.0
2018-01-26 14:02:31.440000,33.3,33.3,33.35,39422531.0
2018-01-26 14:02:34.962000,33.3,33.3,33.35,39422531.0
2018-01-26 14:02:38.444000,33.3,33.3,33.35,39422531.0
2018-01-26 14:02:41.815000,33.3,33.3,33.35,39422531.0
2018-01-26 14:02:46.202000,33.3,33.3,33.35,39422531.0
2018-01-26 14:02:50.463000,33.3,33.3,33.35,39422531.0
2018-01-26 14:02:53.823000,33.3,33.3,33.35,39427031.0
2018-01-26 14:02:57.138000,33.3,33.3,33.35,39427031.0
2018-01-26 14:03:00.461000,33.3,33.3,33.35,39427031.0
2018-01-26 14:03:04.104000,33.3,33.3,33.35,39427031.0
2018-01-26 14:03:07.370000,33.3,33.3,33.35,39427031.0
2018-01-26 14:03:10.425000,33.3,33.3,33.35,39427031.0
2018-01-26 14:03:13.781000,33.3,33.3,33.35,39427031.0
2018-01-26 14:03:17.007000,33.3,33.3,33.35,39427031.0
2018-01-26 14:03:20.342000,33.3,33.3,33.35,39427031.0
2018-01-26 14:03:23.791000,33.3,33.3,33.35,39427031.0
2018-01-26 14:03:27.179000,33.3,33.3,33.35,39427031.0
2018-01-26 14:03:30.537000,33.3,33.3,33.35,39427031.0
2018-01-26 14:03:33.836000,33.3,33.3,33.35,39427031.0
2018-01-26 14:03:37.138000,33.3,33.3,33.35,39427031.0
2018-01-26 14:03:40.377000,33.3,33.3,33.35,39427031.0
2018-01-26 14:03:43.851000,33.3,33.3,33.35,39427031.0
2018-01-26 14:03:47.009000,33.3,33.3,33.35,39427031.0
2018-01-26 14:03:50.278000,33.3,33.3,33.35,39427031.0
2018-01-26 14:03:53.434000,33.3,33.3,33.35,39427031.0
2018-01-26 14:03:56.714000,33.3,33.3,33.35,39427031.0
2018-01-26 14:04:00.016000,33.3,33.3,33.35,39427031.0
2018-01-26 14:04:03.433000,33.3,33.3,33.35,39427031.0
2018-01-26 14:04:07.305000,33.3,33.3,33.35,39427031.0
2018-01-26 14:04:12.377000,33.3,33.3,33.35,39427531.0
2018-01-26 14:04:15.763000,33.3,33.3,33.35,39427531.0
2018-01-26 14:04:19.274000,33.3,33.3,33.35,39427531.0
2018-01-26 14:04:22.643000,33.3,33.3,33.35,39427531.0
2018-01-26 14:04:26.072000,33.3,33.3,33.35,39427531.0
2018-01-26 14:04:29.341000,33.3,33.3,33.35,39427531.0
2018-01-26 14:04:32.780000,33.3,33.3,33.35,39427531.0
2018-01-26 14:04:36.528000,33.3,33.3,33.35,39427531.0
2018-01-26 14:04:39.951000,33.3,33.3,33.35,39427531.0
2018-01-26 14:04:43.119000,33.3,33.3,33.35,39427531.0
2018-01-26 14:04:46.389000,33.3,33.3,33.35,39427531.0
2018-01-26 14:04:49.713000,33.3,33.3,33.35,39437031.0
2018-01-26 14:04:53.420000,33.3,33.3,33.35,39437031.0
2018-01-26 14:04:56.658000,33.3,33.3,33.35,39437031.0
2018-01-26 14:05:00.292000,33.3,33.3,33.35,39437031.0
2018-01-26 14:05:04.012000,33.3,33.3,33.35,39437031.0
2018-01-26 14:05:07.281000,33.3,33.3,33.35,39437031.0
2018-01-26 14:05:10.779000,33.3,33.3,33.35,39437031.0
2018-01-26 14:05:14.486000,33.3,33.3,33.35,39437031.0
2018-01-26 14:05:17.897000,33.3,33.3,33.35,39437031.0
2018-01-26 14:05:21.371000,33.3,33.3,33.35,39437031.0
2018-01-26 14:05:24.515000,33.3,33.3,33.35,39437031.0
2018-01-26 14:05:27.786000,33.3,33.3,33.35,39437031.0
2018-01-26 14:05:31.020000,33.3,33.3,33.35,39437031.0
2018-01-26 14:05:34.561000,33.3,33.3,33.35,39437031.0
2018-01-26 14:05:37.774000,33.3,33.3,33.35,39437031.0
2018-01-26 14:05:41.131000,33.3,33.3,33.35,39437031.0
2018-01-26 14:05:44.518000,33.3,33.3,33.35,39437031.0
2018-01-26 14:05:47.775000,33.3,33.3,33.35,39437031.0
2018-01-26 14:05:50.998000,33.3,33.3,33.35,39437031.0
2018-01-26 14:05:53.971000,33.3,33.3,33.35,39437031.0
2018-01-26 14:05:57.057000,33.3,33.3,33.35,39437031.0
2018-01-26 14:06:00.091000,33.3,33.3,33.35,39437031.0
2018-01-26 14:06:03.247000,33.3,33.3,33.35,39437031.0
2018-01-26 14:06:06.431000,33.3,33.3,33.35,39437031.0
2018-01-26 14:06:09.756000,33.35,33.3,33.35,39479031.0
2018-01-26 14:06:13.121000,33.35,33.3,33.35,39479031.0
2018-01-26 14:06:16.742000,33.35,33.3,33.35,39479031.0
2018-01-26 14:06:19.854000,33.35,33.3,33.35,39479031.0
2018-01-26 14:06:23.139000,33.35,33.3,33.35,39479031.0
2018-01-26 14:06:26.511000,33.35,33.3,33.35,39479031.0
2018-01-26 14:06:29.834000,33.35,33.3,33.35,39923031.0
2018-01-26 14:06:33.216000,33.35,33.3,33.35,39923031.0
2018-01-26 14:06:36.469000,33.35,33.3,33.35,39923031.0
2018-01-26 14:06:39.782000,33.35,33.3,33.35,39923031.0
2018-01-26 14:06:42.872000,33.35,33.3,33.35,39923031.0
2018-01-26 14:06:45.940000,33.35,33.3,33.35,39923031.0
2018-01-26 14:06:49.233000,33.35,33.3,33.35,39923031.0
2018-01-26 14:06:52.473000,33.35,33.3,33.35,39923031.0
2018-01-26 14:06:55.549000,33.35,33.3,33.35,39923031.0
2018-01-26 14:06:58.717000,33.35,33.3,33.35,39923031.0
2018-01-26 14:07:01.747000,33.35,33.3,33.35,39923031.0
2018-01-26 14:07:04.861000,33.35,33.3,33.35,39923031.0
2018-01-26 14:07:08.103000,33.35,33.3,33.35,39923031.0
2018-01-26 14:07:11.431000,33.35,33.3,33.35,39923031.0
2018-01-26 14:07:14.907000,33.35,33.3,33.35,39923031.0
2018-01-26 14:07:18.592000,33.35,33.3,33.35,39923031.0
2018-01-26 14:07:21.922000,33.35,33.3,33.35,39923031.0
2018-01-26 14:07:25.006000,33.35,33.35,33.4,40025531.0
2018-01-26 14:07:28.296000,33.35,33.35,33.4,40025531.0
2018-01-26 14:07:31.447000,33.35,33.35,33.4,40025531.0
2018-01-26 14:07:34.955000,33.35,33.35,33.4,40025531.0
2018-01-26 14:07:38.043000,33.35,33.35,33.4,40025531.0
2018-01-26 14:07:41.268000,33.35,33.35,33.4,40025531.0
2018-01-26 14:07:44.549000,33.35,33.35,33.4,40025531.0
2018-01-26 14:07:47.703000,33.35,33.35,33.4,40025531.0
2018-01-26 14:07:50.823000,33.35,33.35,33.4,40025531.0
2018-01-26 14:07:54.353000,33.35,33.35,33.4,40025531.0
2018-01-26 14:07:57.812000,33.35,33.35,33.4,40025531.0
2018-01-26 14:08:01.029000,33.35,33.35,33.4,40025531.0
2018-01-26 14:08:04.434000,33.35,33.35,33.4,40025531.0
2018-01-26 14:08:07.375000,33.35,33.35,33.4,40025531.0
2018-01-26 14:08:10.750000,33.35,33.35,33.4,40025531.0
2018-01-26 14:08:13.891000,33.35,33.35,33.4,40025531.0
2018-01-26 14:08:16.967000,33.35,33.35,33.4,40025531.0
2018-01-26 14:08:20.070000,33.35,33.35,33.4,40025531.0
2018-01-26 14:08:23.438000,33.35,33.35,33.4,40025531.0
2018-01-26 14:08:26.667000,33.35,33.35,33.4,40032031.0
2018-01-26 14:08:29.852000,33.35,33.35,33.4,40032031.0
2018-01-26 14:08:33.188000,33.35,33.35,33.4,40032031.0
2018-01-26 14:08:36.690000,33.35,33.35,33.4,40032031.0
2018-01-26 14:08:39.847000,33.35,33.35,33.4,40032031.0
2018-01-26 14:08:43.176000,33.35,33.35,33.4,40032031.0
2018-01-26 14:08:46.602000,33.35,33.35,33.4,40032031.0
2018-01-26 14:08:49.897000,33.35,33.35,33.4,40032031.0
2018-01-26 14:08:52.932000,33.35,33.35,33.4,40032031.0
2018-01-26 14:08:56.057000,33.35,33.35,33.4,40032031.0
2018-01-26 14:08:59.258000,33.35,33.35,33.4,40032031.0
2018-01-26 14:09:02.690000,33.35,33.35,33.4,40032031.0
2018-01-26 14:09:05.883000,33.35,33.35,33.4,40032031.0
2018-01-26 14:09:09.142000,33.35,33.35,33.4,40032031.0
2018-01-26 14:09:12.402000,33.35,33.35,33.4,40032031.0
2018-01-26 14:09:15.666000,33.35,33.35,33.4,40032031.0
2018-01-26 14:09:18.845000,33.35,33.35,33.4,40032031.0
2018-01-26 14:09:22.149000,33.35,33.35,33.4,40032031.0
2018-01-26 14:09:25.683000,33.35,33.35,33.4,40032031.0
2018-01-26 14:09:28.784000,33.35,33.35,33.4,40032031.0
2018-01-26 14:09:31.871000,33.35,33.35,33.4,40054031.0
2018-01-26 14:09:35.039000,33.35,33.35,33.4,40054031.0
2018-01-26 14:09:38.423000,33.35,33.35,33.4,40054031.0
2018-01-26 14:09:41.825000,33.35,33.35,33.4,40054031.0
2018-01-26 14:09:45.087000,33.35,33.35,33.4,40054031.0
2018-01-26 14:09:48.327000,33.35,33.35,33.4,40054031.0
2018-01-26 14:09:51.684000,33.35,33.35,33.4,40054031.0
2018-01-26 14:09:55.678000,33.35,33.35,33.4,40054031.0
2018-01-26 14:09:58.612000,33.35,33.35,33.4,40054031.0
2018-01-26 14:10:01.776000,33.35,33.35,33.4,40054031.0
2018-01-26 14:10:04.849000,33.35,33.35,33.4,40054031.0
2018-01-26 14:10:08.422000,33.35,33.35,33.4,40054031.0
2018-01-26 14:10:11.455000,33.35,33.35,33.4,40054031.0
2018-01-26 14:10:14.719000,33.35,33.35,33.4,40054031.0
2018-01-26 14:10:17.776000,33.35,33.35,33.4,40054031.0
2018-01-26 14:10:20.733000,33.35,33.35,33.4,40054031.0
2018-01-26 14:10:23.536000,33.35,33.35,33.4,40054031.0
2018-01-26 14:10:26.729000,33.35,33.35,33.4,40054031.0
2018-01-26 14:10:29.656000,33.35,33.35,33.4,40054031.0
2018-01-26 14:10:32.875000,33.35,33.35,33.4,40054031.0
2018-01-26 14:10:35.883000,33.35,33.35,33.4,40054031.0
2018-01-26 14:10:38.986000,33.35,33.35,33.4,40054031.0
2018-01-26 14:10:42.006000,33.35,33.35,33.4,40054031.0
2018-01-26 14:10:44.978000,33.35,33.35,33.4,40067031.0
2018-01-26 14:10:48.108000,33.35,33.35,33.4,40067031.0
2018-01-26 14:10:51.010000,33.35,33.35,33.4,40067031.0
2018-01-26 14:10:53.926000,33.35,33.35,33.4,40067031.0
2018-01-26 14:10:57.091000,33.35,33.35,33.4,40067031.0
2018-01-26 14:11:00.104000,33.35,33.35,33.4,40067031.0
2018-01-26 14:11:03.061000,33.35,33.35,33.4,40067031.0
2018-01-26 14:11:06.264000,33.35,33.35,33.4,40067031.0
2018-01-26 14:11:09.393000,33.35,33.35,33.4,40067031.0
2018-01-26 14:11:12.428000,33.35,33.35,33.4,40067031.0
2018-01-26 14:11:15.584000,33.35,33.35,33.4,40067031.0
2018-01-26 14:11:18.566000,33.35,33.35,33.4,40067031.0
2018-01-26 14:11:21.662000,33.35,33.35,33.4,40067031.0
2018-01-26 14:11:24.725000,33.35,33.35,33.4,40067031.0
2018-01-26 14:11:27.894000,33.35,33.35,33.4,40067031.0
2018-01-26 14:11:30.894000,33.35,33.35,33.4,40067031.0
2018-01-26 14:11:33.926000,33.35,33.35,33.4,40101973.0
2018-01-26 14:11:37.082000,33.35,33.35,33.4,40101973.0
2018-01-26 14:11:39.933000,33.35,33.35,33.4,40101973.0
2018-01-26 14:11:43.143000,33.35,33.35,33.4,40101973.0
2018-01-26 14:11:46.179000,33.35,33.35,33.4,40101973.0
2018-01-26 14:11:49.723000,33.35,33.35,33.4,40101973.0
2018-01-26 14:11:52.880000,33.35,33.35,33.4,40101973.0
2018-01-26 14:11:56.068000,33.35,33.35,33.4,40101973.0
2018-01-26 14:11:59.366000,33.35,33.35,33.4,40101973.0
2018-01-26 14:12:02.305000,33.35,33.35,33.4,40101973.0
2018-01-26 14:12:05.423000,33.35,33.35,33.4,40101973.0
2018-01-26 14:12:08.399000,33.35,33.35,33.4,40101973.0
2018-01-26 14:12:11.452000,33.35,33.35,33.4,40101973.0
2018-01-26 14:12:14.356000,33.35,33.35,33.4,40101973.0
2018-01-26 14:12:17.269000,33.35,33.35,33.4,40101973.0
2018-01-26 14:12:20.352000,33.35,33.35,33.4,40101973.0
2018-01-26 14:12:23.756000,33.35,33.35,33.4,40109473.0
2018-01-26 14:12:26.683000,33.35,33.35,33.4,40109473.0
2018-01-26 14:12:29.866000,33.35,33.35,33.4,40109473.0
2018-01-26 14:12:33.074000,33.35,33.35,33.4,40109473.0
2018-01-26 14:12:35.961000,33.35,33.35,33.4,40109473.0
2018-01-26 14:12:38.910000,33.35,33.35,33.4,40109473.0
2018-01-26 14:12:41.939000,33.35,33.35,33.4,40109473.0
2018-01-26 14:12:44.956000,33.35,33.3,33.35,40192973.0
2018-01-26 14:12:48.056000,33.35,33.3,33.35,40192973.0
2018-01-26 14:12:50.906000,33.35,33.3,33.35,40192973.0
2018-01-26 14:12:54.020000,33.35,33.3,33.35,40192973.0
2018-01-26 14:12:57.181000,33.35,33.3,33.35,40192973.0
2018-01-26 14:13:00.247000,33.35,33.3,33.35,40192973.0
2018-01-26 14:13:03.110000,33.35,33.3,33.35,40192973.0
2018-01-26 14:13:06.099000,33.35,33.3,33.35,40192973.0
2018-01-26 14:13:09.147000,33.35,33.3,33.35,40192973.0
2018-01-26 14:13:12.142000,33.35,33.3,33.35,40192973.0
2018-01-26 14:13:15.664000,33.35,33.3,33.35,40192973.0
2018-01-26 14:13:18.716000,33.35,33.3,33.35,40192973.0
2018-01-26 14:13:21.563000,33.35,33.3,33.35,40192973.0
2018-01-26 14:13:24.788000,33.35,33.3,33.35,40192973.0
2018-01-26 14:13:27.747000,33.35,33.3,33.35,40192973.0
2018-01-26 14:13:30.691000,33.35,33.3,33.35,40192973.0
2018-01-26 14:13:34.053000,33.35,33.3,33.35,40192973.0
2018-01-26 14:13:36.887000,33.35,33.3,33.35,40192973.0
2018-01-26 14:13:39.792000,33.35,33.3,33.35,40192973.0
2018-01-26 14:13:42.761000,33.35,33.3,33.35,40192973.0
2018-01-26 14:13:45.837000,33.35,33.3,33.35,40192973.0
2018-01-26 14:13:48.739000,33.35,33.3,33.35,40192973.0
2018-01-26 14:13:51.560000,33.35,33.3,33.35,40192973.0
2018-01-26 14:13:54.697000,33.35,33.3,33.35,40192973.0
2018-01-26 14:13:57.751000,33.35,33.3,33.35,40192973.0
2018-01-26 14:14:00.729000,33.35,33.3,33.35,40192973.0
2018-01-26 14:14:03.762000,33.35,33.3,33.35,40192973.0
2018-01-26 14:14:06.635000,33.35,33.3,33.35,40192973.0
2018-01-26 14:14:09.632000,33.35,33.35,33.4,40200973.0
2018-01-26 14:14:12.548000,33.35,33.35,33.4,40200973.0
2018-01-26 14:14:15.605000,33.35,33.35,33.4,40200973.0
2018-01-26 14:14:18.612000,33.35,33.35,33.4,40200973.0
2018-01-26 14:14:21.610000,33.35,33.35,33.4,40200973.0
2018-01-26 14:14:24.746000,33.35,33.35,33.4,40200973.0
2018-01-26 14:14:27.779000,33.35,33.35,33.4,40200973.0
2018-01-26 14:14:31.046000,33.35,33.35,33.4,40200973.0
2018-01-26 14:14:34.024000,33.35,33.35,33.4,40200973.0
2018-01-26 14:14:37.107000,33.35,33.35,33.4,40200973.0
2018-01-26 14:14:40.353000,33.35,33.35,33.4,40200973.0
2018-01-26 14:14:43.234000,33.35,33.35,33.4,40200973.0
2018-01-26 14:14:46.858000,33.35,33.35,33.4,40200973.0
2018-01-26 14:14:50.133000,33.35,33.35,33.4,40200973.0
2018-01-26 14:14:53.158000,33.35,33.35,33.4,40200973.0
2018-01-26 14:14:56.397000,33.35,33.35,33.4,40200973.0
2018-01-26 14:14:59.413000,33.35,33.35,33.4,40200973.0
2018-01-26 14:15:02.573000,33.35,33.35,33.4,40200973.0
2018-01-26 14:15:05.547000,33.35,33.35,33.4,40200973.0
2018-01-26 14:15:08.826000,33.35,33.35,33.4,40200973.0
2018-01-26 14:15:11.902000,33.35,33.35,33.4,40200973.0
2018-01-26 14:15:14.909000,33.35,33.35,33.4,40200973.0
2018-01-26 14:15:18.124000,33.35,33.35,33.4,40220973.0
2018-01-26 14:15:21.093000,33.35,33.35,33.4,40220973.0
2018-01-26 14:15:24.025000,33.35,33.35,33.4,40220973.0
2018-01-26 14:15:27.056000,33.35,33.35,33.4,40220973.0
2018-01-26 14:15:30.330000,33.35,33.35,33.4,40220973.0
2018-01-26 14:15:33.588000,33.35,33.35,33.4,40220973.0
2018-01-26 14:15:36.520000,33.35,33.35,33.4,40220973.0
2018-01-26 14:15:39.573000,33.35,33.35,33.4,40220973.0
2018-01-26 14:15:42.634000,33.35,33.35,33.4,40220973.0
2018-01-26 14:15:45.692000,33.35,33.35,33.4,40220973.0
2018-01-26 14:15:48.630000,33.35,33.35,33.4,40220973.0
2018-01-26 14:15:51.789000,33.35,33.35,33.4,40220973.0
2018-01-26 14:15:54.758000,33.35,33.35,33.4,40220973.0
2018-01-26 14:15:57.632000,33.35,33.35,33.4,40220973.0
2018-01-26 14:16:00.527000,33.35,33.35,33.4,40220973.0
2018-01-26 14:16:03.519000,33.35,33.35,33.4,40337473.0
2018-01-26 14:16:06.606000,33.35,33.35,33.4,40337473.0
2018-01-26 14:16:09.573000,33.35,33.35,33.4,40337473.0
2018-01-26 14:16:12.593000,33.35,33.35,33.4,40337473.0
2018-01-26 14:16:15.509000,33.35,33.35,33.4,40337473.0
2018-01-26 14:16:18.476000,33.35,33.35,33.4,40337473.0
2018-01-26 14:16:21.723000,33.35,33.35,33.4,40337473.0
2018-01-26 14:16:24.761000,33.35,33.35,33.4,40361973.0
2018-01-26 14:16:27.669000,33.35,33.35,33.4,40361973.0
2018-01-26 14:16:30.810000,33.35,33.35,33.4,40361973.0
2018-01-26 14:16:33.940000,33.35,33.35,33.4,40361973.0
2018-01-26 14:16:36.878000,33.35,33.35,33.4,40361973.0
2018-01-26 14:16:40.074000,33.35,33.35,33.4,40361973.0
2018-01-26 14:16:43.054000,33.35,33.35,33.4,40361973.0
2018-01-26 14:16:45.973000,33.35,33.35,33.4,40361973.0
2018-01-26 14:16:49.059000,33.35,33.35,33.4,40361973.0
2018-01-26 14:16:51.815000,33.35,33.35,33.4,40361973.0
2018-01-26 14:16:54.914000,33.35,33.35,33.4,40361973.0
2018-01-26 14:16:57.731000,33.35,33.35,33.4,40361973.0
2018-01-26 14:17:00.670000,33.35,33.35,33.4,40361973.0
2018-01-26 14:17:03.792000,33.35,33.35,33.4,40361973.0
2018-01-26 14:17:06.792000,33.35,33.35,33.4,40361973.0
2018-01-26 14:17:09.629000,33.35,33.35,33.4,40361973.0
2018-01-26 14:17:12.551000,33.35,33.3,33.35,40465193.0
2018-01-26 14:17:15.698000,33.35,33.3,33.35,40465193.0
2018-01-26 14:17:19.098000,33.35,33.3,33.35,40465193.0
2018-01-26 14:17:22.025000,33.35,33.3,33.35,40465193.0
2018-01-26 14:17:25.204000,33.35,33.3,33.35,40465193.0
2018-01-26 14:17:28.121000,33.35,33.3,33.35,40465193.0
2018-01-26 14:17:30.885000,33.35,33.3,33.35,40465193.0
2018-01-26 14:17:33.459000,33.35,33.3,33.35,40465193.0
2018-01-26 14:17:36.190000,33.35,33.3,33.35,40465193.0
2018-01-26 14:17:39.098000,33.35,33.3,33.35,40465193.0
2018-01-26 14:17:42.063000,33.35,33.3,33.35,40465193.0
2018-01-26 14:17:45.167000,33.35,33.3,33.35,40465193.0
2018-01-26 14:17:48.566000,33.35,33.35,33.4,40884693.0
2018-01-26 14:17:51.628000,33.35,33.35,33.4,40884693.0
2018-01-26 14:17:54.642000,33.35,33.35,33.4,40884693.0
2018-01-26 14:17:57.720000,33.35,33.35,33.4,40884693.0
2018-01-26 14:18:00.874000,33.35,33.35,33.4,40884693.0
2018-01-26 14:18:03.813000,33.35,33.35,33.4,40884693.0
2018-01-26 14:18:06.971000,33.35,33.35,33.4,40884693.0
2018-01-26 14:18:10.097000,33.35,33.35,33.4,40884693.0
2018-01-26 14:18:12.992000,33.35,33.35,33.4,40884693.0
2018-01-26 14:18:15.997000,33.35,33.35,33.4,40884693.0
2018-01-26 14:18:19.024000,33.35,33.35,33.4,40884693.0
2018-01-26 14:18:22.025000,33.35,33.35,33.4,41404193.0
2018-01-26 14:18:24.903000,33.35,33.35,33.4,41404193.0
2018-01-26 14:18:28.016000,33.35,33.35,33.4,41404193.0
2018-01-26 14:18:31.376000,33.35,33.35,33.4,41404193.0
2018-01-26 14:18:34.593000,33.35,33.35,33.4,41404193.0
2018-01-26 14:18:37.622000,33.35,33.35,33.4,41404193.0
2018-01-26 14:18:40.689000,33.35,33.35,33.4,41404193.0
2018-01-26 14:18:43.603000,33.35,33.35,33.4,41404193.0
2018-01-26 14:18:46.565000,33.35,33.35,33.4,41404193.0
2018-01-26 14:18:49.572000,33.35,33.35,33.4,41404193.0
2018-01-26 14:18:52.883000,33.35,33.35,33.4,41404193.0
2018-01-26 14:18:55.924000,33.35,33.35,33.4,41404193.0
2018-01-26 14:18:58.731000,33.35,33.35,33.4,41404193.0
2018-01-26 14:19:01.601000,33.35,33.35,33.4,41404193.0
2018-01-26 14:19:04.593000,33.35,33.35,33.4,41404193.0
2018-01-26 14:19:07.806000,33.35,33.35,33.4,41404193.0
2018-01-26 14:19:10.815000,33.35,33.35,33.4,41404193.0
2018-01-26 14:19:13.785000,33.35,33.35,33.4,41404193.0
2018-01-26 14:19:16.727000,33.35,33.35,33.4,41404193.0
2018-01-26 14:19:19.812000,33.35,33.35,33.4,41404193.0
2018-01-26 14:19:22.659000,33.35,33.35,33.4,41404193.0
2018-01-26 14:19:25.593000,33.35,33.35,33.4,41404193.0
2018-01-26 14:19:28.543000,33.35,33.35,33.4,41404193.0
2018-01-26 14:19:31.697000,33.35,33.35,33.4,41404193.0
2018-01-26 14:19:34.720000,33.35,33.35,33.4,41404193.0
2018-01-26 14:19:37.653000,33.35,33.35,33.4,41404193.0
2018-01-26 14:19:40.802000,33.35,33.35,33.4,41404193.0
2018-01-26 14:19:43.752000,33.35,33.35,33.4,41404193.0
2018-01-26 14:19:46.925000,33.35,33.35,33.4,41404193.0
2018-01-26 14:19:50.413000,33.35,33.35,33.4,41404193.0
2018-01-26 14:19:53.379000,33.35,33.35,33.4,41410693.0
2018-01-26 14:19:56.512000,33.35,33.35,33.4,41410693.0
2018-01-26 14:19:59.444000,33.35,33.35,33.4,41410693.0
2018-01-26 14:20:02.503000,33.35,33.35,33.4,41410693.0
2018-01-26 14:20:05.660000,33.35,33.35,33.4,41410693.0
2018-01-26 14:20:09.167000,33.35,33.35,33.4,41410693.0
2018-01-26 14:20:12.236000,33.35,33.35,33.4,41410693.0
2018-01-26 14:20:15.587000,33.35,33.35,33.4,41410693.0
2018-01-26 14:20:18.637000,33.35,33.35,33.4,41410693.0
2018-01-26 14:20:21.577000,33.35,33.35,33.4,41410693.0
2018-01-26 14:20:24.485000,33.35,33.35,33.4,41410693.0
2018-01-26 14:20:27.816000,33.35,33.35,33.4,41410693.0
2018-01-26 14:20:31.066000,33.35,33.35,33.4,41410693.0
2018-01-26 14:20:34.037000,33.35,33.35,33.4,41410693.0
2018-01-26 14:20:37.083000,33.35,33.35,33.4,41410693.0
2018-01-26 14:20:40.176000,33.35,33.35,33.4,41410693.0
2018-01-26 14:20:43.390000,33.35,33.35,33.4,41410693.0
2018-01-26 14:20:46.443000,33.35,33.35,33.4,41410693.0
2018-01-26 14:20:49.644000,33.35,33.35,33.4,41410693.0
2018-01-26 14:20:52.652000,33.35,33.35,33.4,41410693.0
2018-01-26 14:20:55.908000,33.35,33.35,33.4,41410693.0
2018-01-26 14:20:58.903000,33.35,33.35,33.4,41410693.0
2018-01-26 14:21:01.973000,33.35,33.35,33.4,41410693.0
2018-01-26 14:21:04.697000,33.35,33.35,33.4,41410693.0
2018-01-26 14:21:07.554000,33.35,33.35,33.4,41410693.0
2018-01-26 14:21:10.150000,33.35,33.35,33.4,41410693.0
2018-01-26 14:21:12.815000,33.4,33.35,33.4,41417590.0
2018-01-26 14:21:15.502000,33.4,33.35,33.4,41417590.0
2018-01-26 14:21:18.368000,33.4,33.35,33.4,41417590.0
2018-01-26 14:21:21.071000,33.4,33.35,33.4,41417590.0
2018-01-26 14:21:23.701000,33.4,33.35,33.4,41417590.0
2018-01-26 14:21:26.481000,33.4,33.35,33.4,41417590.0
2018-01-26 14:21:29.317000,33.4,33.35,33.4,41417590.0
2018-01-26 14:21:32.455000,33.4,33.35,33.4,41417590.0
2018-01-26 14:21:35.476000,33.4,33.35,33.4,41417590.0
2018-01-26 14:21:38.618000,33.4,33.35,33.4,41417590.0
2018-01-26 14:21:41.834000,33.4,33.35,33.4,41417590.0
2018-01-26 14:21:44.879000,33.4,33.35,33.4,41417590.0
2018-01-26 14:21:47.894000,33.4,33.35,33.4,41417590.0
2018-01-26 14:21:50.926000,33.4,33.35,33.4,41417590.0
2018-01-26 14:21:53.927000,33.4,33.35,33.4,41417590.0
2018-01-26 14:21:56.834000,33.4,33.35,33.4,41417590.0
2018-01-26 14:22:00.054000,33.4,33.35,33.4,41417590.0
2018-01-26 14:22:03.289000,33.4,33.35,33.4,41417590.0
2018-01-26 14:22:06.354000,33.4,33.35,33.4,41417590.0
2018-01-26 14:22:09.447000,33.4,33.35,33.4,41417590.0
2018-01-26 14:22:12.345000,33.4,33.35,33.4,41417590.0
2018-01-26 14:22:15.271000,33.4,33.35,33.4,41417590.0
2018-01-26 14:22:18.497000,33.4,33.35,33.4,41417590.0
2018-01-26 14:22:21.450000,33.4,33.35,33.4,41417590.0
2018-01-26 14:22:24.491000,33.4,33.35,33.4,41417590.0
2018-01-26 14:22:27.529000,33.4,33.35,33.4,41417590.0
2018-01-26 14:22:30.426000,33.4,33.35,33.4,41417590.0
2018-01-26 14:22:33.502000,33.4,33.35,33.4,41417590.0
2018-01-26 14:22:36.433000,33.35,33.35,33.4,41429590.0
2018-01-26 14:22:39.445000,33.35,33.35,33.4,41429590.0
2018-01-26 14:22:42.518000,33.35,33.35,33.4,41429590.0
2018-01-26 14:22:45.801000,33.35,33.35,33.4,41429590.0
2018-01-26 14:22:49.910000,33.35,33.35,33.4,41429590.0
2018-01-26 14:22:54.121000,33.35,33.35,33.4,41429590.0
2018-01-26 14:22:57.279000,33.35,33.35,33.4,41429590.0
2018-01-26 14:23:00.302000,33.35,33.35,33.4,41429590.0
2018-01-26 14:23:03.382000,33.35,33.35,33.4,41429590.0
2018-01-26 14:23:06.398000,33.35,33.35,33.4,41429590.0
2018-01-26 14:23:09.448000,33.35,33.35,33.4,41429590.0
2018-01-26 14:23:12.568000,33.35,33.35,33.4,41429590.0
2018-01-26 14:23:15.522000,33.35,33.35,33.4,41429590.0
2018-01-26 14:23:18.543000,33.35,33.35,33.4,41429590.0
2018-01-26 14:23:21.485000,33.35,33.35,33.4,41429590.0
2018-01-26 14:23:24.866000,33.35,33.35,33.4,41429590.0
2018-01-26 14:23:27.927000,33.35,33.35,33.4,41429590.0
2018-01-26 14:23:31.178000,33.35,33.35,33.4,41429590.0
2018-01-26 14:23:34.194000,33.35,33.35,33.4,41429590.0
2018-01-26 14:23:37.275000,33.35,33.35,33.4,41429590.0
2018-01-26 14:23:40.227000,33.35,33.35,33.4,41546090.0
2018-01-26 14:23:43.437000,33.35,33.35,33.4,41546090.0
2018-01-26 14:23:46.587000,33.35,33.35,33.4,41546090.0
2018-01-26 14:23:50.131000,33.35,33.35,33.4,41546090.0
2018-01-26 14:23:53.096000,33.35,33.35,33.4,41546090.0
2018-01-26 14:23:56.070000,33.35,33.35,33.4,41546090.0
2018-01-26 14:23:59.167000,33.35,33.35,33.4,41546090.0
2018-01-26 14:24:02.134000,33.35,33.35,33.4,41546090.0
2018-01-26 14:24:05.226000,33.35,33.35,33.4,41546090.0
2018-01-26 14:24:08.260000,33.35,33.35,33.4,41546090.0
2018-01-26 14:24:11.384000,33.35,33.35,33.4,41546090.0
2018-01-26 14:24:14.588000,33.35,33.35,33.4,41546090.0
2018-01-26 14:24:17.932000,33.35,33.35,33.4,41546090.0
2018-01-26 14:24:21.095000,33.35,33.35,33.4,41546090.0
2018-01-26 14:24:24.669000,33.35,33.35,33.4,41546090.0
2018-01-26 14:24:27.869000,33.35,33.35,33.4,41546090.0
2018-01-26 14:24:31.076000,33.35,33.35,33.4,41546090.0
2018-01-26 14:24:34.058000,33.35,33.35,33.4,41546090.0
2018-01-26 14:24:37.027000,33.35,33.35,33.4,41546090.0
2018-01-26 14:24:40.135000,33.35,33.35,33.4,41546090.0
2018-01-26 14:24:43.099000,33.35,33.35,33.4,41546090.0
2018-01-26 14:24:46.086000,33.35,33.35,33.4,41546090.0
2018-01-26 14:24:49.082000,33.35,33.35,33.4,41546090.0
2018-01-26 14:24:52.138000,33.35,33.35,33.4,41546090.0
2018-01-26 14:24:55.368000,33.35,33.35,33.4,41546090.0
2018-01-26 14:24:58.797000,33.35,33.35,33.4,41546090.0
2018-01-26 14:25:02.205000,33.35,33.35,33.4,41546090.0
2018-01-26 14:25:05.197000,33.35,33.35,33.4,41546090.0
2018-01-26 14:25:08.159000,33.35,33.35,33.4,41546090.0
2018-01-26 14:25:11.337000,33.35,33.35,33.4,41546090.0
2018-01-26 14:25:14.585000,33.35,33.35,33.4,41546090.0
2018-01-26 14:25:17.649000,33.35,33.35,33.4,41546090.0
2018-01-26 14:25:20.910000,33.35,33.35,33.4,41546090.0
2018-01-26 14:25:23.814000,33.35,33.35,33.4,41557590.0
2018-01-26 14:25:27.024000,33.35,33.35,33.4,41557590.0
2018-01-26 14:25:29.976000,33.35,33.35,33.4,41557590.0
2018-01-26 14:25:32.941000,33.35,33.35,33.4,41557590.0
2018-01-26 14:25:36.041000,33.35,33.35,33.4,41557590.0
2018-01-26 14:25:39.299000,33.35,33.35,33.4,41557590.0
2018-01-26 14:25:42.512000,33.35,33.35,33.4,41557590.0
2018-01-26 14:25:45.713000,33.35,33.35,33.4,41557590.0
2018-01-26 14:25:48.582000,33.35,33.35,33.4,41557590.0
2018-01-26 14:25:51.608000,33.35,33.35,33.4,41557590.0
2018-01-26 14:25:54.639000,33.35,33.35,33.4,41557590.0
2018-01-26 14:25:57.603000,33.35,33.35,33.4,41557590.0
2018-01-26 14:26:00.573000,33.35,33.35,33.4,41557590.0
2018-01-26 14:26:03.593000,33.35,33.35,33.4,41557590.0
2018-01-26 14:26:06.722000,33.35,33.35,33.4,41557590.0
2018-01-26 14:26:09.815000,33.35,33.35,33.4,41557590.0
2018-01-26 14:26:12.916000,33.35,33.35,33.4,41557590.0
2018-01-26 14:26:16.108000,33.35,33.35,33.4,41557590.0
2018-01-26 14:26:19.154000,33.4,33.35,33.4,41567090.0
2018-01-26 14:26:22.152000,33.4,33.35,33.4,41567090.0
2018-01-26 14:26:25.072000,33.4,33.35,33.4,41567090.0
2018-01-26 14:26:27.857000,33.4,33.35,33.4,41567090.0
2018-01-26 14:26:30.759000,33.4,33.35,33.4,41567090.0
2018-01-26 14:26:34.060000,33.4,33.35,33.4,41567090.0
2018-01-26 14:26:37.233000,33.4,33.35,33.4,41567090.0
2018-01-26 14:26:40.322000,33.4,33.35,33.4,41567090.0
2018-01-26 14:26:43.481000,33.4,33.35,33.4,41567090.0
2018-01-26 14:26:46.575000,33.4,33.35,33.4,41567090.0
2018-01-26 14:26:49.629000,33.4,33.35,33.4,41567090.0
2018-01-26 14:26:52.421000,33.4,33.35,33.4,41567090.0
2018-01-26 14:26:55.372000,33.4,33.35,33.4,41567090.0
2018-01-26 14:26:58.204000,33.4,33.35,33.4,41567090.0
2018-01-26 14:27:01.141000,33.4,33.35,33.4,42001218.0
2018-01-26 14:27:04.065000,33.4,33.4,33.45,42526718.0
2018-01-26 14:27:07.125000,33.4,33.4,33.45,42526718.0
2018-01-26 14:27:09.949000,33.4,33.4,33.45,42526718.0
2018-01-26 14:27:13.053000,33.4,33.4,33.45,42526718.0
2018-01-26 14:27:15.969000,33.4,33.4,33.45,42526718.0
2018-01-26 14:27:18.824000,33.4,33.4,33.45,42526718.0
2018-01-26 14:27:22.018000,33.4,33.4,33.45,42526718.0
2018-01-26 14:27:25.075000,33.4,33.35,33.45,42748365.0
2018-01-26 14:27:28.006000,33.4,33.35,33.45,42748365.0
2018-01-26 14:27:31.139000,33.4,33.35,33.45,42748365.0
2018-01-26 14:27:34.456000,33.4,33.35,33.45,42748365.0
2018-01-26 14:27:37.356000,33.4,33.35,33.45,42748365.0
2018-01-26 14:27:40.121000,33.4,33.35,33.45,42748365.0
2018-01-26 14:27:43.205000,33.4,33.35,33.45,42748365.0
2018-01-26 14:27:45.952000,33.4,33.35,33.45,42748365.0
2018-01-26 14:27:48.942000,33.4,33.35,33.45,42748365.0
2018-01-26 14:27:52.103000,33.4,33.35,33.45,42748365.0
2018-01-26 14:27:54.970000,33.4,33.35,33.45,42748365.0
2018-01-26 14:27:57.984000,33.4,33.35,33.45,42748365.0
2018-01-26 14:28:00.915000,33.4,33.35,33.45,42748365.0
2018-01-26 14:28:04.325000,33.4,33.35,33.45,42748365.0
2018-01-26 14:28:07.270000,33.4,33.35,33.45,42748365.0
2018-01-26 14:28:10.201000,33.4,33.35,33.45,42748365.0
2018-01-26 14:28:12.989000,33.4,33.35,33.45,42748365.0
2018-01-26 14:28:16.075000,33.4,33.35,33.45,42748365.0
2018-01-26 14:28:19.107000,33.4,33.35,33.45,42748365.0
2018-01-26 14:28:22.437000,33.4,33.35,33.45,42748365.0
2018-01-26 14:28:25.533000,33.4,33.35,33.45,42748365.0
2018-01-26 14:28:28.543000,33.4,33.35,33.45,42748365.0
2018-01-26 14:28:31.611000,33.4,33.35,33.45,42748365.0
2018-01-26 14:28:34.618000,33.4,33.35,33.45,42748365.0
2018-01-26 14:28:37.441000,33.4,33.35,33.45,42748365.0
2018-01-26 14:28:40.328000,33.4,33.35,33.45,42748365.0
2018-01-26 14:28:43.298000,33.35,33.35,33.4,42978365.0
2018-01-26 14:28:46.062000,33.35,33.35,33.4,42978365.0
2018-01-26 14:28:48.977000,33.35,33.35,33.4,42978365.0
2018-01-26 14:28:51.955000,33.35,33.35,33.4,42978365.0
2018-01-26 14:28:54.867000,33.35,33.35,33.4,42978365.0
2018-01-26 14:28:57.909000,33.35,33.35,33.4,42978365.0
2018-01-26 14:29:00.880000,33.35,33.35,33.4,42978365.0
2018-01-26 14:29:04.069000,33.35,33.35,33.4,42978365.0
2018-01-26 14:29:06.964000,33.35,33.35,33.4,42978365.0
2018-01-26 14:29:09.659000,33.35,33.35,33.4,42978365.0
2018-01-26 14:29:12.768000,33.35,33.35,33.4,42978365.0
2018-01-26 14:29:15.592000,33.35,33.35,33.4,42978365.0
2018-01-26 14:29:18.647000,33.35,33.35,33.4,42978365.0
2018-01-26 14:29:21.909000,33.35,33.35,33.4,42978365.0
2018-01-26 14:29:25.094000,33.35,33.35,33.4,42978365.0
2018-01-26 14:29:28.064000,33.35,33.35,33.4,42978365.0
2018-01-26 14:29:31.063000,33.35,33.35,33.4,42978365.0
2018-01-26 14:29:34.024000,33.35,33.35,33.4,42978365.0
2018-01-26 14:29:37.194000,33.35,33.35,33.4,42978365.0
2018-01-26 14:29:40.030000,33.35,33.35,33.4,42978365.0
2018-01-26 14:29:42.900000,33.35,33.35,33.4,42978365.0
2018-01-26 14:29:45.775000,33.35,33.35,33.4,42978365.0
2018-01-26 14:29:49.008000,33.35,33.35,33.4,42978365.0
2018-01-26 14:29:51.987000,33.35,33.35,33.4,42978365.0
2018-01-26 14:29:54.940000,33.35,33.35,33.4,42978365.0
2018-01-26 14:29:57.719000,33.35,33.35,33.4,42978365.0
2018-01-26 14:30:00.534000,33.35,33.35,33.4,42978365.0
2018-01-26 14:30:03.444000,33.4,33.35,33.4,43001865.0
2018-01-26 14:30:06.534000,33.4,33.35,33.4,43001865.0
2018-01-26 14:30:09.476000,33.4,33.35,33.4,43001865.0
2018-01-26 14:30:12.636000,33.4,33.35,33.4,43001865.0
2018-01-26 14:30:15.675000,33.4,33.35,33.4,43001865.0
2018-01-26 14:30:18.598000,33.4,33.35,33.4,43001865.0
2018-01-26 14:30:21.331000,33.4,33.35,33.4,43001865.0
2018-01-26 14:30:24.378000,33.4,33.35,33.4,43001865.0
2018-01-26 14:30:27.285000,33.4,33.35,33.4,43001865.0
2018-01-26 14:30:30.532000,33.4,33.35,33.4,43001865.0
2018-01-26 14:30:33.594000,33.4,33.35,33.4,43001865.0
2018-01-26 14:30:36.726000,33.4,33.35,33.4,43001865.0
2018-01-26 14:30:39.620000,33.4,33.35,33.4,43001865.0
2018-01-26 14:30:42.700000,33.4,33.35,33.4,43001865.0
2018-01-26 14:30:45.595000,33.4,33.35,33.4,43001865.0
2018-01-26 14:30:48.361000,33.4,33.35,33.4,43001865.0
2018-01-26 14:30:51.320000,33.4,33.35,33.4,43001865.0
2018-01-26 14:30:54.662000,33.4,33.35,33.4,43001865.0
2018-01-26 14:30:57.800000,33.4,33.35,33.4,43001865.0
2018-01-26 14:31:00.865000,33.4,33.35,33.4,43001865.0
2018-01-26 14:31:03.712000,33.4,33.35,33.4,43001865.0
2018-01-26 14:31:06.871000,33.4,33.35,33.4,43001865.0
2018-01-26 14:31:09.835000,33.4,33.35,33.4,43001865.0
2018-01-26 14:31:12.889000,33.4,33.35,33.4,43001865.0
2018-01-26 14:31:15.982000,33.4,33.35,33.4,43001865.0
2018-01-26 14:31:19.254000,33.4,33.35,33.4,43001865.0
2018-01-26 14:31:22.355000,33.4,33.35,33.4,43001865.0
2018-01-26 14:31:25.342000,33.4,33.35,33.4,43007865.0
2018-01-26 14:31:28.277000,33.4,33.35,33.4,43007865.0
2018-01-26 14:31:31.060000,33.4,33.35,33.4,43007865.0
2018-01-26 14:31:33.958000,33.4,33.35,33.4,43007865.0
2018-01-26 14:31:37.153000,33.4,33.35,33.4,43007865.0
2018-01-26 14:31:40.160000,33.4,33.35,33.4,43007865.0
2018-01-26 14:31:43.056000,33.4,33.35,33.4,43007865.0
2018-01-26 14:31:45.927000,33.4,33.35,33.4,43213865.0
2018-01-26 14:31:48.646000,33.4,33.35,33.4,43213865.0
2018-01-26 14:31:51.410000,33.4,33.35,33.4,43213865.0
2018-01-26 14:31:54.563000,33.4,33.35,33.4,43213865.0
2018-01-26 14:31:57.318000,33.4,33.35,33.4,43213865.0
2018-01-26 14:32:00.392000,33.4,33.35,33.4,43213865.0
2018-01-26 14:32:03.311000,33.4,33.35,33.4,43213865.0
2018-01-26 14:32:06.449000,33.4,33.35,33.4,43213865.0
2018-01-26 14:32:09.387000,33.4,33.35,33.4,43213865.0
2018-01-26 14:32:12.285000,33.4,33.35,33.4,43213865.0
2018-01-26 14:32:15.370000,33.4,33.35,33.4,43213865.0
2018-01-26 14:32:18.198000,33.4,33.35,33.4,43213865.0
2018-01-26 14:32:20.886000,33.4,33.35,33.4,43422365.0
2018-01-26 14:32:23.651000,33.4,33.35,33.4,43422365.0
2018-01-26 14:32:26.572000,33.4,33.35,33.4,43422365.0
2018-01-26 14:32:29.511000,33.4,33.35,33.4,43422365.0
2018-01-26 14:32:32.471000,33.4,33.35,33.4,43422365.0
2018-01-26 14:32:35.350000,33.4,33.35,33.4,43422365.0
2018-01-26 14:32:38.271000,33.4,33.35,33.4,43422365.0
2018-01-26 14:32:41.051000,33.4,33.35,33.4,43422365.0
2018-01-26 14:32:44.420000,33.4,33.35,33.4,43422365.0
2018-01-26 14:32:47.553000,33.4,33.35,33.4,43422365.0
2018-01-26 14:32:50.537000,33.4,33.35,33.4,43422365.0
2018-01-26 14:32:53.491000,33.4,33.35,33.4,43422365.0
2018-01-26 14:32:56.443000,33.4,33.35,33.4,43422365.0
2018-01-26 14:32:59.493000,33.4,33.35,33.4,43422365.0
2018-01-26 14:33:02.648000,33.4,33.35,33.4,43422365.0
2018-01-26 14:33:05.740000,33.4,33.35,33.4,43422365.0
2018-01-26 14:33:08.804000,33.4,33.35,33.4,43422365.0
2018-01-26 14:33:11.790000,33.4,33.35,33.4,43422365.0
2018-01-26 14:33:14.617000,33.4,33.35,33.4,43422365.0
2018-01-26 14:33:17.552000,33.4,33.35,33.4,43422365.0
2018-01-26 14:33:20.709000,33.4,33.35,33.4,43422365.0
2018-01-26 14:33:24.007000,33.4,33.35,33.4,43422365.0
2018-01-26 14:33:27.043000,33.4,33.35,33.4,43526365.0
2018-01-26 14:33:29.830000,33.4,33.35,33.4,43526365.0
2018-01-26 14:33:32.837000,33.4,33.35,33.4,43526365.0
2018-01-26 14:33:36.117000,33.4,33.35,33.4,43526365.0
2018-01-26 14:33:39.391000,33.4,33.35,33.4,43526365.0
2018-01-26 14:33:42.415000,33.4,33.35,33.4,43526365.0
2018-01-26 14:33:45.834000,33.4,33.35,33.4,43526365.0
2018-01-26 14:33:48.721000,33.4,33.35,33.4,43526365.0
2018-01-26 14:33:51.802000,33.4,33.4,33.45,43845365.0
2018-01-26 14:33:54.795000,33.4,33.4,33.45,43845365.0
2018-01-26 14:33:57.833000,33.4,33.4,33.45,43845365.0
2018-01-26 14:34:01.178000,33.4,33.4,33.45,43845365.0
2018-01-26 14:34:04.073000,33.4,33.4,33.45,43845365.0
2018-01-26 14:34:07.180000,33.4,33.4,33.45,43845365.0
2018-01-26 14:34:10.372000,33.4,33.4,33.45,43845365.0
2018-01-26 14:34:13.435000,33.4,33.4,33.45,43845365.0
2018-01-26 14:34:16.507000,33.4,33.4,33.45,43845365.0
2018-01-26 14:34:19.462000,33.4,33.4,33.45,43845365.0
2018-01-26 14:34:22.400000,33.4,33.4,33.45,43845365.0
2018-01-26 14:34:25.360000,33.4,33.4,33.45,43845365.0
2018-01-26 14:34:28.335000,33.4,33.4,33.45,43845365.0
2018-01-26 14:34:31.384000,33.4,33.4,33.45,43845365.0
2018-01-26 14:34:34.546000,33.4,33.4,33.45,43845365.0
2018-01-26 14:34:37.635000,33.4,33.4,33.45,43845365.0
2018-01-26 14:34:40.836000,33.4,33.4,33.45,43845365.0
2018-01-26 14:34:43.853000,33.4,33.4,33.45,43945865.0
2018-01-26 14:34:47.055000,33.4,33.4,33.45,43945865.0
2018-01-26 14:34:50.162000,33.4,33.4,33.45,43945865.0
2018-01-26 14:34:53.227000,33.4,33.4,33.45,43945865.0
2018-01-26 14:34:56.104000,33.4,33.4,33.45,43945865.0
2018-01-26 14:34:59.189000,33.4,33.4,33.45,43945865.0
2018-01-26 14:35:02.139000,33.4,33.4,33.45,43945865.0
2018-01-26 14:35:05.220000,33.4,33.4,33.45,43945865.0
2018-01-26 14:35:08.240000,33.4,33.4,33.45,43945865.0
2018-01-26 14:35:11.320000,33.4,33.4,33.45,43945865.0
2018-01-26 14:35:14.156000,33.4,33.4,33.45,43945865.0
2018-01-26 14:35:17.371000,33.4,33.4,33.45,43945865.0
2018-01-26 14:35:20.493000,33.4,33.4,33.45,43945865.0
2018-01-26 14:35:23.760000,33.4,33.4,33.45,43945865.0
2018-01-26 14:35:26.733000,33.4,33.4,33.45,43945865.0
2018-01-26 14:35:29.649000,33.4,33.4,33.45,43945865.0
2018-01-26 14:35:32.491000,33.4,33.4,33.45,43945865.0
2018-01-26 14:35:35.559000,33.4,33.4,33.45,43945865.0
2018-01-26 14:35:38.615000,33.4,33.4,33.45,43945865.0
2018-01-26 14:35:41.784000,33.4,33.4,33.45,43945865.0
2018-01-26 14:35:44.855000,33.4,33.4,33.45,43945865.0
2018-01-26 14:35:47.713000,33.4,33.4,33.45,43945865.0
2018-01-26 14:35:50.726000,33.4,33.4,33.45,43945865.0
2018-01-26 14:35:53.906000,33.4,33.4,33.45,43963865.0
2018-01-26 14:35:56.921000,33.4,33.4,33.45,43963865.0
2018-01-26 14:35:59.807000,33.4,33.4,33.45,43963865.0
