time,price,bid,ask,volume
2018-01-24 10:16:45.136000,5.0,4.99,5.01,1319100.0
2018-01-24 10:16:47.802000,5.0,4.99,5.01,1319100.0
2018-01-24 10:16:50.500000,5.0,4.99,5.01,1319100.0
2018-01-24 10:16:52.852000,5.0,4.99,5.01,1319100.0
2018-01-24 10:16:55.416000,5.0,4.99,5.01,1319100.0
2018-01-24 10:16:58.056000,5.0,4.99,5.01,1319100.0
2018-01-24 10:17:00.566000,5.0,4.99,5.01,1319100.0
2018-01-24 10:17:03.335000,5.0,4.99,5.01,1319100.0
2018-01-24 10:17:05.923000,5.0,4.99,5.01,1319100.0
2018-01-24 10:17:08.587000,5.0,5.0,5.01,1319100.0
2018-01-24 10:17:11.223000,5.0,5.0,5.01,1319100.0
2018-01-24 10:17:13.945000,5.0,5.0,5.01,1319100.0
2018-01-24 10:17:16.772000,5.0,5.0,5.01,1319100.0
2018-01-24 10:17:19.775000,5.0,5.0,5.01,1319100.0
2018-01-24 10:17:22.803000,5.0,5.0,5.01,1319100.0
2018-01-24 10:17:25.557000,5.0,5.0,5.01,1319100.0
2018-01-24 10:17:28.194000,5.0,5.0,5.01,1319100.0
2018-01-24 10:17:31.145000,5.0,5.0,5.01,1319100.0
2018-01-24 10:17:34.195000,5.0,5.0,5.01,1319100.0
2018-01-24 10:17:36.832000,5.0,5.0,5.01,1319100.0
2018-01-24 10:17:39.274000,5.0,5.0,5.01,1319100.0
2018-01-24 10:17:41.913000,5.0,5.0,5.01,1319100.0
2018-01-24 10:17:44.713000,5.0,5.0,5.01,1319100.0
2018-01-24 10:17:47.364000,5.0,5.0,5.01,1319100.0
2018-01-24 10:17:50.023000,5.0,5.0,5.01,1319100.0
2018-01-24 10:17:52.725000,5.0,5.0,5.01,1339100.0
2018-01-24 10:17:55.229000,5.0,5.0,5.01,1339100.0
2018-01-24 10:17:57.865000,5.0,5.0,5.01,1339100.0
2018-01-24 10:18:00.622000,5.0,5.0,5.01,1339100.0
2018-01-24 10:18:03.118000,5.0,5.0,5.01,1339100.0
2018-01-24 10:18:05.668000,5.0,5.0,5.01,1339100.0
2018-01-24 10:18:08.415000,5.0,5.0,5.01,1339100.0
2018-01-24 10:18:11.460000,5.0,5.0,5.01,1339100.0
2018-01-24 10:18:14.088000,5.0,5.0,5.01,1339100.0
2018-01-24 10:18:16.911000,5.0,5.0,5.01,1339100.0
2018-01-24 10:18:19.566000,5.0,5.0,5.01,1339100.0
2018-01-24 10:18:22.031000,5.0,4.99,5.01,1349100.0
2018-01-24 10:18:24.701000,5.0,4.99,5.01,1349100.0
2018-01-24 10:18:27.189000,5.0,4.99,5.01,1349100.0
2018-01-24 10:18:30.025000,5.0,4.99,5.01,1349100.0
2018-01-24 10:18:32.604000,5.0,4.99,5.01,1349100.0
2018-01-24 10:18:35.186000,5.0,4.99,5.01,1349100.0
2018-01-24 10:18:37.729000,5.0,4.99,5.01,1349100.0
2018-01-24 10:18:40.332000,5.0,4.99,5.01,1349100.0
2018-01-24 10:18:42.936000,5.0,4.99,5.01,1349100.0
2018-01-24 10:18:45.574000,5.0,4.99,5.01,1349100.0
2018-01-24 10:18:48.357000,5.0,4.99,5.01,1349100.0
2018-01-24 10:18:51.045000,5.0,4.99,5.01,1349100.0
2018-01-24 10:18:53.636000,5.0,4.99,5.01,1369100.0
2018-01-24 10:18:56.303000,5.0,4.99,5.01,1369100.0
2018-01-24 10:18:59.385000,5.0,4.99,5.01,1369100.0
2018-01-24 10:19:02.231000,5.0,4.99,5.01,1369100.0
2018-01-24 10:19:05,5.0,4.99,5.01,1369100.0
2018-01-24 10:19:07.696000,5.0,4.99,5.01,1369100.0
2018-01-24 10:19:10.615000,5.0,4.99,5.01,1369100.0
2018-01-24 10:19:13.407000,5.0,4.99,5.01,1369100.0
2018-01-24 10:19:16.160000,5.0,4.99,5.01,1369100.0
2018-01-24 10:19:18.980000,5.0,4.99,5.01,1369100.0
2018-01-24 10:19:21.804000,5.0,4.99,5.01,1369100.0
2018-01-24 10:19:24.635000,5.0,4.99,5.01,1369100.0
2018-01-24 10:19:27.292000,5.0,4.99,5.01,1369100.0
2018-01-24 10:19:30,5.0,4.99,5.01,1369100.0
2018-01-24 10:19:32.548000,5.0,4.99,5.01,1369100.0
2018-01-24 10:19:35.322000,5.0,4.99,5.01,1369100.0
2018-01-24 10:19:37.823000,5.0,4.99,5.01,1369100.0
2018-01-24 10:19:40.505000,5.0,4.99,5.01,1369100.0
2018-01-24 10:19:43.060000,5.0,4.99,5.01,1369100.0
2018-01-24 10:19:45.903000,5.0,4.99,5.01,1369100.0
2018-01-24 10:19:48.464000,5.0,4.99,5.01,1369100.0
2018-01-24 10:19:51.649000,5.0,5.0,5.01,1369100.0
2018-01-24 10:19:54.574000,5.0,5.0,5.01,1369100.0
2018-01-24 10:19:57.274000,5.0,5.0,5.01,1369100.0
2018-01-24 10:19:59.740000,5.0,5.0,5.01,1369100.0
2018-01-24 10:20:02.324000,5.0,5.0,5.01,1369100.0
2018-01-24 10:20:05.035000,5.0,5.0,5.01,1369100.0
2018-01-24 10:20:07.699000,5.0,5.0,5.01,1369100.0
2018-01-24 10:20:10.218000,5.0,5.0,5.01,1369100.0
2018-01-24 10:20:13.014000,5.0,5.0,5.01,1369100.0
2018-01-24 10:20:16.604000,5.0,5.0,5.01,1369100.0
2018-01-24 10:20:19.935000,5.0,5.0,5.01,1369100.0
2018-01-24 10:20:23.150000,5.0,5.0,5.01,1369100.0
2018-01-24 10:20:26.729000,5.0,5.0,5.01,1369100.0
2018-01-24 10:20:29.998000,5.0,5.0,5.01,1369100.0
2018-01-24 10:20:33.419000,5.0,5.0,5.01,1369100.0
2018-01-24 10:20:36.979000,5.0,5.0,5.01,1369100.0
2018-01-24 10:20:40.886000,5.0,5.0,5.01,1369100.0
2018-01-24 10:20:44.208000,5.0,5.0,5.01,1369100.0
2018-01-24 10:20:47.963000,5.0,5.0,5.01,1369100.0
2018-01-24 10:20:51.510000,5.0,5.0,5.01,1369100.0
2018-01-24 10:20:55.079000,5.0,5.0,5.01,1369100.0
2018-01-24 10:20:58.514000,5.0,5.0,5.01,1369100.0
2018-01-24 10:21:02.074000,5.0,5.0,5.01,1369100.0
2018-01-24 10:21:05.628000,5.0,5.0,5.01,1369100.0
2018-01-24 10:21:09.217000,5.0,5.0,5.01,1369100.0
2018-01-24 10:21:12.511000,5.0,4.99,5.01,1369100.0
2018-01-24 10:21:15.859000,5.0,4.99,5.01,1369100.0
2018-01-24 10:21:19.125000,5.0,4.99,5.0,1369100.0
2018-01-24 10:21:22.483000,5.0,4.99,5.0,1369100.0
2018-01-24 10:21:25.924000,5.0,4.99,5.0,1369100.0
2018-01-24 10:21:29.387000,5.0,4.99,5.0,1369100.0
2018-01-24 10:21:32.640000,5.0,4.99,5.0,1369100.0
2018-01-24 10:21:35.971000,5.0,4.99,5.0,1369100.0
2018-01-24 10:21:39.204000,5.0,4.99,5.0,1369100.0
2018-01-24 10:21:42.481000,5.0,4.99,5.0,1369100.0
2018-01-24 10:21:45.797000,5.0,4.99,5.0,1369100.0
2018-01-24 10:21:49.172000,5.0,4.99,5.0,1369100.0
2018-01-24 10:21:52.419000,5.0,4.99,5.0,1369100.0
2018-01-24 10:21:55.892000,5.0,4.99,5.0,1369100.0
2018-01-24 10:21:59.395000,5.0,4.99,5.0,1369100.0
2018-01-24 10:22:02.872000,5.0,4.99,5.0,1369100.0
2018-01-24 10:22:06.050000,5.0,4.99,5.0,1369100.0
2018-01-24 10:22:09.331000,5.0,4.99,5.0,1369100.0
2018-01-24 10:22:12.418000,5.0,4.99,5.0,1369100.0
2018-01-24 10:22:15.572000,5.0,4.99,5.0,1369100.0
2018-01-24 10:22:19.096000,5.0,4.99,5.01,1370100.0
2018-01-24 10:22:22.309000,5.0,4.99,5.01,1370100.0
2018-01-24 10:22:25.570000,5.0,4.99,5.0,1370100.0
2018-01-24 10:22:28.688000,5.0,4.99,5.0,1370100.0
2018-01-24 10:22:32.093000,5.0,4.99,5.0,1370100.0
2018-01-24 10:22:35.487000,5.0,4.99,5.0,1370100.0
2018-01-24 10:22:39.032000,5.0,4.99,5.0,1370100.0
2018-01-24 10:22:42.358000,5.0,4.99,5.0,1370100.0
2018-01-24 10:22:45.772000,5.0,4.99,5.0,1370100.0
2018-01-24 10:22:49.283000,5.0,4.99,5.0,1370100.0
2018-01-24 10:22:52.763000,5.0,4.99,5.0,1370100.0
2018-01-24 10:22:56.172000,5.0,4.99,5.0,1370100.0
2018-01-24 10:22:59.734000,5.0,4.99,5.0,1370100.0
2018-01-24 10:23:03.379000,5.0,4.99,5.0,1370100.0
2018-01-24 10:23:07.421000,5.0,4.99,5.0,1370100.0
2018-01-24 10:23:11.336000,5.0,4.99,5.0,1370100.0
2018-01-24 10:23:14.957000,5.0,4.99,5.0,1370100.0
2018-01-24 10:23:18.236000,5.0,4.99,5.0,1370100.0
2018-01-24 10:23:21.717000,5.0,4.99,5.0,1370100.0
2018-01-24 10:23:24.923000,5.0,4.99,5.0,1370100.0
2018-01-24 10:23:28.173000,5.0,4.99,5.01,1376900.0
2018-01-24 10:23:31.433000,5.0,4.99,5.01,1376900.0
2018-01-24 10:23:34.610000,5.0,4.99,5.01,1376900.0
2018-01-24 10:23:37.734000,5.0,4.99,5.01,1376900.0
2018-01-24 10:23:41.081000,5.0,4.99,5.01,1376900.0
2018-01-24 10:23:44.490000,5.0,4.99,5.01,1376900.0
2018-01-24 10:23:47.658000,5.0,4.99,5.01,1376900.0
2018-01-24 10:23:50.974000,5.0,4.99,5.01,1376900.0
2018-01-24 10:23:54.300000,5.0,4.99,5.01,1376900.0
2018-01-24 10:23:57.420000,5.0,4.99,5.01,1376900.0
2018-01-24 10:24:00.990000,5.0,4.99,5.01,1376900.0
2018-01-24 10:24:04.366000,5.0,4.99,5.01,1376900.0
2018-01-24 10:24:07.547000,5.0,4.99,5.01,1376900.0
2018-01-24 10:24:10.653000,5.0,4.99,5.01,1376900.0
2018-01-24 10:24:13.963000,5.0,4.99,5.01,1376900.0
2018-01-24 10:24:17.061000,5.0,4.99,5.01,1376900.0
2018-01-24 10:24:20.540000,5.0,4.99,5.01,1376900.0
2018-01-24 10:24:24.192000,5.0,4.99,5.01,1376900.0
2018-01-24 10:24:27.753000,5.0,4.99,5.01,1376900.0
2018-01-24 10:24:31.025000,5.0,4.99,5.01,1376900.0
2018-01-24 10:24:34.080000,5.0,4.99,5.01,1376900.0
2018-01-24 10:24:37.378000,5.0,4.99,5.01,1376900.0
2018-01-24 10:24:40.476000,5.0,4.99,5.01,1376900.0
2018-01-24 10:24:43.677000,5.0,4.99,5.01,1376900.0
2018-01-24 10:24:46.906000,5.0,4.99,5.01,1376900.0
2018-01-24 10:24:50.153000,5.0,4.99,5.01,1376900.0
2018-01-24 10:24:54.112000,5.0,4.99,5.01,1376900.0
2018-01-24 10:24:57.173000,5.0,4.99,5.01,1376900.0
2018-01-24 10:25:02.487000,5.0,4.99,5.01,1376900.0
2018-01-24 10:25:05.663000,5.0,4.99,5.01,1376900.0
2018-01-24 10:25:08.925000,5.0,4.99,5.01,1376900.0
2018-01-24 10:25:12.005000,5.0,4.99,5.01,1376900.0
2018-01-24 10:25:15.035000,5.0,4.99,5.01,1376900.0
2018-01-24 10:25:19.286000,5.0,4.99,5.01,1376900.0
2018-01-24 10:25:22.746000,5.0,4.99,5.01,1376900.0
2018-01-24 10:25:25.750000,5.0,4.99,5.01,1376900.0
2018-01-24 10:25:28.741000,5.0,4.99,5.01,1376900.0
2018-01-24 10:25:31.939000,5.0,4.99,5.01,1376900.0
2018-01-24 10:25:35.099000,5.0,4.99,5.01,1376900.0
2018-01-24 10:25:38.337000,5.0,4.99,5.01,1376900.0
2018-01-24 10:25:41.681000,5.0,4.99,5.01,1376900.0
2018-01-24 10:25:44.699000,5.0,4.99,5.01,1376900.0
2018-01-24 10:25:47.613000,5.0,4.99,5.0,1376900.0
2018-01-24 10:25:50.512000,5.0,4.99,5.0,1376900.0
2018-01-24 10:25:53.584000,5.0,4.99,5.0,1376900.0
2018-01-24 10:25:56.878000,5.0,4.99,5.0,1376900.0
2018-01-24 10:25:59.828000,5.0,4.99,5.0,1376900.0
2018-01-24 10:26:03.004000,5.0,4.99,5.0,1376900.0
2018-01-24 10:26:06.229000,5.0,4.99,5.0,1376900.0
2018-01-24 10:26:09.508000,5.0,4.99,5.0,1376900.0
2018-01-24 10:26:12.692000,5.0,4.99,5.0,1376900.0
2018-01-24 10:26:15.809000,5.0,4.99,5.0,1376900.0
2018-01-24 10:26:19.149000,5.0,4.99,5.0,1376900.0
2018-01-24 10:26:22.925000,5.0,4.99,5.0,1376900.0
2018-01-24 10:26:27.004000,5.0,4.99,5.0,1376900.0
2018-01-24 10:26:30.554000,5.0,4.99,5.0,1376900.0
2018-01-24 10:26:33.819000,5.0,4.99,5.0,1376900.0
2018-01-24 10:26:37.002000,5.0,4.99,5.0,1376900.0
2018-01-24 10:26:41.103000,5.0,4.99,5.0,1376900.0
2018-01-24 10:26:45.069000,5.0,4.99,5.01,1376900.0
2018-01-24 10:26:49.676000,5.0,5.0,5.01,1376900.0
2018-01-24 10:26:52.895000,5.0,5.0,5.01,1376900.0
2018-01-24 10:26:56.260000,5.0,5.0,5.01,1376900.0
2018-01-24 10:26:59.369000,5.0,5.0,5.01,1376900.0
2018-01-24 10:27:02.628000,5.0,5.0,5.01,1376900.0
2018-01-24 10:27:05.740000,5.0,5.0,5.01,1376900.0
2018-01-24 10:27:08.959000,5.0,5.0,5.01,1376900.0
2018-01-24 10:27:12.473000,5.0,5.0,5.01,1376900.0
2018-01-24 10:27:16.074000,5.0,5.0,5.01,1376900.0
2018-01-24 10:27:19.373000,5.0,5.0,5.01,1376900.0
2018-01-24 10:27:22.895000,5.0,5.0,5.01,1376900.0
2018-01-24 10:27:26.100000,5.0,5.0,5.01,1376900.0
2018-01-24 10:27:29.716000,5.0,4.99,5.01,1376900.0
2018-01-24 10:27:33.163000,5.0,4.99,5.01,1376900.0
2018-01-24 10:27:36.510000,5.0,4.99,5.01,1376900.0
2018-01-24 10:27:39.507000,5.0,4.99,5.01,1376900.0
2018-01-24 10:27:42.535000,5.0,4.99,5.01,1376900.0
2018-01-24 10:27:45.836000,5.0,4.99,5.01,1376900.0
2018-01-24 10:27:49.041000,5.0,4.99,5.01,1376900.0
2018-01-24 10:27:52.192000,5.0,4.99,5.01,1376900.0
2018-01-24 10:27:55.938000,5.0,4.99,5.01,1376900.0
2018-01-24 10:27:59.447000,5.0,4.99,5.01,1376900.0
2018-01-24 10:28:02.804000,5.0,4.99,5.01,1376900.0
2018-01-24 10:28:06.221000,5.0,4.99,5.01,1376900.0
2018-01-24 10:28:09.514000,5.0,4.99,5.01,1376900.0
2018-01-24 10:28:13.084000,5.0,4.99,5.01,1376900.0
2018-01-24 10:28:17.352000,5.0,4.99,5.01,1376900.0
2018-01-24 10:28:20.809000,5.0,4.99,5.01,1376900.0
2018-01-24 10:28:24.351000,5.0,4.99,5.01,1386900.0
2018-01-24 10:28:27.568000,5.0,4.99,5.01,1386900.0
2018-01-24 10:28:30.856000,5.0,4.99,5.01,1386900.0
2018-01-24 10:28:34.407000,5.0,4.99,5.01,1386900.0
2018-01-24 10:28:37.743000,5.0,4.99,5.01,1386900.0
2018-01-24 10:28:41.080000,5.0,4.99,5.01,1386900.0
2018-01-24 10:28:44.495000,5.0,4.99,5.01,1386900.0
2018-01-24 10:28:47.725000,5.0,4.99,5.01,1386900.0
2018-01-24 10:28:51.091000,5.0,4.99,5.01,1386900.0
2018-01-24 10:28:54.401000,5.0,4.99,5.01,1386900.0
2018-01-24 10:28:57.459000,5.0,4.99,5.01,1386900.0
2018-01-24 10:29:00.808000,5.0,4.99,5.01,1386900.0
2018-01-24 10:29:04.149000,5.0,4.99,5.01,1386900.0
2018-01-24 10:29:07.273000,5.0,4.99,5.01,1386900.0
2018-01-24 10:29:10.355000,5.0,4.99,5.01,1386900.0
2018-01-24 10:29:13.587000,5.0,4.99,5.01,1386900.0
2018-01-24 10:29:16.590000,5.0,4.99,5.01,1386900.0
2018-01-24 10:29:19.761000,5.0,4.99,5.01,1386900.0
2018-01-24 10:29:22.916000,5.0,4.99,5.01,1386900.0
2018-01-24 10:29:26.070000,5.0,4.99,5.01,1386900.0
2018-01-24 10:29:29.312000,5.0,4.99,5.01,1386900.0
2018-01-24 10:29:32.381000,5.0,4.99,5.01,1386900.0
2018-01-24 10:29:35.674000,5.0,4.99,5.0,1392100.0
2018-01-24 10:29:38.603000,5.0,4.99,5.0,1392100.0
2018-01-24 10:29:41.923000,5.0,4.99,5.0,1392100.0
2018-01-24 10:29:45.075000,5.0,4.99,5.0,1392100.0
2018-01-24 10:29:48.399000,5.0,4.99,5.0,1392100.0
2018-01-24 10:29:51.699000,5.0,4.99,5.0,1392100.0
2018-01-24 10:29:54.997000,5.0,4.99,5.0,1392100.0
2018-01-24 10:29:58.477000,5.0,4.99,5.0,1392100.0
2018-01-24 10:30:01.715000,5.0,4.99,5.0,1392100.0
2018-01-24 10:30:05.092000,5.0,4.99,5.0,1392100.0
2018-01-24 10:30:08.278000,5.0,4.99,5.0,1392100.0
2018-01-24 10:30:11.538000,5.0,4.99,5.0,1392100.0
2018-01-24 10:30:15.065000,5.0,4.99,5.0,1392100.0
2018-01-24 10:30:18.368000,5.0,4.99,5.0,1392100.0
2018-01-24 10:30:21.777000,5.0,4.99,5.0,1392100.0
2018-01-24 10:30:25.153000,5.0,4.99,5.0,1392100.0
2018-01-24 10:30:28.336000,5.0,4.99,5.0,1392100.0
2018-01-24 10:30:31.632000,5.0,4.99,5.0,1392100.0
2018-01-24 10:30:34.744000,5.0,4.99,5.0,1392100.0
2018-01-24 10:30:38.009000,5.0,4.99,5.0,1397100.0
2018-01-24 10:30:41.382000,5.0,4.99,5.0,1397100.0
2018-01-24 10:30:44.559000,5.0,4.99,5.0,1397100.0
2018-01-24 10:30:47.744000,5.0,4.99,5.0,1397100.0
2018-01-24 10:30:50.857000,5.0,4.99,5.0,1397100.0
2018-01-24 10:30:54.248000,5.0,4.99,5.0,1397100.0
2018-01-24 10:30:57.418000,5.0,4.99,5.0,1397100.0
2018-01-24 10:31:00.677000,5.0,4.99,5.0,1397100.0
2018-01-24 10:31:04.264000,5.0,4.99,5.0,1397100.0
2018-01-24 10:31:07.294000,5.0,4.99,5.0,1397100.0
2018-01-24 10:31:10.484000,5.0,4.99,5.0,1397100.0
2018-01-24 10:31:13.513000,5.0,4.99,5.0,1397100.0
2018-01-24 10:31:16.579000,5.0,4.99,5.0,1397100.0
2018-01-24 10:31:19.874000,5.0,4.99,5.0,1397100.0
2018-01-24 10:31:23.058000,5.0,4.99,5.0,1397100.0
2018-01-24 10:31:26.155000,5.0,4.99,5.0,1397100.0
2018-01-24 10:31:29.358000,5.0,4.99,5.0,1397100.0
2018-01-24 10:31:32.651000,5.0,4.99,5.0,1397100.0
2018-01-24 10:31:35.952000,5.0,4.99,5.0,1397100.0
2018-01-24 10:31:39.043000,5.0,4.99,5.0,1397100.0
2018-01-24 10:31:42.105000,5.0,4.99,5.0,1397100.0
2018-01-24 10:31:45.186000,5.0,4.99,5.0,1397100.0
2018-01-24 10:31:48.298000,5.0,4.99,5.0,1397100.0
2018-01-24 10:31:51.425000,5.0,4.99,5.0,1397100.0
2018-01-24 10:31:54.554000,5.0,4.99,5.0,1397100.0
2018-01-24 10:31:57.919000,5.0,4.99,5.0,1397100.0
2018-01-24 10:32:01.064000,5.0,4.99,5.0,1397100.0
2018-01-24 10:32:04.060000,5.0,4.99,5.0,1397100.0
2018-01-24 10:32:07.216000,5.0,4.99,5.0,1397100.0
2018-01-24 10:32:10.459000,5.0,4.99,5.0,1397100.0
2018-01-24 10:32:13.668000,5.0,4.99,5.0,1397100.0
2018-01-24 10:32:16.859000,5.0,4.99,5.0,1397100.0
2018-01-24 10:32:19.953000,5.0,4.99,5.0,1397100.0
2018-01-24 10:32:23.231000,5.0,4.99,5.0,1397100.0
2018-01-24 10:32:26.703000,5.0,4.99,5.0,1397100.0
2018-01-24 10:32:30.406000,5.0,4.99,5.0,1397100.0
2018-01-24 10:32:33.578000,5.0,4.99,5.0,1397100.0
2018-01-24 10:32:36.941000,5.0,4.99,5.0,1397100.0
2018-01-24 10:32:40.027000,5.0,4.99,5.0,1397100.0
2018-01-24 10:32:43.312000,5.0,4.99,5.0,1397100.0
2018-01-24 10:32:46.659000,5.0,4.99,5.0,1397100.0
2018-01-24 10:32:50.272000,5.0,4.99,5.0,1397100.0
2018-01-24 10:32:53.405000,5.0,4.99,5.0,1397100.0
2018-01-24 10:32:56.479000,5.0,4.99,5.0,1397100.0
2018-01-24 10:32:59.540000,5.0,4.99,5.0,1397100.0
2018-01-24 10:33:02.608000,5.0,4.99,5.0,1397100.0
2018-01-24 10:33:06.710000,5.0,4.99,5.0,1397100.0
2018-01-24 10:33:10.032000,5.0,4.99,5.0,1397100.0
2018-01-24 10:33:13.426000,5.0,4.99,5.0,1397100.0
2018-01-24 10:33:16.726000,5.0,4.99,5.0,1397100.0
2018-01-24 10:33:19.967000,5.0,4.99,5.0,1397100.0
2018-01-24 10:33:23.249000,5.0,4.99,5.0,1397100.0
2018-01-24 10:33:26.518000,5.0,4.99,5.0,1397100.0
2018-01-24 10:33:29.703000,5.0,4.99,5.0,1397100.0
2018-01-24 10:33:33.585000,5.0,4.99,5.0,1397100.0
2018-01-24 10:33:37.479000,5.0,4.99,5.0,1397100.0
2018-01-24 10:33:41.833000,5.0,4.99,5.0,1397100.0
2018-01-24 10:33:45.533000,5.0,4.99,5.0,1397100.0
2018-01-24 10:33:48.936000,5.0,4.99,5.0,1397100.0
2018-01-24 10:33:52.492000,5.0,4.99,5.0,1401100.0
2018-01-24 10:33:55.846000,5.0,4.99,5.0,1401100.0
2018-01-24 10:33:59.942000,5.0,4.99,5.0,1401100.0
2018-01-24 10:34:03.863000,5.0,4.99,5.0,1401100.0
2018-01-24 10:34:07.554000,5.0,4.99,5.0,1401100.0
2018-01-24 10:34:10.658000,5.0,4.99,5.0,1401100.0
2018-01-24 10:34:14.048000,5.0,4.99,5.0,1401100.0
2018-01-24 10:34:17.639000,5.0,4.99,5.0,1401100.0
2018-01-24 10:34:21.112000,5.0,4.99,5.0,1401100.0
2018-01-24 10:34:24.520000,5.0,4.99,5.0,1401100.0
2018-01-24 10:34:28.064000,5.0,4.99,5.0,1401100.0
2018-01-24 10:34:31.537000,5.0,4.99,5.0,1401100.0
2018-01-24 10:34:34.863000,5.0,4.99,5.0,1401100.0
2018-01-24 10:34:38.470000,5.0,4.99,5.0,1401100.0
2018-01-24 10:34:42.249000,5.0,4.99,5.0,1401100.0
2018-01-24 10:34:45.613000,5.0,4.99,5.0,1401100.0
2018-01-24 10:34:48.895000,5.0,4.99,5.0,1401100.0
2018-01-24 10:34:52.164000,5.0,4.99,5.0,1401100.0
2018-01-24 10:34:55.331000,5.0,4.99,5.0,1401100.0
2018-01-24 10:34:58.672000,5.0,4.99,5.0,1401100.0
2018-01-24 10:35:02.213000,5.0,4.99,5.0,1401100.0
2018-01-24 10:35:06.035000,5.0,4.99,5.0,1401100.0
2018-01-24 10:35:09.704000,5.0,4.99,5.0,1401100.0
2018-01-24 10:35:12.962000,5.0,4.99,5.0,1401100.0
2018-01-24 10:35:16.289000,5.0,4.99,5.0,1401100.0
2018-01-24 10:35:19.649000,5.0,4.99,5.0,1401100.0
2018-01-24 10:35:22.847000,5.0,4.99,5.0,1401100.0
2018-01-24 10:35:26.031000,5.0,4.99,5.0,1401100.0
2018-01-24 10:35:29.204000,5.0,4.99,5.0,1401100.0
2018-01-24 10:35:32.656000,5.0,4.99,5.0,1401100.0
2018-01-24 10:35:35.922000,5.0,4.99,5.0,1401100.0
2018-01-24 10:35:40.177000,5.0,4.99,5.0,1401100.0
2018-01-24 10:35:44.269000,5.0,4.99,5.0,1401100.0
2018-01-24 10:35:50.849000,5.0,4.99,5.0,1406100.0
2018-01-24 10:35:54.205000,5.0,4.99,5.0,1406100.0
2018-01-24 10:35:57.705000,5.0,4.99,5.0,1406100.0
2018-01-24 10:36:01.100000,5.0,4.99,5.0,1406100.0
2018-01-24 10:36:05.615000,5.0,4.99,5.0,1406100.0
2018-01-24 10:36:09.116000,5.0,4.99,5.0,1406100.0
2018-01-24 10:36:12.533000,5.0,4.99,5.0,1406100.0
2018-01-24 10:36:16.193000,5.0,4.99,5.0,1406100.0
2018-01-24 10:36:19.990000,5.0,4.99,5.0,1406100.0
2018-01-24 10:36:23.284000,5.0,4.99,5.0,1406100.0
2018-01-24 10:36:26.662000,5.0,4.99,5.0,1406100.0
2018-01-24 10:36:29.944000,5.0,4.99,5.0,1406100.0
2018-01-24 10:36:34.251000,5.0,4.99,5.0,1406100.0
2018-01-24 10:36:37.349000,5.0,4.99,5.0,1406100.0
2018-01-24 10:36:40.457000,5.0,4.99,5.0,1406100.0
2018-01-24 10:36:43.893000,5.0,4.99,5.0,1406100.0
2018-01-24 10:36:47.206000,5.0,4.99,5.0,1406100.0
2018-01-24 10:36:50.694000,5.0,4.99,5.0,1406100.0
2018-01-24 10:36:53.723000,5.0,4.99,5.0,1406100.0
2018-01-24 10:36:56.790000,5.0,4.99,5.0,1406100.0
2018-01-24 10:37:00.184000,5.0,4.99,5.0,1406100.0
2018-01-24 10:37:03.520000,5.0,4.99,5.0,1406100.0
2018-01-24 10:37:06.679000,5.0,4.99,5.0,1406100.0
2018-01-24 10:37:09.888000,5.0,4.99,5.0,1406100.0
2018-01-24 10:37:13.235000,5.0,4.99,5.0,1406100.0
2018-01-24 10:37:16.418000,5.0,4.99,5.0,1406100.0
2018-01-24 10:37:19.475000,5.0,4.99,5.0,1406100.0
2018-01-24 10:37:22.893000,5.0,4.99,5.0,1406100.0
2018-01-24 10:37:26.055000,5.0,4.99,5.0,1406100.0
2018-01-24 10:37:29.069000,5.0,4.99,5.0,1406100.0
2018-01-24 10:37:32.498000,5.0,4.99,5.0,1406100.0
2018-01-24 10:37:35.800000,5.0,4.99,5.0,1406100.0
2018-01-24 10:37:38.794000,5.0,4.99,5.0,1406100.0
2018-01-24 10:37:41.842000,5.0,4.99,5.0,1406100.0
2018-01-24 10:37:45.117000,5.0,4.99,5.0,1406100.0
2018-01-24 10:37:48.099000,5.0,4.99,5.0,1406100.0
2018-01-24 10:37:51.024000,5.0,4.99,5.0,1406100.0
2018-01-24 10:37:54.208000,5.0,4.99,5.0,1406100.0
2018-01-24 10:37:57.414000,5.0,4.99,5.0,1406100.0
2018-01-24 10:38:00.414000,5.0,4.99,5.0,1406100.0
2018-01-24 10:38:03.662000,5.0,4.99,5.0,1406100.0
2018-01-24 10:38:06.591000,5.0,4.99,5.01,1406100.0
2018-01-24 10:38:09.887000,5.0,4.99,5.01,1406100.0
2018-01-24 10:38:12.895000,5.0,4.99,5.01,1406100.0
2018-01-24 10:38:15.933000,5.0,4.99,5.01,1406100.0
2018-01-24 10:38:18.775000,5.0,4.99,5.01,1406100.0
2018-01-24 10:38:21.950000,5.0,4.99,5.01,1406100.0
2018-01-24 10:38:25.030000,5.0,5.0,5.01,1409100.0
2018-01-24 10:38:27.982000,5.0,5.0,5.01,1409100.0
2018-01-24 10:38:30.931000,5.0,5.0,5.01,1409100.0
2018-01-24 10:38:34.227000,5.0,5.0,5.01,1409100.0
2018-01-24 10:38:37.319000,5.0,5.0,5.01,1409100.0
2018-01-24 10:38:40.525000,5.0,5.0,5.01,1409100.0
2018-01-24 10:38:43.553000,5.0,5.0,5.01,1409100.0
2018-01-24 10:38:46.644000,5.0,5.0,5.01,1409100.0
2018-01-24 10:38:49.713000,5.0,5.0,5.01,1409100.0
2018-01-24 10:38:54.274000,5.0,5.0,5.01,1409100.0
2018-01-24 10:38:57.372000,5.0,5.0,5.01,1409100.0
2018-01-24 10:39:00.330000,5.0,5.0,5.01,1409100.0
2018-01-24 10:39:03.412000,5.0,5.0,5.01,1409100.0
2018-01-24 10:39:06.431000,5.0,5.0,5.01,1409100.0
2018-01-24 10:39:09.391000,5.0,5.0,5.01,1409100.0
2018-01-24 10:39:12.363000,5.0,5.0,5.01,1409100.0
2018-01-24 10:39:15.249000,5.0,5.0,5.01,1409100.0
2018-01-24 10:39:18.272000,5.0,5.0,5.01,1409100.0
2018-01-24 10:39:21.619000,5.0,5.0,5.01,1409100.0
2018-01-24 10:39:24.899000,5.0,5.0,5.01,1409100.0
2018-01-24 10:39:27.954000,5.0,5.0,5.01,1409100.0
2018-01-24 10:39:30.695000,5.0,5.0,5.01,1409100.0
2018-01-24 10:39:33.945000,5.0,5.0,5.01,1409100.0
2018-01-24 10:39:37.109000,5.0,5.0,5.01,1409100.0
2018-01-24 10:39:40.465000,5.01,4.99,5.01,1534100.0
2018-01-24 10:39:43.634000,5.01,4.99,5.01,1534100.0
2018-01-24 10:39:46.841000,5.01,4.99,5.01,1534100.0
2018-01-24 10:39:49.930000,5.01,4.99,5.01,1534100.0
2018-01-24 10:39:53.022000,5.01,4.99,5.01,1534100.0
2018-01-24 10:39:55.886000,5.01,4.99,5.01,1534100.0
2018-01-24 10:39:58.836000,5.01,4.99,5.01,1534100.0
2018-01-24 10:40:01.731000,5.01,4.99,5.01,1534100.0
2018-01-24 10:40:04.742000,5.01,4.99,5.01,1534100.0
2018-01-24 10:40:07.875000,5.01,4.99,5.01,1534100.0
2018-01-24 10:40:10.661000,5.01,4.99,5.01,1534100.0
2018-01-24 10:40:13.838000,5.01,4.99,5.01,1534100.0
2018-01-24 10:40:16.858000,5.01,4.99,5.01,1534100.0
2018-01-24 10:40:19.950000,5.01,4.99,5.01,1534100.0
2018-01-24 10:40:22.952000,5.01,4.99,5.01,1534100.0
2018-01-24 10:40:25.925000,5.01,4.99,5.01,1534100.0
2018-01-24 10:40:28.917000,5.01,4.99,5.01,1534100.0
2018-01-24 10:40:31.853000,5.01,4.99,5.01,1534100.0
2018-01-24 10:40:34.924000,5.01,4.99,5.01,1534100.0
2018-01-24 10:40:39.166000,5.01,4.99,5.01,1534100.0
2018-01-24 10:40:42.197000,5.01,4.99,5.01,1534100.0
2018-01-24 10:40:45.412000,5.01,4.99,5.01,1534100.0
2018-01-24 10:40:48.324000,5.01,4.99,5.01,1534100.0
2018-01-24 10:40:51.593000,5.01,4.99,5.01,1534100.0
2018-01-24 10:40:54.618000,5.01,5.0,5.01,1534100.0
2018-01-24 10:40:57.608000,5.01,5.0,5.01,1534100.0
2018-01-24 10:41:00.981000,5.01,5.0,5.01,1534100.0
2018-01-24 10:41:04.259000,5.01,5.0,5.01,1534100.0
2018-01-24 10:41:07.184000,5.01,5.0,5.01,1534100.0
2018-01-24 10:41:10.409000,5.01,5.0,5.01,1534100.0
2018-01-24 10:41:13.433000,5.01,5.0,5.01,1534100.0
2018-01-24 10:41:17.545000,5.01,5.0,5.01,1534100.0
2018-01-24 10:41:20.903000,5.01,5.0,5.01,1534100.0
2018-01-24 10:41:25.445000,5.01,5.0,5.01,1534100.0
2018-01-24 10:41:29.042000,5.01,5.0,5.01,1534100.0
2018-01-24 10:41:31.991000,5.01,5.0,5.01,1534100.0
2018-01-24 10:41:34.916000,5.01,5.0,5.01,1534100.0
2018-01-24 10:41:37.954000,5.01,5.0,5.01,1534100.0
2018-01-24 10:41:41.046000,5.01,5.0,5.01,1534100.0
2018-01-24 10:41:43.965000,5.01,5.0,5.01,1534100.0
2018-01-24 10:41:46.906000,5.01,5.0,5.01,1534100.0
2018-01-24 10:41:50.027000,5.01,5.0,5.01,1534100.0
2018-01-24 10:41:52.764000,5.01,5.0,5.01,1534100.0
2018-01-24 10:41:55.623000,5.01,5.0,5.01,1534100.0
2018-01-24 10:41:58.449000,5.01,5.0,5.01,1534100.0
2018-01-24 10:42:01.500000,5.01,5.0,5.01,1534100.0
2018-01-24 10:42:04.655000,5.01,5.0,5.01,1534100.0
2018-01-24 10:42:08.002000,5.01,5.0,5.01,1534100.0
2018-01-24 10:42:10.891000,5.01,5.0,5.01,1534100.0
2018-01-24 10:42:13.872000,5.01,5.0,5.01,1538100.0
2018-01-24 10:42:16.822000,5.01,5.0,5.01,1538100.0
2018-01-24 10:42:19.906000,5.01,5.0,5.01,1538100.0
2018-01-24 10:42:22.691000,5.01,5.0,5.01,1538100.0
2018-01-24 10:42:25.583000,5.01,5.0,5.01,1538100.0
2018-01-24 10:42:28.542000,5.01,5.0,5.01,1538100.0
2018-01-24 10:42:31.671000,5.01,5.0,5.01,1538100.0
2018-01-24 10:42:35.092000,5.01,5.0,5.01,1538100.0
2018-01-24 10:42:37.996000,5.01,5.0,5.01,1538100.0
2018-01-24 10:42:40.833000,5.01,5.0,5.01,1538100.0
2018-01-24 10:42:43.810000,5.01,5.0,5.01,1538100.0
2018-01-24 10:42:46.779000,5.01,5.0,5.01,1538100.0
2018-01-24 10:42:49.827000,5.01,5.0,5.01,1538100.0
2018-01-24 10:42:52.987000,5.01,5.0,5.01,1538100.0
2018-01-24 10:42:56.218000,5.01,5.0,5.01,1538100.0
2018-01-24 10:42:59.357000,5.01,5.0,5.01,1538100.0
2018-01-24 10:43:02.188000,5.01,5.0,5.01,1538100.0
2018-01-24 10:43:05.061000,5.01,5.0,5.01,1538100.0
2018-01-24 10:43:08.188000,5.01,5.0,5.01,1538100.0
2018-01-24 10:43:10.924000,5.01,5.0,5.01,1538100.0
2018-01-24 10:43:14.064000,5.01,5.0,5.01,1538100.0
2018-01-24 10:43:16.971000,5.01,5.0,5.01,1538100.0
2018-01-24 10:43:20.016000,5.01,5.0,5.01,1538300.0
2018-01-24 10:43:22.886000,5.01,5.0,5.01,1538300.0
2018-01-24 10:43:25.767000,5.01,5.0,5.01,1538300.0
2018-01-24 10:43:28.809000,5.01,5.0,5.01,1538300.0
2018-01-24 10:43:31.613000,5.01,5.0,5.01,1538300.0
2018-01-24 10:43:34.562000,5.01,5.0,5.01,1538300.0
2018-01-24 10:43:37.534000,5.01,5.0,5.01,1538300.0
2018-01-24 10:43:40.473000,5.01,5.0,5.01,1538300.0
2018-01-24 10:43:43.311000,5.01,5.0,5.01,1538300.0
2018-01-24 10:43:46.415000,5.01,5.0,5.01,1538300.0
2018-01-24 10:43:49.434000,5.01,5.0,5.01,1538300.0
2018-01-24 10:43:52.432000,5.01,5.0,5.01,1538300.0
2018-01-24 10:43:55.448000,5.01,5.0,5.01,1538300.0
2018-01-24 10:43:58.295000,5.01,5.0,5.01,1538300.0
2018-01-24 10:44:01.125000,5.01,5.0,5.01,1538300.0
2018-01-24 10:44:03.998000,5.01,5.0,5.01,1538300.0
2018-01-24 10:44:06.938000,5.01,5.0,5.01,1538300.0
2018-01-24 10:44:10.156000,5.01,5.0,5.01,1568300.0
2018-01-24 10:44:13.139000,5.01,5.0,5.01,1568300.0
2018-01-24 10:44:15.970000,5.01,5.0,5.01,1568300.0
2018-01-24 10:44:19.175000,5.01,5.0,5.01,1568300.0
2018-01-24 10:44:22.022000,5.01,5.0,5.01,1568300.0
2018-01-24 10:44:25.175000,5.01,5.0,5.01,1568300.0
2018-01-24 10:44:28.276000,5.01,5.0,5.01,1568300.0
2018-01-24 10:44:31.314000,5.01,5.0,5.01,1568300.0
2018-01-24 10:44:34.232000,5.01,5.0,5.01,1568300.0
2018-01-24 10:44:37.022000,5.01,5.0,5.01,1568300.0
2018-01-24 10:44:39.906000,5.01,5.0,5.01,1568300.0
2018-01-24 10:44:42.612000,5.01,5.0,5.01,1568300.0
2018-01-24 10:44:45.464000,5.01,5.0,5.01,1568300.0
2018-01-24 10:44:48.295000,5.01,5.0,5.01,1608300.0
2018-01-24 10:44:51.049000,5.01,5.0,5.01,1608300.0
2018-01-24 10:44:53.750000,5.01,5.0,5.01,1608300.0
2018-01-24 10:44:56.344000,5.01,5.0,5.01,1608300.0
2018-01-24 10:44:59.207000,5.01,5.0,5.01,1608300.0
2018-01-24 10:45:02.012000,5.01,5.0,5.01,1608300.0
2018-01-24 10:45:05.017000,5.01,5.0,5.01,1608300.0
2018-01-24 10:45:07.676000,5.01,5.0,5.01,1608300.0
2018-01-24 10:45:10.533000,5.01,5.0,5.01,1608300.0
2018-01-24 10:45:13.411000,5.01,5.0,5.01,1608300.0
2018-01-24 10:45:16.053000,5.01,5.0,5.01,1608300.0
2018-01-24 10:45:18.718000,5.01,5.0,5.01,1608300.0
2018-01-24 10:45:21.339000,5.01,5.0,5.01,1608300.0
2018-01-24 10:45:23.953000,5.01,5.0,5.01,1608300.0
2018-01-24 10:45:26.801000,5.01,5.0,5.01,1608300.0
2018-01-24 10:45:29.704000,5.01,5.0,5.01,1608300.0
2018-01-24 10:45:32.761000,5.01,5.0,5.01,1608300.0
2018-01-24 10:45:35.376000,5.01,5.0,5.01,1608300.0
2018-01-24 10:45:38.101000,5.01,5.0,5.01,1608300.0
2018-01-24 10:45:41.129000,5.01,5.0,5.01,1608300.0
2018-01-24 10:45:43.830000,5.01,5.0,5.01,1608300.0
2018-01-24 10:45:46.668000,5.01,5.0,5.01,1608300.0
2018-01-24 10:45:49.243000,5.01,5.0,5.01,1608300.0
2018-01-24 10:45:52.001000,5.01,5.0,5.01,1608300.0
2018-01-24 10:45:54.939000,5.01,5.0,5.01,1608300.0
2018-01-24 10:45:57.795000,5.01,5.0,5.01,1608300.0
2018-01-24 10:46:00.459000,5.01,5.0,5.01,1608300.0
2018-01-24 10:46:03.638000,5.01,5.0,5.01,1608300.0
2018-01-24 10:46:06.606000,5.01,5.0,5.01,1608300.0
2018-01-24 10:46:09.476000,5.01,5.0,5.01,1608300.0
2018-01-24 10:46:12.368000,5.01,5.0,5.01,1608300.0
2018-01-24 10:46:15.155000,5.01,5.0,5.01,1608300.0
2018-01-24 10:46:17.996000,5.01,5.0,5.01,1608300.0
2018-01-24 10:46:20.754000,5.01,5.0,5.01,1608300.0
2018-01-24 10:46:23.372000,5.01,5.0,5.01,1608300.0
2018-01-24 10:46:25.937000,5.01,5.0,5.01,1608300.0
2018-01-24 10:46:28.732000,5.01,5.0,5.01,1608300.0
2018-01-24 10:46:31.698000,5.01,5.0,5.01,1608300.0
2018-01-24 10:46:34.849000,5.01,5.0,5.01,1608300.0
2018-01-24 10:46:37.868000,5.01,5.0,5.01,1608300.0
2018-01-24 10:46:40.868000,5.01,5.0,5.01,1608300.0
2018-01-24 10:46:43.641000,5.01,5.0,5.01,1608300.0
2018-01-24 10:46:46.431000,5.01,5.0,5.01,1608300.0
2018-01-24 10:46:49.507000,5.01,5.0,5.01,1608300.0
2018-01-24 10:46:52.331000,5.01,5.0,5.01,1608300.0
2018-01-24 10:46:55.278000,5.01,5.0,5.01,1608300.0
2018-01-24 10:46:58.219000,5.01,5.0,5.01,1608300.0
2018-01-24 10:47:00.975000,5.01,5.0,5.01,1608300.0
2018-01-24 10:47:03.980000,5.01,5.0,5.01,1608300.0
2018-01-24 10:47:06.855000,5.01,5.0,5.01,1608300.0
2018-01-24 10:47:09.702000,5.01,5.0,5.01,1608300.0
2018-01-24 10:47:12.584000,5.01,5.0,5.01,1608300.0
2018-01-24 10:47:15.397000,5.01,5.0,5.01,1608300.0
2018-01-24 10:47:18.135000,5.01,5.0,5.01,1608300.0
2018-01-24 10:47:20.843000,5.01,5.0,5.01,1608300.0
2018-01-24 10:47:23.494000,5.01,5.0,5.01,1608300.0
2018-01-24 10:47:26.510000,5.01,5.0,5.01,1608300.0
2018-01-24 10:47:29.233000,5.01,5.0,5.01,1608300.0
2018-01-24 10:47:32.033000,5.01,5.0,5.01,1608300.0
2018-01-24 10:47:34.738000,5.01,5.0,5.01,1608300.0
2018-01-24 10:47:37.306000,5.01,5.0,5.01,1608300.0
2018-01-24 10:47:39.983000,5.01,5.0,5.01,1608300.0
2018-01-24 10:47:42.502000,5.01,5.0,5.01,1608300.0
2018-01-24 10:47:45.090000,5.01,5.0,5.01,1608300.0
2018-01-24 10:47:47.887000,5.01,5.0,5.01,1608300.0
2018-01-24 10:47:50.601000,5.01,4.99,5.01,1608300.0
2018-01-24 10:47:53.507000,5.01,4.99,5.01,1608300.0
2018-01-24 10:47:56.428000,5.01,4.99,5.01,1608300.0
2018-01-24 10:47:59.372000,5.01,4.99,5.01,1608300.0
2018-01-24 10:48:02.206000,5.01,4.99,5.01,1608300.0
2018-01-24 10:48:05.493000,5.01,4.99,5.01,1608300.0
2018-01-24 10:48:08.466000,5.01,4.99,5.01,1608300.0
2018-01-24 10:48:11.473000,5.01,4.99,5.01,1608300.0
2018-01-24 10:48:14.321000,5.01,4.99,5.01,1608300.0
2018-01-24 10:48:17.168000,5.01,4.99,5.01,1608300.0
2018-01-24 10:48:20.087000,5.01,4.99,5.01,1608300.0
2018-01-24 10:48:22.884000,5.01,4.99,5.01,1608300.0
2018-01-24 10:48:25.693000,5.01,4.99,5.01,1608300.0
2018-01-24 10:48:28.633000,5.0,4.99,5.0,1611900.0
2018-01-24 10:48:31.688000,5.0,4.99,5.0,1611900.0
2018-01-24 10:48:34.333000,5.0,4.99,5.0,1611900.0
2018-01-24 10:48:37.336000,5.0,4.99,5.0,1611900.0
2018-01-24 10:48:40.188000,5.0,4.99,5.0,1611900.0
2018-01-24 10:48:43.001000,5.0,4.99,5.0,1611900.0
2018-01-24 10:48:45.913000,5.0,4.99,5.0,1611900.0
2018-01-24 10:48:48.925000,5.0,4.99,5.0,1611900.0
2018-01-24 10:48:51.797000,5.0,4.99,5.0,1611900.0
2018-01-24 10:48:54.726000,5.0,4.99,5.0,1611900.0
2018-01-24 10:48:57.682000,5.0,4.99,5.0,1611900.0
2018-01-24 10:49:00.695000,5.0,4.99,5.0,1611900.0
2018-01-24 10:49:03.975000,5.0,4.99,5.0,1611900.0
2018-01-24 10:49:06.765000,5.0,4.99,5.0,1611900.0
2018-01-24 10:49:09.568000,5.0,4.99,5.01,1611900.0
2018-01-24 10:49:12.604000,5.0,4.99,5.01,1611900.0
2018-01-24 10:49:15.634000,5.0,4.99,5.01,1611900.0
2018-01-24 10:49:18.419000,5.0,4.99,5.01,1611900.0
2018-01-24 10:49:21.542000,5.0,4.99,5.01,1611900.0
2018-01-24 10:49:24.355000,5.0,4.99,5.01,1611900.0
2018-01-24 10:49:27.174000,5.0,4.99,5.01,1611900.0
2018-01-24 10:49:30.102000,5.0,4.99,5.01,1611900.0
2018-01-24 10:49:32.909000,5.0,4.99,5.01,1611900.0
2018-01-24 10:49:35.792000,5.0,4.99,5.01,1611900.0
2018-01-24 10:49:38.816000,5.0,4.99,5.01,1611900.0
2018-01-24 10:49:41.638000,5.0,4.99,5.01,1611900.0
2018-01-24 10:49:44.470000,5.0,4.99,5.01,1611900.0
2018-01-24 10:49:47.365000,5.0,4.99,5.01,1611900.0
2018-01-24 10:49:50.407000,5.0,4.99,5.01,1611900.0
2018-01-24 10:49:53.261000,5.0,4.99,5.01,1611900.0
2018-01-24 10:49:56.101000,5.0,4.99,5.01,1611900.0
2018-01-24 10:49:58.936000,5.0,4.99,5.01,1611900.0
2018-01-24 10:50:01.845000,5.0,4.99,5.01,1611900.0
2018-01-24 10:50:04.838000,5.0,4.99,5.01,1611900.0
2018-01-24 10:50:07.758000,5.0,4.99,5.01,1611900.0
2018-01-24 10:50:10.532000,5.0,4.99,5.01,1611900.0
2018-01-24 10:50:13.529000,5.0,4.99,5.01,1611900.0
2018-01-24 10:50:16.338000,5.0,4.99,5.01,1611900.0
2018-01-24 10:50:19.261000,5.0,4.99,5.01,1611900.0
2018-01-24 10:50:22.202000,5.0,4.99,5.0,1613900.0
2018-01-24 10:50:24.899000,5.0,4.99,5.0,1613900.0
2018-01-24 10:50:27.731000,5.0,4.99,5.0,1613900.0
2018-01-24 10:50:30.759000,5.0,4.99,5.0,1613900.0
2018-01-24 10:50:33.607000,5.0,4.99,5.0,1613900.0
2018-01-24 10:50:36.609000,5.0,4.99,5.01,1613900.0
2018-01-24 10:50:39.572000,5.0,4.99,5.01,1613900.0
2018-01-24 10:50:42.341000,5.0,4.99,5.01,1613900.0
2018-01-24 10:50:45.088000,5.0,4.99,5.01,1613900.0
2018-01-24 10:50:48.002000,5.0,4.99,5.01,1613900.0
2018-01-24 10:50:50.826000,5.0,4.99,5.01,1613900.0
2018-01-24 10:50:53.824000,5.0,4.99,5.01,1613900.0
2018-01-24 10:50:56.949000,5.0,4.99,5.01,1613900.0
2018-01-24 10:51:00.153000,5.0,4.99,5.01,1613900.0
2018-01-24 10:51:03.198000,5.0,4.99,5.01,1613900.0
2018-01-24 10:51:06.024000,5.0,4.99,5.01,1613900.0
2018-01-24 10:51:09.166000,5.0,4.99,5.01,1613900.0
2018-01-24 10:51:12.032000,5.0,4.99,5.01,1613900.0
2018-01-24 10:51:14.821000,5.0,4.99,5.01,1613900.0
2018-01-24 10:51:17.946000,5.0,4.99,5.01,1613900.0
2018-01-24 10:51:21.076000,5.0,4.99,5.01,1613900.0
2018-01-24 10:51:24.228000,5.0,4.99,5.01,1613900.0
2018-01-24 10:51:26.833000,5.0,4.99,5.01,1613900.0
2018-01-24 10:51:29.760000,5.0,4.99,5.01,1613900.0
2018-01-24 10:51:32.648000,5.0,4.99,5.01,1613900.0
2018-01-24 10:51:35.639000,5.0,4.99,5.01,1613900.0
2018-01-24 10:51:38.486000,5.0,4.99,5.01,1613900.0
2018-01-24 10:51:41.562000,5.0,4.99,5.01,1613900.0
2018-01-24 10:51:44.309000,5.0,4.99,5.01,1613900.0
2018-01-24 10:51:47.172000,5.0,4.99,5.01,1613900.0
2018-01-24 10:51:49.934000,5.0,4.99,5.01,1613900.0
2018-01-24 10:51:52.803000,5.0,4.99,5.01,1613900.0
2018-01-24 10:51:55.651000,5.0,4.99,5.01,1613900.0
2018-01-24 10:51:58.592000,5.0,4.99,5.01,1613900.0
2018-01-24 10:52:01.688000,5.0,4.99,5.01,1613900.0
2018-01-24 10:52:04.511000,5.0,4.99,5.01,1613900.0
2018-01-24 10:52:07.313000,5.0,4.99,5.01,1613900.0
2018-01-24 10:52:10.271000,5.0,5.0,5.01,1613900.0
2018-01-24 10:52:13.266000,5.0,5.0,5.01,1613900.0
2018-01-24 10:52:16.434000,5.0,5.0,5.01,1613900.0
2018-01-24 10:52:19.311000,5.0,5.0,5.01,1613900.0
2018-01-24 10:52:22.299000,5.0,5.0,5.01,1613900.0
2018-01-24 10:52:25.280000,5.0,5.0,5.01,1613900.0
2018-01-24 10:52:28.111000,5.0,5.0,5.01,1613900.0
2018-01-24 10:52:31.094000,5.0,5.0,5.01,1613900.0
2018-01-24 10:52:33.966000,5.0,5.0,5.01,1613900.0
2018-01-24 10:52:36.984000,5.0,5.0,5.01,1613900.0
2018-01-24 10:52:39.966000,5.0,5.0,5.01,1613900.0
2018-01-24 10:52:42.907000,5.0,5.0,5.01,1613900.0
2018-01-24 10:52:45.859000,5.0,5.0,5.01,1613900.0
2018-01-24 10:52:48.815000,5.0,5.0,5.01,1613900.0
2018-01-24 10:52:51.655000,5.0,5.0,5.01,1613900.0
2018-01-24 10:52:54.652000,5.0,5.0,5.01,1613900.0
2018-01-24 10:52:57.500000,5.0,5.0,5.01,1613900.0
2018-01-24 10:53:00.497000,5.0,5.0,5.01,1613900.0
2018-01-24 10:53:03.359000,5.0,5.0,5.01,1613900.0
2018-01-24 10:53:06.423000,5.0,5.0,5.01,1613900.0
2018-01-24 10:53:09.170000,5.0,5.0,5.01,1613900.0
2018-01-24 10:53:11.957000,5.0,5.0,5.01,1613900.0
2018-01-24 10:53:15.029000,5.0,5.0,5.01,1613900.0
2018-01-24 10:53:17.976000,5.0,5.0,5.01,1613900.0
2018-01-24 10:53:20.904000,5.0,5.0,5.01,1613900.0
2018-01-24 10:53:23.973000,5.0,5.0,5.01,1613900.0
2018-01-24 10:53:26.909000,5.0,5.0,5.01,1613900.0
2018-01-24 10:53:29.965000,5.0,5.0,5.01,1613900.0
2018-01-24 10:53:32.897000,5.0,5.0,5.01,1613900.0
2018-01-24 10:53:35.710000,5.0,5.0,5.01,1613900.0
2018-01-24 10:53:38.713000,5.0,5.0,5.01,1613900.0
2018-01-24 10:53:41.626000,5.0,5.0,5.01,1613900.0
2018-01-24 10:53:44.546000,5.0,5.0,5.01,1613900.0
2018-01-24 10:53:47.455000,5.0,5.0,5.01,1613900.0
2018-01-24 10:53:50.326000,5.0,5.0,5.01,1613900.0
2018-01-24 10:53:53.143000,5.0,5.0,5.01,1613900.0
2018-01-24 10:53:56.142000,5.0,5.0,5.01,1613900.0
2018-01-24 10:53:59.052000,5.0,5.0,5.01,1613900.0
2018-01-24 10:54:01.842000,5.0,5.0,5.01,1613900.0
2018-01-24 10:54:04.733000,5.0,5.0,5.01,1613900.0
2018-01-24 10:54:07.602000,5.0,5.0,5.01,1613900.0
2018-01-24 10:54:10.390000,5.0,5.0,5.01,1613900.0
2018-01-24 10:54:13.033000,5.0,5.0,5.01,1613900.0
2018-01-24 10:54:16.079000,5.0,5.0,5.01,1613900.0
2018-01-24 10:54:19.235000,5.0,5.0,5.01,1613900.0
2018-01-24 10:54:22.252000,5.0,5.0,5.01,1613900.0
2018-01-24 10:54:25.029000,5.0,5.0,5.01,1613900.0
2018-01-24 10:54:27.907000,5.0,5.0,5.01,1613900.0
2018-01-24 10:54:30.877000,5.0,5.0,5.01,1613900.0
2018-01-24 10:54:33.912000,5.0,5.0,5.01,1613900.0
2018-01-24 10:54:36.727000,5.0,5.0,5.01,1613900.0
2018-01-24 10:54:39.641000,5.0,5.0,5.01,1613900.0
2018-01-24 10:54:42.470000,5.0,5.0,5.01,1613900.0
2018-01-24 10:54:45.408000,5.0,5.0,5.01,1613900.0
2018-01-24 10:54:48.109000,5.0,5.0,5.01,1613900.0
2018-01-24 10:54:50.953000,5.0,5.0,5.01,1613900.0
2018-01-24 10:54:53.737000,5.0,5.0,5.01,1613900.0
2018-01-24 10:54:56.832000,5.0,5.0,5.01,1613900.0
2018-01-24 10:54:59.689000,5.0,5.0,5.01,1613900.0
2018-01-24 10:55:02.579000,5.0,5.0,5.01,1613900.0
2018-01-24 10:55:05.655000,5.0,5.0,5.01,1613900.0
2018-01-24 10:55:08.737000,5.0,5.0,5.01,1613900.0
2018-01-24 10:55:11.838000,5.0,5.0,5.01,1613900.0
2018-01-24 10:55:15.327000,5.0,5.0,5.01,1613900.0
2018-01-24 10:55:18.331000,5.0,5.0,5.01,1613900.0
2018-01-24 10:55:21.288000,5.0,5.0,5.01,1613900.0
2018-01-24 10:55:24.220000,5.0,5.0,5.01,1613900.0
2018-01-24 10:55:27.067000,5.0,5.0,5.01,1613900.0
2018-01-24 10:55:29.689000,5.0,5.0,5.01,1613900.0
2018-01-24 10:55:32.567000,5.0,5.0,5.01,1613900.0
2018-01-24 10:55:35.673000,5.0,5.0,5.01,1613900.0
2018-01-24 10:55:38.561000,5.0,5.0,5.01,1613900.0
2018-01-24 10:55:41.541000,5.0,5.0,5.01,1613900.0
2018-01-24 10:55:44.589000,5.0,5.0,5.01,1613900.0
2018-01-24 10:55:47.396000,5.0,5.0,5.01,1613900.0
2018-01-24 10:55:50.352000,5.0,5.0,5.01,1613900.0
2018-01-24 10:55:53.041000,5.0,5.0,5.01,1613900.0
2018-01-24 10:55:55.861000,5.0,5.0,5.01,1613900.0
2018-01-24 10:55:58.745000,5.0,5.0,5.01,1613900.0
2018-01-24 10:56:01.501000,5.0,5.0,5.01,1613900.0
2018-01-24 10:56:04.767000,5.0,5.0,5.01,1613900.0
2018-01-24 10:56:07.801000,5.0,5.0,5.01,1613900.0
2018-01-24 10:56:10.862000,5.0,5.0,5.01,1613900.0
2018-01-24 10:56:13.915000,5.0,5.0,5.01,1613900.0
2018-01-24 10:56:16.646000,5.0,5.0,5.01,1613900.0
2018-01-24 10:56:19.554000,5.0,5.0,5.01,1613900.0
2018-01-24 10:56:22.411000,5.0,5.0,5.01,1613900.0
2018-01-24 10:56:25.300000,5.0,5.0,5.01,1613900.0
2018-01-24 10:56:28.217000,5.0,5.0,5.01,1613900.0
2018-01-24 10:56:30.970000,5.0,5.0,5.01,1613900.0
2018-01-24 10:56:34.138000,5.0,5.0,5.01,1613900.0
2018-01-24 10:56:37.085000,5.0,5.0,5.01,1613900.0
2018-01-24 10:56:40.070000,5.0,5.0,5.01,1613900.0
2018-01-24 10:56:42.907000,5.0,5.0,5.01,1613900.0
2018-01-24 10:56:45.630000,5.0,5.0,5.01,1613900.0
2018-01-24 10:56:48.415000,5.0,5.0,5.01,1613900.0
2018-01-24 10:56:51.523000,5.0,5.0,5.01,1613900.0
2018-01-24 10:56:54.223000,5.0,5.0,5.01,1613900.0
2018-01-24 10:56:57.115000,5.0,5.0,5.01,1613900.0
2018-01-24 10:56:59.939000,5.0,5.0,5.01,1613900.0
2018-01-24 10:57:02.738000,5.0,5.0,5.01,1613900.0
2018-01-24 10:57:05.537000,5.0,5.0,5.01,1613900.0
2018-01-24 10:57:08.540000,5.0,5.0,5.01,1613900.0
2018-01-24 10:57:11.431000,5.0,5.0,5.01,1613900.0
2018-01-24 10:57:14.218000,5.0,5.0,5.01,1613900.0
2018-01-24 10:57:17.140000,5.0,5.0,5.01,1613900.0
2018-01-24 10:57:19.800000,5.0,5.0,5.01,1613900.0
2018-01-24 10:57:22.718000,5.0,5.0,5.01,1613900.0
2018-01-24 10:57:25.601000,5.0,5.0,5.01,1613900.0
2018-01-24 10:57:28.776000,5.0,5.0,5.01,1613900.0
2018-01-24 10:57:31.680000,5.0,5.0,5.01,1613900.0
2018-01-24 10:57:34.648000,5.0,5.0,5.01,1613900.0
2018-01-24 10:57:37.444000,5.0,5.0,5.01,1613900.0
2018-01-24 10:57:40.331000,5.0,5.0,5.01,1613900.0
2018-01-24 10:57:43.375000,5.0,5.0,5.01,1613900.0
2018-01-24 10:57:46.442000,5.0,5.0,5.01,1613900.0
2018-01-24 10:57:49.500000,5.0,5.0,5.01,1613900.0
2018-01-24 10:57:52.380000,5.0,5.0,5.01,1613900.0
2018-01-24 10:57:55.379000,5.0,5.0,5.01,1613900.0
2018-01-24 10:57:58.195000,5.0,5.0,5.01,1613900.0
2018-01-24 10:58:00.973000,5.0,5.0,5.01,1613900.0
2018-01-24 10:58:03.723000,5.0,5.0,5.01,1613900.0
2018-01-24 10:58:06.693000,5.0,5.0,5.01,1613900.0
2018-01-24 10:58:09.657000,5.0,5.0,5.01,1613900.0
2018-01-24 10:58:12.570000,5.0,5.0,5.01,1613900.0
2018-01-24 10:58:15.270000,5.0,5.0,5.01,1613900.0
2018-01-24 10:58:18.061000,5.0,5.0,5.01,1613900.0
2018-01-24 10:58:20.943000,5.0,5.0,5.01,1613900.0
2018-01-24 10:58:23.886000,5.0,5.0,5.01,1613900.0
2018-01-24 10:58:26.739000,5.0,5.0,5.01,1613900.0
2018-01-24 10:58:29.557000,5.0,5.0,5.01,1613900.0
2018-01-24 10:58:32.308000,5.0,5.0,5.01,1613900.0
2018-01-24 10:58:35.134000,5.0,5.0,5.01,1613900.0
2018-01-24 10:58:37.950000,5.0,5.0,5.01,1613900.0
2018-01-24 10:58:40.930000,5.0,5.0,5.01,1613900.0
2018-01-24 10:58:43.711000,5.0,5.0,5.01,1613900.0
2018-01-24 10:58:46.430000,5.0,5.0,5.01,1613900.0
2018-01-24 10:58:49.315000,5.0,5.0,5.01,1613900.0
2018-01-24 10:58:52.108000,5.0,5.0,5.01,1613900.0
2018-01-24 10:58:55.056000,5.0,5.0,5.01,1613900.0
2018-01-24 10:58:58.097000,5.0,5.0,5.01,1613900.0
2018-01-24 10:59:00.958000,5.0,5.0,5.01,1613900.0
2018-01-24 10:59:04.002000,5.0,5.0,5.01,1613900.0
2018-01-24 10:59:06.635000,5.0,5.0,5.01,1613900.0
2018-01-24 10:59:09.497000,5.0,5.0,5.01,1613900.0
2018-01-24 10:59:12.441000,5.0,5.0,5.01,1613900.0
2018-01-24 10:59:15.429000,5.0,5.0,5.01,1613900.0
2018-01-24 10:59:18.292000,5.0,5.0,5.01,1613900.0
2018-01-24 10:59:21.208000,5.0,5.0,5.01,1613900.0
2018-01-24 10:59:24.149000,5.0,5.0,5.01,1613900.0
2018-01-24 10:59:27.097000,5.0,5.0,5.01,1613900.0
2018-01-24 10:59:29.992000,5.0,5.0,5.01,1613900.0
2018-01-24 10:59:32.978000,5.0,5.0,5.01,1613900.0
2018-01-24 10:59:35.896000,5.0,5.0,5.01,1613900.0
2018-01-24 10:59:38.762000,5.0,5.0,5.01,1613900.0
2018-01-24 10:59:41.573000,5.0,5.0,5.01,1613900.0
2018-01-24 10:59:44.167000,5.0,5.0,5.01,1613900.0
2018-01-24 10:59:47.172000,5.0,5.0,5.01,1613900.0
2018-01-24 10:59:50.009000,5.0,5.0,5.01,1613900.0
2018-01-24 10:59:52.677000,5.0,5.0,5.01,1613900.0
2018-01-24 10:59:55.491000,5.0,5.0,5.01,1613900.0
2018-01-24 10:59:58.338000,5.0,5.0,5.01,1613900.0
2018-01-24 11:00:01.160000,5.0,5.0,5.01,1613900.0
2018-01-24 11:00:04.173000,5.01,5.0,5.01,1628900.0
2018-01-24 11:00:08.353000,5.01,5.0,5.01,1628900.0
2018-01-24 11:00:11.506000,5.01,5.0,5.01,1628900.0
2018-01-24 11:00:14.304000,5.01,5.0,5.01,1628900.0
2018-01-24 11:00:17.291000,5.01,5.0,5.01,1628900.0
2018-01-24 11:00:20.288000,5.01,5.0,5.01,1628900.0
2018-01-24 11:00:23.288000,5.01,5.0,5.01,1628900.0
2018-01-24 11:00:26.179000,5.01,5.0,5.01,1628900.0
2018-01-24 11:00:29.167000,5.01,5.0,5.01,1628900.0
2018-01-24 11:00:32.052000,5.01,5.0,5.01,1628900.0
2018-01-24 11:00:34.966000,5.01,5.0,5.01,1628900.0
2018-01-24 11:00:37.791000,5.01,5.0,5.01,1628900.0
2018-01-24 11:00:40.666000,5.01,5.0,5.01,1628900.0
2018-01-24 11:00:43.577000,5.01,5.0,5.01,1628900.0
2018-01-24 11:00:46.466000,5.01,5.0,5.01,1628900.0
2018-01-24 11:00:49.432000,5.01,5.0,5.01,1628900.0
2018-01-24 11:00:52.189000,5.01,5.0,5.01,1628900.0
2018-01-24 11:00:54.961000,5.01,5.0,5.01,1628900.0
2018-01-24 11:00:57.914000,5.01,5.0,5.01,1628900.0
2018-01-24 11:01:00.803000,5.01,5.0,5.01,1628900.0
2018-01-24 11:01:03.948000,5.01,5.0,5.01,1628900.0
2018-01-24 11:01:07.023000,5.01,5.0,5.01,1628900.0
2018-01-24 11:01:10.335000,5.01,5.0,5.01,1628900.0
2018-01-24 11:01:13.449000,5.01,5.0,5.01,1628900.0
2018-01-24 11:01:16.400000,5.01,5.0,5.01,1628900.0
2018-01-24 11:01:19.225000,5.01,5.0,5.01,1628900.0
2018-01-24 11:01:21.998000,5.01,5.0,5.01,1628900.0
2018-01-24 11:01:24.865000,5.01,5.0,5.01,1628900.0
2018-01-24 11:01:27.820000,5.01,5.0,5.01,1628900.0
2018-01-24 11:01:31.023000,5.01,5.0,5.01,1628900.0
2018-01-24 11:01:33.933000,5.01,5.0,5.01,1628900.0
2018-01-24 11:01:36.884000,5.01,5.0,5.01,1628900.0
2018-01-24 11:01:39.692000,5.01,5.0,5.01,1628900.0
2018-01-24 11:01:42.528000,5.01,5.0,5.01,1628900.0
2018-01-24 11:01:45.431000,5.01,5.0,5.01,1628900.0
2018-01-24 11:01:48.174000,5.01,5.0,5.01,1633900.0
2018-01-24 11:01:50.899000,5.01,5.0,5.01,1633900.0
2018-01-24 11:01:53.677000,5.01,5.0,5.01,1633900.0
2018-01-24 11:01:56.498000,5.01,5.0,5.01,1633900.0
2018-01-24 11:01:59.237000,5.01,5.0,5.01,1633900.0
2018-01-24 11:02:01.916000,5.01,5.0,5.01,1633900.0
2018-01-24 11:02:05.077000,5.01,5.0,5.01,1633900.0
2018-01-24 11:02:08.281000,5.01,5.0,5.01,1633900.0
2018-01-24 11:02:11.479000,5.01,5.0,5.01,1633900.0
2018-01-24 11:02:15.062000,5.01,5.0,5.01,1633900.0
2018-01-24 11:02:18.120000,5.01,5.0,5.01,1633900.0
2018-01-24 11:02:21.087000,5.01,5.0,5.01,1633900.0
2018-01-24 11:02:23.941000,5.01,5.0,5.01,1633900.0
2018-01-24 11:02:26.804000,5.01,5.0,5.01,1633900.0
2018-01-24 11:02:30.126000,5.01,5.0,5.01,1633900.0
2018-01-24 11:02:32.926000,5.01,5.0,5.01,1633900.0
2018-01-24 11:02:35.948000,5.01,5.0,5.01,1633900.0
2018-01-24 11:02:38.982000,5.01,5.0,5.01,1636900.0
2018-01-24 11:02:42.011000,5.01,5.0,5.01,1636900.0
2018-01-24 11:02:44.891000,5.01,5.0,5.01,1636900.0
2018-01-24 11:02:47.919000,5.01,5.0,5.01,1636900.0
2018-01-24 11:02:50.792000,5.01,5.0,5.01,1636900.0
2018-01-24 11:02:53.795000,5.01,5.0,5.01,1636900.0
2018-01-24 11:02:56.745000,5.01,5.0,5.01,1636900.0
2018-01-24 11:02:59.572000,5.01,5.0,5.01,1636900.0
2018-01-24 11:03:02.432000,5.01,5.0,5.01,1636900.0
2018-01-24 11:03:05.463000,5.01,5.0,5.01,1636900.0
2018-01-24 11:03:08.296000,5.01,5.0,5.01,1636900.0
2018-01-24 11:03:10.962000,5.01,5.0,5.01,1636900.0
2018-01-24 11:03:13.732000,5.01,5.0,5.01,1636900.0
2018-01-24 11:03:16.602000,5.01,5.0,5.01,1636900.0
2018-01-24 11:03:19.591000,5.01,5.0,5.01,1636900.0
2018-01-24 11:03:22.384000,5.01,5.0,5.01,1636900.0
2018-01-24 11:03:25.415000,5.01,5.0,5.01,1636900.0
2018-01-24 11:03:28.215000,5.01,5.0,5.01,1636900.0
2018-01-24 11:03:31.216000,5.01,5.0,5.01,1636900.0
2018-01-24 11:03:34.164000,5.01,5.0,5.01,1636900.0
2018-01-24 11:03:37.145000,5.01,5.0,5.01,1636900.0
2018-01-24 11:03:40.214000,5.01,5.0,5.01,1636900.0
2018-01-24 11:03:43.172000,5.01,5.0,5.01,1636900.0
2018-01-24 11:03:46.014000,5.01,5.0,5.01,1636900.0
2018-01-24 11:03:48.983000,5.01,5.0,5.01,1636900.0
2018-01-24 11:03:51.762000,5.01,5.0,5.01,1636900.0
2018-01-24 11:03:54.986000,5.01,5.0,5.01,1636900.0
2018-01-24 11:03:57.796000,5.01,5.0,5.01,1636900.0
2018-01-24 11:04:00.949000,5.01,5.0,5.01,1636900.0
2018-01-24 11:04:03.784000,5.01,5.0,5.01,1636900.0
2018-01-24 11:04:06.781000,5.01,5.0,5.01,1636900.0
2018-01-24 11:04:09.846000,5.01,5.0,5.01,1636900.0
2018-01-24 11:04:12.672000,5.01,5.0,5.01,1636900.0
2018-01-24 11:04:15.682000,5.01,5.0,5.01,1636900.0
2018-01-24 11:04:18.529000,5.01,5.0,5.01,1636900.0
2018-01-24 11:04:21.432000,5.01,5.0,5.01,1636900.0
2018-01-24 11:04:24.326000,5.01,5.0,5.01,1636900.0
2018-01-24 11:04:27.183000,5.01,5.0,5.01,1636900.0
2018-01-24 11:04:30.159000,5.01,5.0,5.01,1640400.0
2018-01-24 11:04:32.889000,5.01,5.0,5.01,1640400.0
2018-01-24 11:04:35.824000,5.01,5.0,5.01,1640400.0
2018-01-24 11:04:38.767000,5.01,5.0,5.01,1640400.0
2018-01-24 11:04:41.964000,5.01,5.0,5.01,1640400.0
2018-01-24 11:04:44.842000,5.01,5.0,5.01,1640400.0
2018-01-24 11:04:47.712000,5.01,5.0,5.01,1640400.0
2018-01-24 11:04:50.747000,5.01,5.0,5.01,1640400.0
2018-01-24 11:04:53.828000,5.01,5.0,5.01,1640400.0
2018-01-24 11:04:56.576000,5.01,5.0,5.01,1640400.0
2018-01-24 11:04:59.548000,5.01,5.0,5.02,1738400.0
2018-01-24 11:05:02.295000,5.01,5.0,5.02,1738400.0
2018-01-24 11:05:05.116000,5.01,5.0,5.02,1738400.0
2018-01-24 11:05:08.168000,5.01,5.0,5.02,1753400.0
2018-01-24 11:05:11.079000,5.01,5.0,5.02,1753400.0
2018-01-24 11:05:13.861000,5.01,5.0,5.02,1753400.0
2018-01-24 11:05:16.920000,5.01,5.0,5.02,1753400.0
2018-01-24 11:05:19.723000,5.01,5.0,5.02,1753400.0
2018-01-24 11:05:22.530000,5.01,5.0,5.02,1753400.0
2018-01-24 11:05:25.591000,5.01,5.0,5.02,1753400.0
2018-01-24 11:05:28.422000,5.01,5.0,5.02,1753400.0
2018-01-24 11:05:31.262000,5.01,5.0,5.02,1753400.0
2018-01-24 11:05:34.406000,5.01,5.0,5.02,1753400.0
2018-01-24 11:05:37.342000,5.01,5.0,5.02,1753400.0
2018-01-24 11:05:40.450000,5.01,5.0,5.02,1753400.0
2018-01-24 11:05:43.329000,5.01,5.0,5.02,1753400.0
2018-01-24 11:05:46.196000,5.01,5.0,5.02,1753400.0
2018-01-24 11:05:49.261000,5.01,5.0,5.02,1753400.0
2018-01-24 11:05:52.330000,5.01,5.0,5.02,1753400.0
2018-01-24 11:05:55.284000,5.01,5.0,5.02,1753400.0
2018-01-24 11:05:58.174000,5.01,5.0,5.02,1753400.0
2018-01-24 11:06:01.053000,5.01,5.0,5.02,1753400.0
2018-01-24 11:06:03.916000,5.01,5.0,5.02,1753400.0
2018-01-24 11:06:06.908000,5.01,5.0,5.02,1753400.0
2018-01-24 11:06:09.770000,5.01,5.0,5.02,1753400.0
2018-01-24 11:06:12.970000,5.01,5.0,5.02,1753400.0
2018-01-24 11:06:15.889000,5.01,5.0,5.02,1753400.0
2018-01-24 11:06:18.894000,5.01,5.0,5.02,1753400.0
2018-01-24 11:06:21.716000,5.01,5.0,5.02,1753400.0
2018-01-24 11:06:24.657000,5.01,5.0,5.02,1753400.0
2018-01-24 11:06:27.547000,5.02,5.0,5.02,1763400.0
2018-01-24 11:06:30.444000,5.01,5.0,5.01,1763400.0
2018-01-24 11:06:33.206000,5.01,5.0,5.01,1763400.0
2018-01-24 11:06:36.062000,5.01,5.0,5.01,1763400.0
2018-01-24 11:06:39.065000,5.01,5.0,5.01,1763400.0
2018-01-24 11:06:42,5.01,5.0,5.01,1763400.0
2018-01-24 11:06:44.998000,5.01,5.0,5.01,1763400.0
2018-01-24 11:06:47.721000,5.01,5.0,5.01,1763400.0
2018-01-24 11:06:50.607000,5.01,5.0,5.01,1763400.0
2018-01-24 11:06:53.454000,5.01,5.0,5.01,1763400.0
2018-01-24 11:06:56.249000,5.01,5.0,5.01,1763400.0
2018-01-24 11:06:59.127000,5.01,5.0,5.01,1763400.0
2018-01-24 11:07:01.904000,5.01,5.0,5.01,1763400.0
2018-01-24 11:07:04.861000,5.01,5.0,5.01,1763400.0
2018-01-24 11:07:08.074000,5.01,5.0,5.01,1763400.0
2018-01-24 11:07:10.966000,5.01,5.0,5.01,1763400.0
2018-01-24 11:07:13.883000,5.01,5.0,5.01,1763400.0
2018-01-24 11:07:16.506000,5.01,5.0,5.01,1763400.0
2018-01-24 11:07:19.327000,5.01,5.0,5.01,1763400.0
2018-01-24 11:07:22.082000,5.01,5.0,5.01,1763400.0
2018-01-24 11:07:24.903000,5.01,5.0,5.01,1763400.0
2018-01-24 11:07:28.001000,5.01,5.0,5.01,1763400.0
2018-01-24 11:07:31.127000,5.01,5.0,5.01,1763400.0
2018-01-24 11:07:34.121000,5.01,5.0,5.01,1763400.0
2018-01-24 11:07:37.047000,5.01,5.0,5.01,1763400.0
2018-01-24 11:07:39.977000,5.01,5.0,5.01,1763400.0
2018-01-24 11:07:42.707000,5.01,5.0,5.01,1763400.0
2018-01-24 11:07:45.626000,5.01,5.0,5.01,1763400.0
2018-01-24 11:07:48.604000,5.01,5.0,5.01,1763400.0
2018-01-24 11:07:51.500000,5.01,5.0,5.01,1763400.0
2018-01-24 11:07:54.585000,5.01,5.0,5.01,1763400.0
2018-01-24 11:07:57.472000,5.01,5.0,5.01,1763400.0
2018-01-24 11:08:00.326000,5.01,5.0,5.01,1763400.0
2018-01-24 11:08:03.189000,5.01,5.0,5.01,1763400.0
2018-01-24 11:08:06.014000,5.01,5.0,5.01,1763400.0
2018-01-24 11:08:09.050000,5.01,5.0,5.01,1763400.0
2018-01-24 11:08:11.863000,5.01,5.0,5.01,1763400.0
2018-01-24 11:08:14.754000,5.01,5.0,5.01,1763400.0
2018-01-24 11:08:17.890000,5.01,5.0,5.01,1763400.0
2018-01-24 11:08:20.751000,5.01,5.0,5.01,1763400.0
2018-01-24 11:08:23.661000,5.01,5.0,5.01,1763400.0
2018-01-24 11:08:26.530000,5.01,5.0,5.01,1763400.0
2018-01-24 11:08:29.559000,5.01,5.0,5.01,1763400.0
2018-01-24 11:08:32.329000,5.01,5.0,5.01,1763400.0
2018-01-24 11:08:35.175000,5.01,5.0,5.01,1763400.0
2018-01-24 11:08:38.149000,5.01,5.0,5.01,1763400.0
2018-01-24 11:08:41.253000,5.01,5.0,5.01,1763400.0
2018-01-24 11:08:44.225000,5.01,5.0,5.01,1763400.0
2018-01-24 11:08:47.706000,5.01,5.0,5.01,1763400.0
2018-01-24 11:08:50.703000,5.01,5.0,5.01,1763400.0
2018-01-24 11:08:53.597000,5.01,5.0,5.01,1763400.0
2018-01-24 11:08:56.394000,5.01,5.0,5.01,1763400.0
2018-01-24 11:08:59.354000,5.01,5.0,5.01,1763400.0
2018-01-24 11:09:02.266000,5.01,5.0,5.01,1763400.0
2018-01-24 11:09:05.086000,5.01,5.0,5.01,1763400.0
2018-01-24 11:09:08.160000,5.01,5.0,5.01,1763400.0
2018-01-24 11:09:11.017000,5.01,5.0,5.01,1766400.0
2018-01-24 11:09:13.786000,5.01,5.0,5.01,1766400.0
2018-01-24 11:09:16.788000,5.01,5.0,5.01,1766400.0
2018-01-24 11:09:19.820000,5.01,5.0,5.01,1766400.0
2018-01-24 11:09:23.098000,5.01,5.0,5.01,1766400.0
2018-01-24 11:09:26.203000,5.01,5.0,5.01,1766400.0
2018-01-24 11:09:29.051000,5.01,5.0,5.01,1766400.0
2018-01-24 11:09:32.598000,5.01,5.0,5.01,1766400.0
2018-01-24 11:09:35.326000,5.01,5.0,5.01,1766400.0
2018-01-24 11:09:38.114000,5.01,5.0,5.01,1766400.0
2018-01-24 11:09:41.035000,5.01,5.0,5.01,1766400.0
2018-01-24 11:09:43.741000,5.01,5.0,5.01,1766400.0
2018-01-24 11:09:46.642000,5.01,5.0,5.01,1766400.0
2018-01-24 11:09:49.630000,5.01,5.0,5.01,1766400.0
2018-01-24 11:09:52.537000,5.01,5.0,5.01,1766400.0
2018-01-24 11:09:55.738000,5.01,5.0,5.01,1766400.0
2018-01-24 11:09:58.647000,5.01,5.0,5.01,1766400.0
2018-01-24 11:10:01.747000,5.01,5.0,5.01,1766500.0
2018-01-24 11:10:04.547000,5.01,5.0,5.01,1766500.0
2018-01-24 11:10:07.415000,5.01,5.0,5.01,1766500.0
2018-01-24 11:10:10.356000,5.01,5.0,5.01,1766500.0
2018-01-24 11:10:13.087000,5.01,5.0,5.01,1766500.0
2018-01-24 11:10:15.911000,5.01,5.0,5.01,1766500.0
2018-01-24 11:10:18.729000,5.01,5.0,5.01,1766500.0
2018-01-24 11:10:21.549000,5.01,5.0,5.01,1766500.0
2018-01-24 11:10:24.309000,5.01,5.0,5.01,1766500.0
2018-01-24 11:10:27.162000,5.01,5.0,5.01,1766500.0
2018-01-24 11:10:29.916000,5.01,5.0,5.01,1766500.0
2018-01-24 11:10:32.678000,5.01,5.0,5.01,1766500.0
2018-01-24 11:10:35.763000,5.01,5.0,5.01,1766500.0
2018-01-24 11:10:38.821000,5.01,5.0,5.01,1766500.0
2018-01-24 11:10:41.581000,5.01,5.0,5.01,1766500.0
2018-01-24 11:10:44.506000,5.01,5.0,5.01,1766500.0
2018-01-24 11:10:47.002000,5.01,5.0,5.01,1766500.0
2018-01-24 11:10:49.848000,5.01,5.0,5.01,1766500.0
2018-01-24 11:10:52.926000,5.01,5.0,5.01,1766500.0
2018-01-24 11:10:55.910000,5.01,5.0,5.01,1766500.0
2018-01-24 11:10:58.957000,5.01,5.0,5.01,1766500.0
2018-01-24 11:11:01.893000,5.01,5.0,5.01,1766500.0
2018-01-24 11:11:04.850000,5.01,5.0,5.01,1766500.0
2018-01-24 11:11:07.743000,5.01,5.0,5.01,1766500.0
2018-01-24 11:11:10.808000,5.01,5.0,5.01,1766500.0
2018-01-24 11:11:13.531000,5.01,5.0,5.01,1766500.0
2018-01-24 11:11:16.644000,5.01,5.0,5.01,1766500.0
2018-01-24 11:11:19.475000,5.01,5.0,5.01,1766500.0
2018-01-24 11:11:22.180000,5.01,5.0,5.01,1766500.0
2018-01-24 11:11:25.506000,5.01,5.0,5.01,1766500.0
2018-01-24 11:11:28.491000,5.01,5.0,5.01,1766500.0
2018-01-24 11:11:31.476000,5.01,5.0,5.01,1766500.0
2018-01-24 11:11:34.272000,5.01,5.0,5.01,1766500.0
2018-01-24 11:11:37.239000,5.01,5.0,5.01,1766500.0
2018-01-24 11:11:40.182000,5.01,5.0,5.01,1766500.0
2018-01-24 11:11:43.119000,5.01,5.0,5.01,1766500.0
2018-01-24 11:11:45.927000,5.01,5.0,5.01,1766500.0
2018-01-24 11:11:48.856000,5.01,5.0,5.01,1766500.0
2018-01-24 11:11:51.866000,5.01,5.0,5.01,1766500.0
2018-01-24 11:11:54.642000,5.01,5.0,5.01,1766500.0
2018-01-24 11:11:57.709000,5.01,5.0,5.01,1766500.0
2018-01-24 11:12:00.494000,5.01,5.0,5.01,1766500.0
2018-01-24 11:12:03.617000,5.01,5.0,5.01,1766500.0
2018-01-24 11:12:06.472000,5.01,5.0,5.01,1766500.0
2018-01-24 11:12:09.350000,5.01,5.0,5.01,1766500.0
2018-01-24 11:12:12.311000,5.01,5.0,5.01,1766500.0
2018-01-24 11:12:15.249000,5.01,5.0,5.01,1766500.0
2018-01-24 11:12:18.135000,5.01,5.0,5.01,1766500.0
2018-01-24 11:12:21.113000,5.01,5.0,5.01,1766500.0
2018-01-24 11:12:23.882000,5.01,5.0,5.01,1766500.0
2018-01-24 11:12:26.853000,5.01,5.0,5.01,1766500.0
2018-01-24 11:12:29.903000,5.01,5.0,5.01,1766500.0
2018-01-24 11:12:32.665000,5.01,5.0,5.01,1766500.0
2018-01-24 11:12:35.633000,5.01,5.0,5.01,1766500.0
2018-01-24 11:12:38.602000,5.01,5.0,5.01,1766500.0
2018-01-24 11:12:41.492000,5.01,5.0,5.01,1766500.0
2018-01-24 11:12:44.340000,5.01,5.0,5.01,1766500.0
2018-01-24 11:12:47.326000,5.01,5.0,5.01,1766500.0
2018-01-24 11:12:50.186000,5.01,5.0,5.01,1766500.0
2018-01-24 11:12:52.900000,5.01,5.0,5.01,1766500.0
2018-01-24 11:12:55.752000,5.01,5.0,5.01,1766500.0
2018-01-24 11:12:58.704000,5.01,5.0,5.01,1766500.0
2018-01-24 11:13:01.663000,5.01,5.0,5.01,1766500.0
2018-01-24 11:13:04.604000,5.01,5.0,5.01,1766500.0
2018-01-24 11:13:07.411000,5.01,5.0,5.01,1781500.0
2018-01-24 11:13:10.196000,5.01,5.0,5.01,1781500.0
2018-01-24 11:13:13.519000,5.01,5.0,5.01,1781500.0
2018-01-24 11:13:16.474000,5.01,5.0,5.01,1781500.0
2018-01-24 11:13:19.314000,5.01,5.0,5.01,1781500.0
2018-01-24 11:13:22.228000,5.01,5.0,5.01,1781500.0
2018-01-24 11:13:25.105000,5.01,5.0,5.01,1781500.0
2018-01-24 11:13:27.911000,5.01,5.0,5.01,1781500.0
2018-01-24 11:13:30.850000,5.01,5.0,5.01,1781500.0
2018-01-24 11:13:33.838000,5.01,5.0,5.01,1781500.0
2018-01-24 11:13:36.710000,5.01,5.0,5.01,1781500.0
2018-01-24 11:13:39.729000,5.01,5.0,5.01,1781500.0
2018-01-24 11:13:42.526000,5.01,5.0,5.01,1781500.0
2018-01-24 11:13:45.607000,5.01,5.0,5.01,1781500.0
2018-01-24 11:13:48.589000,5.01,5.0,5.01,1781500.0
2018-01-24 11:13:51.539000,5.01,5.0,5.01,1781500.0
2018-01-24 11:13:54.592000,5.01,5.0,5.01,1781500.0
2018-01-24 11:13:57.589000,5.01,5.0,5.01,1781500.0
2018-01-24 11:14:00.451000,5.01,5.0,5.01,1781500.0
2018-01-24 11:14:03.541000,5.01,5.0,5.01,1781500.0
2018-01-24 11:14:06.476000,5.01,5.0,5.01,1781500.0
2018-01-24 11:14:09.307000,5.01,5.0,5.01,1781500.0
2018-01-24 11:14:12.178000,5.01,5.0,5.01,1781500.0
2018-01-24 11:14:15.462000,5.01,5.0,5.01,1781500.0
2018-01-24 11:14:18.335000,5.01,5.0,5.01,1781500.0
2018-01-24 11:14:21.369000,5.01,5.0,5.01,1781500.0
2018-01-24 11:14:24.106000,5.01,5.0,5.01,1781500.0
2018-01-24 11:14:27.119000,5.01,5.0,5.01,1781500.0
2018-01-24 11:14:29.988000,5.01,5.0,5.01,1781500.0
2018-01-24 11:14:33.169000,5.01,5.0,5.01,1781500.0
2018-01-24 11:14:36.227000,5.01,5.0,5.01,1781500.0
2018-01-24 11:14:39.136000,5.01,5.0,5.01,1781500.0
2018-01-24 11:14:41.775000,5.01,5.0,5.01,1781500.0
2018-01-24 11:14:44.503000,5.01,5.0,5.01,1781500.0
2018-01-24 11:14:47.510000,5.01,5.0,5.01,1781500.0
2018-01-24 11:14:50.294000,5.01,5.0,5.01,1781500.0
2018-01-24 11:14:53.151000,5.01,5.0,5.01,1784500.0
2018-01-24 11:14:56.259000,5.01,5.0,5.01,1784500.0
2018-01-24 11:14:59.043000,5.01,5.0,5.01,1784500.0
2018-01-24 11:15:02.009000,5.01,5.0,5.01,1784500.0
2018-01-24 11:15:04.862000,5.01,5.0,5.01,1784500.0
2018-01-24 11:15:08.042000,5.01,5.0,5.01,1784500.0
2018-01-24 11:15:10.978000,5.01,5.0,5.01,1784500.0
2018-01-24 11:15:13.745000,5.01,5.0,5.01,1784500.0
2018-01-24 11:15:16.773000,5.01,5.0,5.01,1784500.0
2018-01-24 11:15:19.652000,5.01,5.0,5.01,1784500.0
2018-01-24 11:15:22.431000,5.01,5.0,5.01,1784500.0
2018-01-24 11:15:25.257000,5.01,5.0,5.01,1784500.0
2018-01-24 11:15:27.995000,5.01,5.0,5.01,1784500.0
2018-01-24 11:15:30.843000,5.01,5.0,5.01,1784500.0
2018-01-24 11:15:33.811000,5.01,5.0,5.01,1784500.0
2018-01-24 11:15:36.839000,5.01,5.0,5.01,1784500.0
2018-01-24 11:15:39.910000,5.01,5.0,5.01,1784500.0
2018-01-24 11:15:42.839000,5.01,5.0,5.01,1784500.0
2018-01-24 11:15:45.734000,5.01,5.0,5.01,1784500.0
2018-01-24 11:15:48.461000,5.01,5.0,5.01,1784500.0
2018-01-24 11:15:51.368000,5.01,5.0,5.01,1784500.0
2018-01-24 11:15:54.117000,5.01,5.0,5.01,1784500.0
2018-01-24 11:15:57.104000,5.01,5.0,5.01,1784500.0
2018-01-24 11:15:59.892000,5.01,5.0,5.01,1784500.0
2018-01-24 11:16:02.649000,5.01,5.0,5.01,1784500.0
2018-01-24 11:16:05.403000,5.01,5.0,5.01,1784500.0
2018-01-24 11:16:08.186000,5.01,5.0,5.01,1784500.0
2018-01-24 11:16:14.885000,5.01,5.0,5.01,1784500.0
2018-01-24 11:16:17.775000,5.01,5.0,5.01,1784500.0
2018-01-24 11:16:20.834000,5.01,5.0,5.01,1784500.0
2018-01-24 11:16:24.031000,5.01,5.0,5.01,1784500.0
2018-01-24 11:16:27.243000,5.01,5.0,5.01,1784500.0
2018-01-24 11:16:30.331000,5.01,5.0,5.01,1784500.0
2018-01-24 11:16:33.293000,5.01,5.0,5.01,1784500.0
2018-01-24 11:16:36.240000,5.01,5.0,5.01,1784500.0
2018-01-24 11:16:39.188000,5.01,5.0,5.01,1784500.0
2018-01-24 11:16:41.977000,5.01,5.0,5.01,1784500.0
2018-01-24 11:16:45.028000,5.01,5.0,5.01,1784500.0
2018-01-24 11:16:47.918000,5.01,5.0,5.01,1784500.0
2018-01-24 11:16:50.911000,5.01,5.0,5.01,1784500.0
2018-01-24 11:16:53.706000,5.01,5.0,5.01,1784500.0
2018-01-24 11:16:56.761000,5.01,5.0,5.01,1784500.0
2018-01-24 11:16:59.865000,5.01,5.0,5.01,1784500.0
2018-01-24 11:17:02.723000,5.01,5.0,5.01,1784500.0
2018-01-24 11:17:05.726000,5.01,5.0,5.01,1784500.0
2018-01-24 11:17:08.643000,5.01,5.0,5.01,1784500.0
2018-01-24 11:17:11.541000,5.01,5.0,5.01,1784500.0
2018-01-24 11:17:14.372000,5.01,5.0,5.01,1784500.0
2018-01-24 11:17:17.260000,5.01,5.0,5.01,1784500.0
2018-01-24 11:17:20.315000,5.01,5.0,5.01,1784500.0
2018-01-24 11:17:23.404000,5.01,5.0,5.01,1784500.0
2018-01-24 11:17:26.208000,5.01,5.0,5.01,1784500.0
2018-01-24 11:17:28.950000,5.01,5.0,5.01,1784500.0
2018-01-24 11:17:31.903000,5.01,5.0,5.01,1784500.0
2018-01-24 11:17:34.860000,5.01,5.0,5.01,1784500.0
2018-01-24 11:17:37.781000,5.01,5.0,5.01,1784500.0
2018-01-24 11:17:40.750000,5.01,5.0,5.01,1784500.0
2018-01-24 11:17:43.514000,5.01,5.0,5.01,1784500.0
2018-01-24 11:17:46.355000,5.01,5.0,5.01,1784500.0
2018-01-24 11:17:49.302000,5.01,5.0,5.01,1784500.0
2018-01-24 11:17:52.263000,5.01,5.0,5.01,1784500.0
2018-01-24 11:17:55.175000,5.01,5.0,5.01,1784500.0
2018-01-24 11:17:58.157000,5.01,5.0,5.01,1784500.0
2018-01-24 11:18:01.052000,5.01,5.0,5.01,1784500.0
2018-01-24 11:18:03.968000,5.01,5.0,5.01,1784500.0
2018-01-24 11:18:06.964000,5.01,5.0,5.01,1784500.0
2018-01-24 11:18:10.008000,5.01,5.0,5.01,1784500.0
2018-01-24 11:18:12.765000,5.01,5.0,5.01,1784500.0
2018-01-24 11:18:15.612000,5.01,5.0,5.01,1784500.0
2018-01-24 11:18:18.454000,5.01,5.0,5.01,1784500.0
2018-01-24 11:18:21.347000,5.01,5.0,5.01,1784500.0
2018-01-24 11:18:23.919000,5.01,5.0,5.01,1784500.0
2018-01-24 11:18:26.841000,5.01,5.0,5.01,1784500.0
2018-01-24 11:18:29.884000,5.01,5.0,5.01,1784500.0
2018-01-24 11:18:32.546000,5.01,5.0,5.01,1784500.0
2018-01-24 11:18:35.643000,5.01,5.0,5.01,1784500.0
2018-01-24 11:18:38.506000,5.01,5.0,5.01,1784500.0
2018-01-24 11:18:41.196000,5.01,5.0,5.01,1784500.0
2018-01-24 11:18:43.890000,5.01,5.0,5.01,1784500.0
2018-01-24 11:18:46.474000,5.01,5.0,5.01,1784500.0
2018-01-24 11:18:49.062000,5.01,5.0,5.01,1784500.0
2018-01-24 11:18:51.763000,5.01,5.0,5.01,1784500.0
2018-01-24 11:18:54.485000,5.01,5.0,5.01,1784500.0
2018-01-24 11:18:57.248000,5.01,5.0,5.01,1784500.0
2018-01-24 11:19:00.001000,5.01,5.0,5.01,1784500.0
2018-01-24 11:19:02.922000,5.01,5.0,5.01,1784500.0
2018-01-24 11:19:05.519000,5.01,5.0,5.01,1784500.0
2018-01-24 11:19:08.218000,5.01,5.0,5.01,1784500.0
2018-01-24 11:19:10.890000,5.01,5.0,5.01,1784500.0
2018-01-24 11:19:13.537000,5.01,5.0,5.01,1784500.0
2018-01-24 11:19:16.062000,5.01,5.0,5.01,1784500.0
2018-01-24 11:19:18.688000,5.01,5.0,5.01,1784500.0
2018-01-24 11:19:21.223000,5.01,5.0,5.01,1784500.0
2018-01-24 11:19:23.986000,5.01,5.0,5.01,1784500.0
2018-01-24 11:19:26.826000,5.01,5.0,5.01,1784500.0
2018-01-24 11:19:29.604000,5.01,5.0,5.01,1784500.0
2018-01-24 11:19:32.186000,5.01,5.0,5.01,1784500.0
2018-01-24 11:19:34.711000,5.01,5.0,5.01,1784500.0
2018-01-24 11:19:37.544000,5.01,5.0,5.01,1784500.0
2018-01-24 11:19:40.518000,5.01,5.0,5.01,1784500.0
2018-01-24 11:19:43.362000,5.01,5.0,5.01,1784500.0
2018-01-24 11:19:46.215000,5.01,5.0,5.01,1784500.0
2018-01-24 11:19:48.904000,5.01,5.0,5.01,1784500.0
2018-01-24 11:19:51.498000,5.01,5.0,5.01,1784500.0
2018-01-24 11:19:54.184000,5.01,5.0,5.01,1784500.0
2018-01-24 11:19:56.765000,5.01,5.0,5.01,1784500.0
2018-01-24 11:19:59.503000,5.01,5.0,5.01,1784500.0
2018-01-24 11:20:02.281000,5.01,5.0,5.01,1784500.0
2018-01-24 11:20:05.143000,5.01,5.0,5.01,1784500.0
2018-01-24 11:20:07.813000,5.01,5.0,5.01,1784500.0
2018-01-24 11:20:10.504000,5.01,5.0,5.01,1784500.0
2018-01-24 11:20:13.186000,5.01,5.0,5.01,1784500.0
2018-01-24 11:20:15.837000,5.01,5.0,5.01,1784500.0
2018-01-24 11:20:18.789000,5.01,5.0,5.01,1784500.0
2018-01-24 11:20:21.308000,5.01,5.0,5.01,1784500.0
2018-01-24 11:20:23.921000,5.01,5.0,5.01,1784500.0
2018-01-24 11:20:26.443000,5.01,5.0,5.01,1784500.0
2018-01-24 11:20:29.159000,5.01,5.0,5.01,1784500.0
2018-01-24 11:20:31.782000,5.01,5.0,5.01,1784500.0
2018-01-24 11:20:34.457000,5.01,5.0,5.01,1784500.0
2018-01-24 11:20:36.876000,5.01,5.0,5.01,1784500.0
2018-01-24 11:20:39.762000,5.01,5.0,5.01,1784500.0
2018-01-24 11:20:42.453000,5.01,5.0,5.01,1784500.0
2018-01-24 11:20:45.334000,5.01,5.0,5.01,1784500.0
2018-01-24 11:20:47.972000,5.01,5.0,5.01,1784500.0
2018-01-24 11:20:50.843000,5.01,5.0,5.01,1784500.0
2018-01-24 11:20:53.864000,5.01,5.0,5.01,1784500.0
2018-01-24 11:20:56.533000,5.01,5.0,5.01,1784500.0
2018-01-24 11:20:59.194000,5.01,5.0,5.01,1784500.0
2018-01-24 11:21:01.889000,5.01,5.0,5.01,1784500.0
2018-01-24 11:21:04.507000,5.01,5.0,5.01,1784500.0
2018-01-24 11:21:07.395000,5.01,5.0,5.01,1784500.0
2018-01-24 11:21:10.121000,5.0,5.0,5.01,1799500.0
2018-01-24 11:21:12.796000,5.0,5.0,5.01,1799500.0
2018-01-24 11:21:15.705000,5.0,5.0,5.01,1799500.0
2018-01-24 11:21:18.337000,5.0,5.0,5.01,1799500.0
2018-01-24 11:21:21.025000,5.0,5.0,5.01,1799500.0
2018-01-24 11:21:23.686000,5.0,4.99,5.01,1916500.0
2018-01-24 11:21:26.205000,5.0,4.99,5.01,1916500.0
2018-01-24 11:21:28.643000,5.0,4.99,5.01,1916500.0
2018-01-24 11:21:31.403000,5.0,4.99,5.01,1916500.0
2018-01-24 11:21:34.191000,5.0,4.99,5.01,1916500.0
2018-01-24 11:21:37.297000,5.0,4.99,5.01,1916500.0
2018-01-24 11:21:40.034000,5.0,4.99,5.01,1916500.0
2018-01-24 11:21:42.844000,5.0,4.99,5.01,1916500.0
2018-01-24 11:21:45.710000,5.0,4.99,5.01,1916500.0
2018-01-24 11:21:48.495000,5.0,4.99,5.01,1916500.0
2018-01-24 11:21:51.317000,5.0,4.99,5.01,1916500.0
2018-01-24 11:21:54.395000,5.0,4.99,5.01,1916500.0
2018-01-24 11:21:57.017000,5.0,4.99,5.01,1916500.0
2018-01-24 11:21:59.926000,5.0,4.99,5.01,1916500.0
2018-01-24 11:22:02.618000,5.0,4.99,5.01,1916500.0
2018-01-24 11:22:05.360000,5.0,4.99,5.01,1916500.0
2018-01-24 11:22:07.870000,5.0,4.99,5.01,1916500.0
2018-01-24 11:22:10.779000,5.0,4.99,5.01,1916500.0
2018-01-24 11:22:13.618000,5.0,4.99,5.01,1916500.0
2018-01-24 11:22:16.219000,5.0,4.99,5.01,1916500.0
2018-01-24 11:22:18.926000,5.0,4.99,5.01,1916500.0
2018-01-24 11:22:21.492000,5.0,4.99,5.01,1916500.0
2018-01-24 11:22:24.040000,5.0,4.99,5.01,1916500.0
2018-01-24 11:22:26.811000,5.0,4.99,5.01,1916500.0
2018-01-24 11:22:29.488000,5.0,4.99,5.01,1916500.0
2018-01-24 11:22:32.234000,5.0,4.99,5.01,1916500.0
2018-01-24 11:22:35.323000,5.0,4.99,5.01,1916500.0
2018-01-24 11:22:37.688000,5.0,4.99,5.01,1916500.0
2018-01-24 11:22:40.716000,5.0,4.99,5.01,1916500.0
2018-01-24 11:22:43.480000,5.0,4.99,5.01,1916500.0
2018-01-24 11:22:46.303000,5.0,4.99,5.01,1916500.0
2018-01-24 11:22:48.942000,5.0,4.99,5.01,1916500.0
2018-01-24 11:22:51.473000,5.0,4.99,5.01,1916500.0
2018-01-24 11:22:54.125000,5.0,4.99,5.01,1916500.0
2018-01-24 11:22:56.921000,5.0,4.99,5.01,1916500.0
2018-01-24 11:22:59.695000,5.0,4.99,5.01,1916500.0
2018-01-24 11:23:02.723000,5.0,4.99,5.01,1916500.0
2018-01-24 11:23:05.367000,5.0,4.99,5.01,1916500.0
2018-01-24 11:23:07.817000,5.0,4.99,5.01,1916500.0
2018-01-24 11:23:10.664000,5.0,4.99,5.01,1916500.0
2018-01-24 11:23:13.412000,5.0,4.99,5.01,1916500.0
2018-01-24 11:23:16.244000,5.0,4.99,5.01,1916500.0
2018-01-24 11:23:19.161000,5.0,4.99,5.01,1916500.0
2018-01-24 11:23:21.657000,5.0,4.99,5.01,1916500.0
2018-01-24 11:23:24.491000,5.0,4.99,5.01,1916500.0
2018-01-24 11:23:27.191000,5.0,4.99,5.01,1916500.0
2018-01-24 11:23:29.989000,5.0,4.99,5.01,1916500.0
2018-01-24 11:23:32.892000,5.0,4.99,5.01,1916500.0
2018-01-24 11:23:35.661000,5.0,4.99,5.01,1916500.0
2018-01-24 11:23:38.268000,5.0,4.99,5.01,1916500.0
2018-01-24 11:23:40.888000,5.0,4.99,5.01,1916500.0
2018-01-24 11:23:43.572000,5.0,4.99,5.01,1916500.0
2018-01-24 11:23:46.013000,5.0,4.99,5.01,1916500.0
2018-01-24 11:23:48.673000,5.0,4.99,5.01,1916500.0
2018-01-24 11:23:51.490000,5.0,4.99,5.01,1916500.0
2018-01-24 11:23:54.401000,5.0,4.99,5.01,1916500.0
2018-01-24 11:23:57.041000,5.0,4.99,5.01,1916500.0
2018-01-24 11:23:59.632000,5.0,4.99,5.01,1916500.0
2018-01-24 11:24:02.253000,5.0,4.99,5.01,1916500.0
2018-01-24 11:24:04.847000,5.0,4.99,5.01,1916500.0
2018-01-24 11:24:07.456000,5.0,4.99,5.01,1916500.0
2018-01-24 11:24:09.945000,5.0,4.99,5.01,1916500.0
2018-01-24 11:24:12.379000,5.0,4.99,5.01,1916500.0
2018-01-24 11:24:15.085000,5.0,4.99,5.01,1916500.0
2018-01-24 11:24:17.801000,5.0,4.99,5.01,1916500.0
2018-01-24 11:24:20.580000,5.0,4.99,5.01,1916500.0
2018-01-24 11:24:23.175000,5.0,4.99,5.01,1916500.0
2018-01-24 11:24:25.641000,5.0,4.99,5.01,1916500.0
2018-01-24 11:24:28.393000,5.0,4.99,5.01,1916500.0
2018-01-24 11:24:31.022000,5.0,4.99,5.01,1916500.0
2018-01-24 11:24:33.609000,5.0,4.99,5.0,1927700.0
2018-01-24 11:24:36.551000,5.0,4.99,5.0,1927700.0
2018-01-24 11:24:39.165000,5.0,4.99,5.0,1927700.0
2018-01-24 11:24:41.808000,5.0,4.99,5.0,1927700.0
2018-01-24 11:24:44.367000,5.0,4.99,5.0,1927700.0
2018-01-24 11:24:47.090000,5.0,4.99,5.0,1927700.0
2018-01-24 11:24:50.015000,5.0,4.99,5.0,1927700.0
2018-01-24 11:24:52.662000,5.0,4.99,5.0,1927700.0
2018-01-24 11:24:55.149000,5.0,4.99,5.0,1927700.0
2018-01-24 11:24:58.112000,5.0,4.99,5.0,1927700.0
2018-01-24 11:25:00.819000,5.0,4.99,5.0,1927700.0
2018-01-24 11:25:03.474000,5.0,4.99,5.0,1927700.0
2018-01-24 11:25:06.511000,5.0,4.99,5.0,1927700.0
2018-01-24 11:25:09.225000,5.0,4.99,5.0,1927700.0
2018-01-24 11:25:12.015000,5.0,4.99,5.0,1927700.0
2018-01-24 11:25:14.303000,5.0,4.99,5.0,1927700.0
2018-01-24 11:25:16.728000,5.0,4.99,5.0,1927700.0
2018-01-24 11:25:19.395000,5.0,4.99,5.0,1927700.0
2018-01-24 11:25:22.006000,5.0,4.99,5.0,1927700.0
2018-01-24 11:25:24.806000,5.0,4.99,5.0,1927700.0
2018-01-24 11:25:27.427000,5.0,4.99,5.0,1927700.0
2018-01-24 11:25:29.809000,5.0,4.99,5.0,1927700.0
2018-01-24 11:25:32.444000,5.0,4.99,5.0,1927700.0
2018-01-24 11:25:35.027000,5.0,4.99,5.0,1927700.0
2018-01-24 11:25:37.692000,5.0,4.99,5.0,1927700.0
2018-01-24 11:25:40.234000,5.0,4.99,5.0,1927700.0
2018-01-24 11:25:43.006000,5.0,4.99,5.0,1927700.0
2018-01-24 11:25:45.932000,5.0,4.99,5.0,1927700.0
2018-01-24 11:25:48.697000,5.0,4.99,5.0,1927700.0
2018-01-24 11:25:51.201000,5.0,4.99,5.0,1927700.0
2018-01-24 11:25:53.848000,5.0,4.99,5.0,1927700.0
2018-01-24 11:25:56.417000,5.0,4.99,5.0,1927700.0
2018-01-24 11:25:59.068000,5.0,4.99,5.0,1927700.0
2018-01-24 11:26:01.900000,5.0,4.99,5.0,1927700.0
2018-01-24 11:26:04.461000,5.0,4.99,5.0,1927700.0
2018-01-24 11:26:07.118000,5.0,4.99,5.0,1927700.0
2018-01-24 11:26:09.698000,5.0,4.99,5.0,1927700.0
2018-01-24 11:26:12.476000,5.0,4.99,5.0,1927700.0
2018-01-24 11:26:15.213000,5.0,4.99,5.0,1927700.0
2018-01-24 11:26:17.913000,5.0,4.99,5.0,1927700.0
2018-01-24 11:26:20.517000,5.0,4.99,5.0,1927700.0
2018-01-24 11:26:23.132000,5.0,4.99,5.0,1927700.0
2018-01-24 11:26:25.807000,5.0,4.99,5.0,1927700.0
2018-01-24 11:26:28.714000,5.0,4.99,5.0,1927700.0
2018-01-24 11:26:31.748000,5.0,4.99,5.0,1927700.0
2018-01-24 11:26:34.353000,5.0,4.99,5.0,1927700.0
2018-01-24 11:26:37.029000,5.0,4.99,5.0,1927700.0
2018-01-24 11:26:39.736000,5.0,4.99,5.0,1927700.0
2018-01-24 11:26:42.272000,5.0,4.99,5.0,1927700.0
2018-01-24 11:26:44.758000,5.0,4.99,5.0,1927700.0
2018-01-24 11:26:47.553000,5.0,4.99,5.0,1927700.0
2018-01-24 11:26:50.074000,,,,
2018-01-24 11:26:52.962000,5.0,4.99,5.0,1927700.0
2018-01-24 11:26:55.821000,5.0,4.99,5.0,1927700.0
2018-01-24 11:26:58.400000,5.0,4.99,5.0,1927700.0
2018-01-24 11:27:01.110000,5.0,4.99,5.0,1927700.0
2018-01-24 11:27:03.571000,5.0,4.99,5.0,1927700.0
2018-01-24 11:27:06.012000,5.0,4.99,5.0,1927700.0
2018-01-24 11:27:08.648000,5.0,4.99,5.0,1927700.0
2018-01-24 11:27:11.292000,5.0,4.99,5.0,1927700.0
2018-01-24 11:27:13.964000,5.0,4.99,5.0,1929700.0
2018-01-24 11:27:16.541000,5.0,4.99,5.0,1929700.0
2018-01-24 11:27:19.211000,5.0,4.99,5.0,1929700.0
2018-01-24 11:27:21.808000,5.0,4.99,5.0,1929700.0
2018-01-24 11:27:24.511000,5.0,4.99,5.0,1929700.0
2018-01-24 11:27:27.303000,5.0,4.99,5.0,1929700.0
2018-01-24 11:27:30.134000,5.0,4.99,5.0,1929700.0
2018-01-24 11:27:33.369000,5.0,4.99,5.0,1929700.0
2018-01-24 11:27:37.205000,5.0,4.99,5.0,1929700.0
2018-01-24 11:27:40.712000,5.0,4.99,5.0,1929700.0
2018-01-24 11:27:44.093000,5.0,4.99,5.0,1929700.0
2018-01-24 11:27:47.557000,5.0,4.99,5.0,1929700.0
2018-01-24 11:27:50.966000,5.0,4.99,5.0,1929700.0
2018-01-24 11:27:54.247000,5.0,4.99,5.0,1929700.0
2018-01-24 11:27:57.493000,5.0,4.99,5.0,1929700.0
2018-01-24 11:28:00.786000,5.0,4.99,5.0,1929700.0
2018-01-24 11:28:04.047000,5.0,4.99,5.0,1929700.0
2018-01-24 11:28:07.323000,5.0,4.99,5.0,1929700.0
2018-01-24 11:28:10.698000,5.0,4.99,5.0,1929700.0
2018-01-24 11:28:14.096000,5.0,4.99,5.0,1929700.0
2018-01-24 11:28:17.461000,5.0,4.99,5.0,1929700.0
2018-01-24 11:28:20.902000,5.0,4.99,5.0,1929700.0
2018-01-24 11:28:24.290000,5.0,4.99,5.0,1929700.0
2018-01-24 11:28:27.962000,5.0,4.99,5.0,1929700.0
2018-01-24 11:28:31.364000,5.0,4.99,5.0,1929700.0
2018-01-24 11:28:34.872000,5.0,4.99,5.0,1929700.0
2018-01-24 11:28:38.289000,5.0,4.99,5.0,1929700.0
2018-01-24 11:28:41.621000,5.0,4.99,5.0,1929700.0
2018-01-24 11:28:44.808000,5.0,4.99,5.0,1929700.0
2018-01-24 11:28:48.387000,5.0,4.99,5.0,1929700.0
2018-01-24 11:28:51.389000,5.0,4.99,5.0,1929700.0
2018-01-24 11:28:54.545000,5.0,4.99,5.0,1929700.0
2018-01-24 11:28:57.742000,5.0,4.99,5.0,1929700.0
2018-01-24 11:29:01.053000,5.0,4.99,5.0,1929700.0
2018-01-24 11:29:04.356000,5.0,4.99,5.0,1929700.0
2018-01-24 11:29:07.665000,5.0,4.99,5.0,1929700.0
2018-01-24 11:29:10.840000,5.0,4.99,5.0,1929700.0
2018-01-24 11:29:14.095000,5.0,4.99,5.0,1929700.0
2018-01-24 11:29:17.344000,5.0,4.99,5.0,1929700.0
2018-01-24 11:29:20.590000,5.0,4.99,5.0,1929700.0
2018-01-24 11:29:23.706000,5.0,4.99,5.0,1929700.0
2018-01-24 11:29:27.258000,5.0,4.99,5.0,1929700.0
2018-01-24 11:29:30.593000,5.0,4.99,5.0,1929700.0
2018-01-24 11:29:33.748000,5.0,4.99,5.0,1929700.0
2018-01-24 11:29:36.814000,5.0,4.99,5.0,1929700.0
2018-01-24 11:29:40.312000,5.0,4.99,5.0,1929700.0
2018-01-24 11:29:43.765000,5.0,4.99,5.0,1929700.0
2018-01-24 11:29:46.974000,5.0,4.99,5.0,1929700.0
2018-01-24 11:29:50.418000,5.0,4.99,5.0,1929700.0
2018-01-24 11:29:53.854000,5.0,4.99,5.0,1929700.0
2018-01-24 11:29:57.303000,5.0,4.99,5.0,1929700.0
2018-01-24 11:30:00.482000,5.0,4.99,5.0,1929700.0
2018-01-24 11:30:03.587000,5.0,4.99,5.0,1929700.0
2018-01-24 11:30:06.700000,5.0,4.99,5.0,1929700.0
2018-01-24 11:30:09.888000,5.0,4.99,5.0,1929700.0
2018-01-24 11:30:13.306000,5.0,4.99,5.0,1929700.0
2018-01-24 11:30:16.669000,5.0,4.99,5.0,1929700.0
2018-01-24 11:30:19.681000,5.0,4.99,5.0,1929700.0
2018-01-24 11:30:22.981000,5.0,4.99,5.0,1929700.0
2018-01-24 11:30:26.420000,5.0,4.99,5.0,1929700.0
2018-01-24 11:30:29.580000,5.0,4.99,5.0,1929700.0
2018-01-24 11:30:32.822000,5.0,4.99,5.0,1929700.0
2018-01-24 11:30:36.289000,5.0,4.99,5.0,1929700.0
2018-01-24 11:30:39.512000,5.0,4.99,5.0,1929700.0
2018-01-24 11:30:42.565000,5.0,4.99,5.0,1929700.0
2018-01-24 11:30:45.616000,5.0,4.99,5.0,1929700.0
2018-01-24 11:30:49.260000,5.0,4.99,5.0,1929700.0
2018-01-24 11:30:53.874000,5.0,4.99,5.0,1929700.0
2018-01-24 11:30:58.074000,5.0,4.99,5.0,1929700.0
2018-01-24 11:31:01.718000,5.0,4.99,5.0,1929700.0
2018-01-24 11:31:05.457000,5.0,4.99,5.0,1929700.0
2018-01-24 11:31:08.729000,5.0,4.99,5.0,1929700.0
2018-01-24 11:31:12.217000,5.0,4.99,5.0,1929700.0
2018-01-24 11:31:15.543000,5.0,4.99,5.0,1929700.0
2018-01-24 11:31:19.062000,5.0,4.99,5.0,1929700.0
2018-01-24 11:31:22.197000,5.0,4.99,5.0,1929700.0
2018-01-24 11:31:25.406000,5.0,4.99,5.0,1929700.0
2018-01-24 11:31:28.716000,5.0,4.99,5.0,1929700.0
2018-01-24 11:31:32.126000,5.0,4.99,5.0,1929700.0
2018-01-24 11:31:35.655000,5.0,4.99,5.0,1929700.0
2018-01-24 11:31:38.825000,5.0,4.99,5.0,1929700.0
2018-01-24 11:31:42.015000,5.0,4.99,5.0,1929700.0
2018-01-24 11:31:45.141000,5.0,4.99,5.0,1929700.0
2018-01-24 11:31:48.154000,5.0,4.99,5.0,1929700.0
2018-01-24 11:31:51.180000,5.0,4.99,5.0,1929700.0
2018-01-24 11:31:54.271000,5.0,4.99,5.0,1929700.0
2018-01-24 11:31:57.456000,5.0,4.99,5.0,1929700.0
2018-01-24 11:32:00.828000,5.0,4.99,5.0,1929700.0
2018-01-24 11:32:03.983000,5.0,4.99,5.0,1929700.0
2018-01-24 11:32:07.017000,5.0,4.99,5.0,1929700.0
2018-01-24 11:32:10.383000,5.0,4.99,5.0,1929700.0
2018-01-24 11:32:13.548000,5.0,4.99,5.0,1929700.0
2018-01-24 11:32:16.770000,5.0,4.99,5.0,1929700.0
2018-01-24 11:32:19.922000,5.0,4.99,5.0,1929700.0
2018-01-24 11:32:23.059000,5.0,4.99,5.0,1929700.0
2018-01-24 11:32:26.328000,5.0,4.99,5.0,1929700.0
2018-01-24 11:32:29.691000,5.0,4.99,5.0,1929700.0
2018-01-24 11:32:33.027000,5.0,4.99,5.0,1929700.0
2018-01-24 11:32:36.343000,5.0,4.99,5.0,1929700.0
2018-01-24 11:32:39.501000,5.0,4.99,5.0,1929700.0
2018-01-24 11:32:42.593000,5.0,4.99,5.0,1929700.0
2018-01-24 11:32:45.830000,5.0,4.99,5.0,1929700.0
2018-01-24 11:32:49.310000,5.0,4.99,5.0,1929700.0
2018-01-24 11:32:52.537000,5.0,4.99,5.0,1929700.0
2018-01-24 11:32:55.672000,5.0,4.99,5.0,1929700.0
2018-01-24 11:32:58.775000,5.0,4.99,5.0,1929700.0
2018-01-24 11:33:02.153000,5.0,4.99,5.0,1929700.0
2018-01-24 11:33:05.580000,5.0,4.99,5.0,1929700.0
2018-01-24 11:33:08.700000,5.0,4.99,5.0,1929700.0
2018-01-24 11:33:11.955000,5.0,4.99,5.0,1929700.0
2018-01-24 11:33:15.354000,5.0,4.99,5.0,1929700.0
2018-01-24 11:33:18.625000,5.0,4.99,5.0,1929700.0
2018-01-24 11:33:22.084000,5.0,4.99,5.0,1929700.0
2018-01-24 11:33:25.205000,5.0,4.99,5.0,1929700.0
2018-01-24 11:33:28.373000,5.0,4.99,5.0,1929700.0
2018-01-24 11:33:31.665000,5.0,4.99,5.0,1929700.0
2018-01-24 11:33:34.765000,5.0,4.99,5.0,1929700.0
2018-01-24 11:33:37.920000,5.0,4.99,5.0,1929700.0
2018-01-24 11:33:41.237000,5.0,4.99,5.0,1929700.0
2018-01-24 11:33:44.313000,5.0,4.99,5.0,1929700.0
2018-01-24 11:33:47.724000,5.0,4.99,5.0,1929700.0
2018-01-24 11:33:50.880000,5.0,4.99,5.0,1929700.0
2018-01-24 11:33:54.091000,5.0,4.99,5.0,1929700.0
2018-01-24 11:33:57.805000,5.0,4.99,5.0,1929700.0
2018-01-24 11:34:01.082000,5.0,4.99,5.0,1929700.0
2018-01-24 11:34:04.644000,5.0,4.99,5.0,1929700.0
2018-01-24 11:34:07.888000,5.0,4.99,5.0,1929700.0
2018-01-24 11:34:11.005000,5.0,4.99,5.0,1929700.0
2018-01-24 11:34:14.253000,5.0,4.99,5.0,1929700.0
2018-01-24 11:34:17.398000,5.0,4.99,5.0,1929700.0
2018-01-24 11:34:20.595000,5.0,4.99,5.0,1929700.0
2018-01-24 11:34:23.765000,5.0,4.99,5.0,1929700.0
2018-01-24 11:34:26.964000,5.0,4.99,5.0,1929700.0
2018-01-24 11:34:30.164000,5.0,4.99,5.0,1929700.0
2018-01-24 11:34:33.562000,5.0,4.99,5.0,1929700.0
2018-01-24 11:34:36.816000,5.0,4.99,5.0,1929700.0
2018-01-24 11:34:40.056000,5.0,4.99,5.0,1929700.0
2018-01-24 11:34:43.469000,5.0,4.99,5.0,1929700.0
2018-01-24 11:34:46.804000,5.0,4.99,5.0,1929700.0
2018-01-24 11:34:50.223000,5.0,4.99,5.0,1929700.0
2018-01-24 11:34:53.452000,5.0,4.99,5.0,1929700.0
2018-01-24 11:34:56.736000,5.0,4.99,5.0,1929700.0
2018-01-24 11:35:00.035000,5.0,4.99,5.0,1929700.0
2018-01-24 11:35:03.251000,5.0,4.99,5.0,1929700.0
2018-01-24 11:35:06.567000,5.0,4.99,5.0,1929700.0
2018-01-24 11:35:09.924000,5.0,4.99,5.0,1929700.0
2018-01-24 11:35:13.312000,5.0,4.99,5.0,1929700.0
2018-01-24 11:35:16.396000,5.0,4.99,5.0,1929700.0
2018-01-24 11:35:19.785000,5.0,4.99,5.0,1929700.0
2018-01-24 11:35:23.064000,5.0,4.99,5.0,1929700.0
2018-01-24 11:35:26.022000,5.0,4.99,5.0,1929700.0
2018-01-24 11:35:29.103000,5.0,4.99,5.0,1929700.0
2018-01-24 11:35:32.137000,5.0,4.99,5.0,1929700.0
2018-01-24 11:35:35.401000,5.0,4.99,5.0,1929700.0
2018-01-24 11:35:38.566000,5.0,4.99,5.0,1929700.0
2018-01-24 11:35:41.929000,5.0,4.99,5.0,1929700.0
2018-01-24 11:35:45.048000,5.0,4.99,5.0,1929700.0
2018-01-24 11:35:48.065000,5.0,4.99,5.0,1929700.0
2018-01-24 11:35:51.240000,5.0,4.99,5.0,1929700.0
2018-01-24 11:35:54.472000,5.0,4.99,5.0,1929700.0
2018-01-24 11:35:57.429000,5.0,4.99,5.0,1929700.0
2018-01-24 11:36:00.646000,5.0,4.99,5.0,1929700.0
2018-01-24 11:36:04.236000,5.0,4.99,5.0,1929700.0
2018-01-24 11:36:07.505000,5.0,4.99,5.0,1929700.0
2018-01-24 11:36:10.795000,5.0,4.99,5.0,1929700.0
2018-01-24 11:36:14.082000,5.0,4.99,5.0,1929700.0
2018-01-24 11:36:17.751000,5.0,4.99,5.0,1929700.0
2018-01-24 11:36:21.412000,5.0,4.99,5.0,1929700.0
2018-01-24 11:36:24.661000,5.0,4.99,5.0,1929700.0
2018-01-24 11:36:27.907000,5.0,4.99,5.0,1929700.0
2018-01-24 11:36:31.247000,5.0,4.99,5.0,1929700.0
2018-01-24 11:36:34.532000,5.0,4.99,5.0,1929700.0
2018-01-24 11:36:38.049000,5.0,4.99,5.0,1929700.0
2018-01-24 11:36:41.428000,5.0,4.99,5.0,1929700.0
2018-01-24 11:36:44.753000,5.0,4.99,5.0,1929700.0
2018-01-24 11:36:47.867000,5.0,4.99,5.0,1929700.0
2018-01-24 11:36:51.003000,5.0,4.99,5.0,1929700.0
2018-01-24 11:36:54.423000,5.0,4.99,5.0,1929700.0
2018-01-24 11:36:57.829000,5.0,4.99,5.0,1929700.0
2018-01-24 11:37:01.006000,5.0,4.99,5.0,1929700.0
2018-01-24 11:37:04.066000,5.0,4.99,5.0,1929700.0
2018-01-24 11:37:07.354000,5.0,4.99,5.0,1929700.0
2018-01-24 11:37:10.337000,5.0,4.99,5.0,1929700.0
2018-01-24 11:37:13.268000,5.0,4.99,5.0,1929700.0
2018-01-24 11:37:16.242000,5.0,4.99,5.0,1929700.0
2018-01-24 11:37:19.752000,5.0,4.99,5.0,1929700.0
2018-01-24 11:37:22.602000,5.0,4.99,5.0,1929700.0
2018-01-24 11:37:26.006000,5.0,4.99,5.0,1929700.0
2018-01-24 11:37:29.262000,5.0,4.99,5.0,1929700.0
2018-01-24 11:37:32.078000,5.0,4.99,5.0,1929700.0
2018-01-24 11:37:35.136000,5.0,4.99,5.0,1929700.0
2018-01-24 11:37:38.239000,5.0,4.99,5.0,1929700.0
2018-01-24 11:37:41.472000,5.0,4.99,5.0,1929700.0
2018-01-24 11:37:44.725000,5.0,4.99,5.0,1929700.0
2018-01-24 11:37:47.992000,5.0,4.99,5.0,1929700.0
2018-01-24 11:37:51.168000,5.0,4.99,5.0,1929700.0
2018-01-24 11:37:54.427000,5.0,4.99,5.0,1929700.0
2018-01-24 11:37:57.703000,5.0,4.99,5.0,1929700.0
2018-01-24 11:38:00.847000,5.0,4.99,5.0,1929700.0
2018-01-24 11:38:04.021000,5.0,4.99,5.0,1929700.0
2018-01-24 11:38:07.775000,5.0,4.99,5.0,1929700.0
2018-01-24 11:38:10.803000,5.0,4.99,5.0,1929700.0
2018-01-24 11:38:14.206000,5.0,4.99,5.0,1929700.0
2018-01-24 11:38:17.444000,5.0,4.99,5.0,1929700.0
2018-01-24 11:38:20.383000,5.0,4.99,5.0,1929700.0
2018-01-24 11:38:23.712000,5.0,4.99,5.0,1929700.0
2018-01-24 11:38:26.887000,5.0,4.99,5.0,1929700.0
2018-01-24 11:38:29.961000,5.0,4.99,5.0,1929700.0
2018-01-24 11:38:33.046000,5.0,4.99,5.0,1929700.0
2018-01-24 11:38:36.195000,5.0,4.99,5.0,1929700.0
2018-01-24 11:38:39.316000,5.0,4.99,5.0,1929700.0
2018-01-24 11:38:42.389000,5.0,4.99,5.0,1929700.0
2018-01-24 11:38:45.741000,5.0,4.99,5.0,1929700.0
2018-01-24 11:38:48.787000,5.0,4.99,5.0,1929700.0
2018-01-24 11:38:51.956000,5.0,4.99,5.0,1929700.0
2018-01-24 11:38:54.959000,5.0,4.99,5.0,1929700.0
2018-01-24 11:38:58.221000,5.0,4.99,5.0,1929700.0
2018-01-24 11:39:01.480000,5.0,4.99,5.0,1929700.0
2018-01-24 11:39:04.725000,5.0,4.99,5.0,1929700.0
2018-01-24 11:39:08.239000,5.0,4.99,5.0,1929700.0
2018-01-24 11:39:11.352000,5.0,4.99,5.0,1929700.0
2018-01-24 11:39:14.366000,5.0,4.99,5.0,1929700.0
2018-01-24 11:39:17.579000,5.0,4.99,5.0,1929700.0
2018-01-24 11:39:20.850000,5.0,4.99,5.0,1929700.0
2018-01-24 11:39:23.972000,5.0,4.99,5.0,1929700.0
2018-01-24 11:39:27.043000,5.0,4.99,5.0,1929700.0
2018-01-24 11:39:29.962000,5.0,4.99,5.0,1929700.0
2018-01-24 11:39:32.805000,5.0,4.99,5.0,1929700.0
2018-01-24 11:39:36.045000,5.0,4.99,5.0,1929700.0
2018-01-24 11:39:39.100000,5.0,4.99,5.0,1929700.0
2018-01-24 11:39:42.275000,5.0,4.99,5.0,1929700.0
2018-01-24 11:39:45.744000,5.0,4.99,5.0,1929700.0
2018-01-24 11:39:49.119000,5.0,4.99,5.0,1929700.0
2018-01-24 11:39:52.138000,5.0,4.99,5.0,1929700.0
2018-01-24 11:39:55.391000,5.0,4.99,5.0,1929700.0
2018-01-24 11:39:58.322000,5.0,4.99,5.0,1929700.0
2018-01-24 11:40:01.369000,5.0,4.99,5.0,1929700.0
2018-01-24 11:40:04.617000,5.0,4.99,5.0,1929700.0
2018-01-24 11:40:07.935000,5.0,4.99,5.0,1929700.0
2018-01-24 11:40:11.022000,5.0,4.99,5.0,1929700.0
2018-01-24 11:40:14.118000,5.0,4.99,5.0,1929700.0
2018-01-24 11:40:17.452000,5.0,4.99,5.0,1929700.0
2018-01-24 11:40:20.665000,5.0,4.99,5.0,1929700.0
2018-01-24 11:40:23.724000,5.0,4.99,5.0,1929700.0
2018-01-24 11:40:26.777000,5.0,4.99,5.0,1929700.0
2018-01-24 11:40:29.852000,5.0,4.99,5.0,1929700.0
2018-01-24 11:40:33.123000,5.0,4.99,5.0,1929700.0
2018-01-24 11:40:36.379000,5.0,4.99,5.0,1929700.0
2018-01-24 11:40:40.433000,5.0,4.99,5.0,1929700.0
2018-01-24 11:40:43.882000,5.0,4.99,5.0,1929700.0
2018-01-24 11:40:47.249000,5.0,4.99,5.0,1929700.0
2018-01-24 11:40:50.556000,5.0,4.99,5.0,1969700.0
2018-01-24 11:40:53.991000,5.0,4.99,5.0,1969700.0
2018-01-24 11:40:57.136000,5.0,4.99,5.0,1969700.0
2018-01-24 11:41:00.586000,5.0,4.99,5.0,1969700.0
2018-01-24 11:41:03.897000,5.0,4.99,5.0,1969700.0
2018-01-24 11:41:07.200000,5.0,4.99,5.0,1969700.0
2018-01-24 11:41:10.462000,5.0,4.99,5.0,1969700.0
2018-01-24 11:41:13.663000,5.0,4.99,5.0,1969700.0
2018-01-24 11:41:17.213000,5.0,4.99,5.0,1969700.0
2018-01-24 11:41:20.826000,5.0,4.99,5.0,1969700.0
2018-01-24 11:41:24.246000,5.0,4.99,5.0,1969700.0
2018-01-24 11:41:27.812000,5.0,4.99,5.0,1969700.0
2018-01-24 11:41:31.217000,5.0,4.99,5.0,1969700.0
2018-01-24 11:41:34.554000,5.0,4.99,5.0,1969700.0
2018-01-24 11:41:37.870000,5.0,4.99,5.0,1969700.0
2018-01-24 11:41:41.068000,5.0,4.99,5.0,1969700.0
2018-01-24 11:41:44.476000,5.0,4.99,5.0,1969700.0
2018-01-24 11:41:47.698000,5.0,4.99,5.0,1969700.0
2018-01-24 11:41:51.012000,5.0,4.99,5.0,1969700.0
2018-01-24 11:41:54.418000,5.0,4.99,5.0,1969700.0
2018-01-24 11:41:57.444000,5.0,4.99,5.0,1969700.0
2018-01-24 11:42:00.489000,5.0,4.99,5.0,1969700.0
2018-01-24 11:42:03.649000,5.0,4.99,5.0,1969700.0
2018-01-24 11:42:06.767000,5.0,4.99,5.0,1969700.0
2018-01-24 11:42:10.386000,5.0,4.99,5.0,1989700.0
2018-01-24 11:42:13.490000,5.0,4.99,5.0,1989700.0
2018-01-24 11:42:16.918000,5.0,4.99,5.0,1989700.0
2018-01-24 11:42:20.196000,5.0,4.99,5.0,1989700.0
2018-01-24 11:42:23.233000,5.0,4.99,5.0,1989700.0
2018-01-24 11:42:26.324000,5.0,4.99,5.0,1989700.0
2018-01-24 11:42:29.369000,5.0,4.99,5.0,1989700.0
2018-01-24 11:42:32.641000,5.0,4.99,5.0,1989700.0
2018-01-24 11:42:35.764000,5.0,4.99,5.0,1989700.0
2018-01-24 11:42:39.025000,5.0,4.99,5.0,1989700.0
2018-01-24 11:42:42.232000,5.0,4.99,5.0,1989700.0
2018-01-24 11:42:45.605000,5.0,4.99,5.0,1989700.0
2018-01-24 11:42:49.024000,5.0,4.99,5.0,1989700.0
2018-01-24 11:42:52.012000,5.0,4.99,5.0,1989700.0
2018-01-24 11:42:54.884000,5.0,4.99,5.0,1989700.0
2018-01-24 11:42:58.078000,5.0,4.99,5.0,1989700.0
2018-01-24 11:43:01.035000,5.0,4.99,5.0,1989700.0
2018-01-24 11:43:04.165000,5.0,4.99,5.0,1989700.0
2018-01-24 11:43:07.458000,5.0,4.99,5.0,1989700.0
2018-01-24 11:43:10.994000,5.0,4.99,5.0,1989700.0
2018-01-24 11:43:14.322000,5.0,4.99,5.0,1989700.0
2018-01-24 11:43:17.434000,5.0,4.99,5.0,1989700.0
2018-01-24 11:43:20.706000,5.0,4.99,5.0,1989700.0
2018-01-24 11:43:23.900000,5.0,4.99,5.0,1989700.0
2018-01-24 11:43:27.097000,5.0,4.99,5.0,1989700.0
2018-01-24 11:43:30.105000,5.0,4.99,5.0,1989700.0
2018-01-24 11:43:33.298000,5.0,4.99,5.0,1989700.0
2018-01-24 11:43:36.523000,5.0,4.99,5.0,1989700.0
2018-01-24 11:43:39.651000,5.0,4.99,5.0,1989700.0
2018-01-24 11:43:43.546000,5.0,4.99,5.0,1989700.0
2018-01-24 11:43:47.045000,5.0,4.99,5.0,1989700.0
2018-01-24 11:43:50.032000,5.0,4.99,5.0,1989700.0
2018-01-24 11:43:53.491000,5.0,4.99,5.0,1989700.0
2018-01-24 11:43:56.701000,5.0,4.99,5.0,1989700.0
2018-01-24 11:43:59.838000,5.0,4.99,5.0,1989700.0
2018-01-24 11:44:02.889000,5.0,4.99,5.0,1989700.0
2018-01-24 11:44:06.419000,5.0,4.99,5.0,1989700.0
2018-01-24 11:44:09.751000,5.0,4.99,5.0,1989700.0
2018-01-24 11:44:12.879000,5.0,4.99,5.0,1989700.0
2018-01-24 11:44:16.086000,5.0,4.99,5.0,1989700.0
2018-01-24 11:44:19.293000,5.0,4.99,5.0,1989700.0
2018-01-24 11:44:22.412000,5.0,4.99,5.0,1989700.0
2018-01-24 11:44:25.565000,5.0,4.99,5.0,1989700.0
2018-01-24 11:44:28.648000,5.0,4.99,5.0,1989700.0
2018-01-24 11:44:31.772000,5.0,4.99,5.0,1989700.0
2018-01-24 11:44:34.857000,5.0,4.99,5.0,1989700.0
2018-01-24 11:44:38.041000,5.0,4.99,5.0,1989700.0
2018-01-24 11:44:41.125000,5.0,4.99,5.0,1989700.0
2018-01-24 11:44:44.437000,5.0,4.99,5.0,1989700.0
2018-01-24 11:44:47.581000,5.0,4.99,5.0,1989700.0
2018-01-24 11:44:50.876000,5.0,4.99,5.0,1989700.0
2018-01-24 11:44:54.247000,5.0,4.99,5.0,1989700.0
2018-01-24 11:44:57.306000,5.0,4.99,5.0,1989700.0
2018-01-24 11:45:00.455000,5.0,4.99,5.0,1989700.0
2018-01-24 11:45:03.717000,5.0,4.99,5.0,1989700.0
2018-01-24 11:45:06.749000,5.0,4.99,5.0,1989700.0
2018-01-24 11:45:10.241000,5.0,4.99,5.0,2002700.0
2018-01-24 11:45:13.755000,5.0,4.99,5.0,2002700.0
2018-01-24 11:45:16.861000,5.0,4.99,5.0,2002700.0
2018-01-24 11:45:19.952000,5.0,4.99,5.0,2002700.0
2018-01-24 11:45:23.234000,5.0,4.99,5.0,2002700.0
2018-01-24 11:45:26.375000,5.0,4.99,5.0,2002700.0
2018-01-24 11:45:29.567000,5.0,4.99,5.0,2002700.0
2018-01-24 11:45:33.136000,5.0,4.99,5.0,2002700.0
2018-01-24 11:45:36.209000,5.0,4.99,5.0,2002700.0
2018-01-24 11:45:39.684000,5.0,4.99,5.0,2002700.0
2018-01-24 11:45:42.783000,5.0,4.99,5.0,2002700.0
2018-01-24 11:45:45.967000,5.0,4.99,5.0,2002700.0
2018-01-24 11:45:49.028000,5.0,4.99,5.0,2002700.0
2018-01-24 11:45:52.392000,5.0,4.99,5.0,2002700.0
2018-01-24 11:45:55.387000,5.0,4.99,5.0,2002700.0
2018-01-24 11:45:58.500000,5.0,4.99,5.0,2002700.0
2018-01-24 11:46:01.501000,5.0,4.99,5.0,2002700.0
2018-01-24 11:46:04.435000,5.0,4.99,5.0,2002700.0
2018-01-24 11:46:07.479000,5.0,4.99,5.0,2002700.0
2018-01-24 11:46:10.924000,5.0,4.99,5.0,2002700.0
2018-01-24 11:46:14.246000,5.0,4.99,5.0,2002700.0
2018-01-24 11:46:17.437000,5.0,4.99,5.0,2002700.0
2018-01-24 11:46:20.675000,5.0,4.99,5.0,2002700.0
2018-01-24 11:46:23.715000,5.0,4.99,5.0,2002700.0
2018-01-24 11:46:26.845000,5.0,4.99,5.0,2002700.0
2018-01-24 11:46:30.015000,5.0,4.99,5.0,2002700.0
2018-01-24 11:46:33.585000,5.0,4.99,5.0,2002700.0
2018-01-24 11:46:36.647000,5.0,4.99,5.0,2002700.0
2018-01-24 11:46:40.012000,5.0,4.99,5.0,2002700.0
2018-01-24 11:46:43.279000,5.0,4.99,5.0,2002700.0
2018-01-24 11:46:46.408000,5.0,4.99,5.0,2002700.0
2018-01-24 11:46:49.905000,5.0,4.99,5.0,2002700.0
2018-01-24 11:46:53.167000,5.0,4.99,5.0,2002700.0
2018-01-24 11:46:56.235000,5.0,4.99,5.0,2002700.0
2018-01-24 11:46:59.382000,5.0,4.99,5.0,2002700.0
2018-01-24 11:47:02.456000,5.0,4.99,5.0,2002700.0
2018-01-24 11:47:05.457000,5.0,4.99,5.0,2002700.0
2018-01-24 11:47:08.822000,5.0,4.99,5.0,2002700.0
2018-01-24 11:47:11.941000,5.0,4.99,5.0,2002700.0
2018-01-24 11:47:14.940000,5.0,4.99,5.0,2002700.0
2018-01-24 11:47:18.143000,5.0,4.99,5.0,2002700.0
2018-01-24 11:47:21.258000,5.0,4.99,5.0,2002700.0
2018-01-24 11:47:24.501000,5.0,4.99,5.0,2002700.0
2018-01-24 11:47:27.895000,5.0,4.99,5.0,2002700.0
2018-01-24 11:47:32.413000,5.0,4.99,5.0,2002700.0
2018-01-24 11:47:35.657000,5.0,4.99,5.0,2002700.0
2018-01-24 11:47:39.155000,5.0,4.99,5.0,2002700.0
2018-01-24 11:47:42.690000,5.0,4.99,5.0,2002700.0
2018-01-24 11:47:46.071000,5.0,4.99,5.0,2002700.0
2018-01-24 11:47:49.532000,5.0,4.99,5.0,2002700.0
2018-01-24 11:47:52.616000,5.0,4.99,5.0,2002700.0
2018-01-24 11:47:55.907000,5.0,4.99,5.0,2002700.0
2018-01-24 11:47:59.546000,5.0,4.99,5.0,2002700.0
2018-01-24 11:48:03.160000,5.0,4.99,5.0,2002700.0
2018-01-24 11:48:06.351000,5.0,4.99,5.0,2002700.0
2018-01-24 11:48:09.639000,5.0,4.99,5.0,2002700.0
2018-01-24 11:48:13.306000,5.0,4.99,5.0,2002700.0
2018-01-24 11:48:16.747000,5.0,4.99,5.0,2002700.0
2018-01-24 11:48:20.048000,5.0,4.99,5.0,2002700.0
2018-01-24 11:48:23.286000,5.0,4.99,5.0,2002700.0
2018-01-24 11:48:26.582000,5.0,4.99,5.0,2002700.0
2018-01-24 11:48:29.986000,5.0,4.99,5.0,2002700.0
2018-01-24 11:48:33.966000,5.0,4.99,5.0,2002700.0
2018-01-24 11:48:37.386000,5.0,4.99,5.0,2002700.0
2018-01-24 11:48:40.675000,5.0,4.99,5.0,2002700.0
2018-01-24 11:48:43.876000,5.0,4.99,5.0,2002700.0
2018-01-24 11:48:47.655000,5.0,4.99,5.0,2002700.0
2018-01-24 11:48:51.456000,5.0,4.99,5.0,2002700.0
2018-01-24 11:48:54.876000,5.0,4.99,5.0,2002700.0
2018-01-24 11:48:57.889000,5.0,4.99,5.0,2002700.0
2018-01-24 11:49:01.409000,5.0,4.99,5.0,2002700.0
2018-01-24 11:49:04.939000,5.0,4.99,5.0,2002700.0
2018-01-24 11:49:08.161000,5.0,4.99,5.0,2002700.0
2018-01-24 11:49:11.276000,5.0,4.99,5.0,2002700.0
2018-01-24 11:49:14.424000,5.0,4.99,5.0,2002700.0
2018-01-24 11:49:17.615000,5.0,4.99,5.0,2002700.0
2018-01-24 11:49:20.776000,5.0,4.99,5.0,2002700.0
2018-01-24 11:49:24.219000,5.0,4.99,5.0,2002700.0
2018-01-24 11:49:27.816000,5.0,4.99,5.0,2002700.0
2018-01-24 11:49:31.490000,5.0,4.99,5.0,2002700.0
2018-01-24 11:49:34.719000,5.0,4.99,5.0,2002700.0
2018-01-24 11:49:37.910000,5.0,4.99,5.0,2002700.0
2018-01-24 11:49:41.201000,5.0,4.99,5.0,2002700.0
2018-01-24 11:49:44.423000,5.0,4.99,5.0,2002700.0
2018-01-24 11:49:48.010000,5.0,4.99,5.0,2002700.0
2018-01-24 11:49:51.243000,5.0,4.99,5.0,2002700.0
2018-01-24 11:49:54.456000,5.0,4.99,5.0,2002700.0
2018-01-24 11:49:57.861000,5.0,4.99,5.0,2012700.0
2018-01-24 11:50:01.129000,5.0,4.99,5.0,2012700.0
2018-01-24 11:50:04.611000,5.0,4.99,5.0,2012700.0
2018-01-24 11:50:07.773000,5.0,4.99,5.0,2012700.0
2018-01-24 11:50:11.097000,5.0,4.99,5.0,2012700.0
2018-01-24 11:50:14.103000,5.0,4.99,5.0,2012700.0
2018-01-24 11:50:17.520000,5.0,4.99,5.0,2012700.0
2018-01-24 11:50:20.643000,5.0,4.99,5.0,2012700.0
2018-01-24 11:50:23.912000,5.0,4.99,5.0,2012700.0
2018-01-24 11:50:27.152000,5.0,4.99,5.0,2012700.0
2018-01-24 11:50:30.394000,5.0,4.99,5.0,2012700.0
2018-01-24 11:50:33.867000,5.0,4.99,5.0,2012700.0
2018-01-24 11:50:37.515000,5.0,4.99,5.0,2012700.0
2018-01-24 11:50:40.692000,5.0,4.99,5.0,2012700.0
2018-01-24 11:50:43.883000,5.0,4.99,5.0,2012700.0
2018-01-24 11:50:47.198000,5.0,4.99,5.0,2012700.0
2018-01-24 11:50:50.769000,5.0,4.99,5.0,2012700.0
2018-01-24 11:50:53.859000,5.0,4.99,5.0,2012700.0
2018-01-24 11:50:57.195000,5.0,4.99,5.0,2012700.0
2018-01-24 11:51:00.426000,5.0,4.99,5.0,2012700.0
2018-01-24 11:51:03.711000,5.0,4.99,5.0,2012700.0
2018-01-24 11:51:07.405000,5.0,4.99,5.0,2012700.0
2018-01-24 11:51:12.414000,5.0,4.99,5.0,2012700.0
2018-01-24 11:51:15.848000,5.0,4.99,5.0,2012700.0
2018-01-24 11:51:19.044000,5.0,4.99,5.0,2012700.0
2018-01-24 11:51:22.101000,5.0,4.99,5.0,2012700.0
2018-01-24 11:51:25.286000,5.0,4.99,5.0,2012700.0
2018-01-24 11:51:28.946000,5.0,4.99,5.0,2012700.0
2018-01-24 11:51:31.996000,5.0,4.99,5.0,2012700.0
2018-01-24 11:51:34.941000,5.0,4.99,5.0,2012700.0
2018-01-24 11:51:38.032000,5.0,4.99,5.0,2012700.0
2018-01-24 11:51:41.445000,5.0,4.99,5.0,2012700.0
2018-01-24 11:51:45.035000,5.0,4.99,5.0,2012700.0
2018-01-24 11:51:48.492000,5.0,4.99,5.0,2012700.0
2018-01-24 11:51:51.620000,5.0,4.99,5.0,2012700.0
2018-01-24 11:51:54.942000,5.0,4.99,5.0,2012700.0
2018-01-24 11:51:58.183000,5.0,4.99,5.0,2012700.0
2018-01-24 11:52:01.555000,5.0,4.99,5.0,2012700.0
2018-01-24 11:52:08.322000,5.0,4.99,5.0,2012700.0
2018-01-24 11:52:11.382000,5.0,4.99,5.0,2012700.0
2018-01-24 11:52:14.552000,5.0,4.99,5.0,2012700.0
2018-01-24 11:52:17.673000,5.0,4.99,5.0,2012700.0
2018-01-24 11:52:20.989000,5.0,4.99,5.0,2012700.0
2018-01-24 11:52:24.250000,5.0,4.99,5.0,2012700.0
2018-01-24 11:52:27.587000,5.0,4.99,5.0,2012700.0
2018-01-24 11:52:30.803000,5.0,4.99,5.0,2012700.0
2018-01-24 11:52:33.979000,5.0,4.99,5.0,2012700.0
2018-01-24 11:52:37.064000,5.0,4.99,5.0,2012700.0
2018-01-24 11:52:40.194000,5.0,4.99,5.0,2012700.0
2018-01-24 11:52:43.651000,5.0,4.99,5.0,2012700.0
2018-01-24 11:52:46.804000,5.0,4.99,5.0,2012700.0
2018-01-24 11:52:49.943000,5.0,4.99,5.0,2012700.0
2018-01-24 11:52:53.252000,5.0,4.99,5.0,2012700.0
2018-01-24 11:52:56.368000,5.0,4.99,5.0,2012700.0
2018-01-24 11:52:59.848000,5.0,4.99,5.0,2012700.0
2018-01-24 11:53:03.635000,5.0,4.99,5.0,2013100.0
2018-01-24 11:53:07.196000,5.0,4.99,5.0,2013100.0
2018-01-24 11:53:10.381000,5.0,4.99,5.0,2013100.0
2018-01-24 11:53:13.661000,5.0,4.99,5.0,2013100.0
2018-01-24 11:53:16.897000,5.0,4.99,5.0,2013100.0
2018-01-24 11:53:20.257000,5.0,4.99,5.0,2013100.0
2018-01-24 11:53:23.619000,5.0,4.99,5.0,2013100.0
2018-01-24 11:53:26.836000,5.0,4.99,5.0,2013100.0
2018-01-24 11:53:29.927000,5.0,4.99,5.0,2013100.0
2018-01-24 11:53:32.980000,5.0,4.99,5.0,2013100.0
2018-01-24 11:53:36.009000,5.0,4.99,5.0,2013100.0
2018-01-24 11:53:39.430000,5.0,4.99,5.0,2013100.0
2018-01-24 11:53:42.566000,5.0,4.99,5.0,2013100.0
2018-01-24 11:53:45.916000,5.0,4.99,5.0,2013100.0
2018-01-24 11:53:49.242000,5.0,4.99,5.0,2013100.0
2018-01-24 11:53:52.525000,5.0,4.99,5.0,2013100.0
2018-01-24 11:53:55.711000,5.0,4.99,5.0,2013100.0
2018-01-24 11:53:59.061000,5.0,4.99,5.0,2013100.0
2018-01-24 11:54:02.262000,5.0,4.99,5.0,2013100.0
2018-01-24 11:54:06.055000,5.0,4.99,5.0,2013100.0
2018-01-24 11:54:09.280000,5.0,4.99,5.0,2013100.0
2018-01-24 11:54:12.295000,5.0,4.99,5.0,2013100.0
2018-01-24 11:54:15.358000,5.0,4.99,5.0,2013100.0
2018-01-24 11:54:18.757000,5.0,4.99,5.0,2013100.0
2018-01-24 11:54:22.028000,5.0,4.99,5.0,2013100.0
2018-01-24 11:54:25.149000,5.0,4.99,5.0,2013100.0
2018-01-24 11:54:28.511000,5.0,4.99,5.0,2013100.0
2018-01-24 11:54:31.775000,5.0,4.99,5.0,2013100.0
2018-01-24 11:54:35.106000,5.0,4.99,5.0,2013100.0
2018-01-24 11:54:38.546000,5.0,4.99,5.0,2013100.0
2018-01-24 11:54:41.783000,5.0,4.99,5.0,2013100.0
2018-01-24 11:54:45.634000,5.0,4.99,5.0,2013100.0
2018-01-24 11:54:48.729000,5.0,4.99,5.0,2013100.0
2018-01-24 11:54:51.852000,5.0,4.99,5.0,2013100.0
2018-01-24 11:54:55.116000,5.0,4.99,5.0,2013100.0
2018-01-24 11:54:58.354000,5.0,4.99,5.0,2013100.0
2018-01-24 11:55:01.590000,5.0,4.99,5.0,2013100.0
2018-01-24 11:55:04.883000,5.0,4.99,5.0,2013100.0
2018-01-24 11:55:08.309000,5.0,4.99,5.0,2013100.0
2018-01-24 11:55:11.384000,5.0,4.99,5.0,2013100.0
2018-01-24 11:55:14.576000,5.0,4.99,5.0,2013100.0
2018-01-24 11:55:17.783000,5.0,4.99,5.0,2013100.0
2018-01-24 11:55:21.026000,5.0,4.99,5.0,2013100.0
2018-01-24 11:55:24.136000,5.0,4.99,5.0,2013100.0
2018-01-24 11:55:27.311000,5.0,4.99,5.0,2013100.0
2018-01-24 11:55:30.354000,5.0,4.99,5.0,2013100.0
2018-01-24 11:55:33.561000,5.0,4.99,5.0,2013100.0
2018-01-24 11:55:36.888000,5.0,4.99,5.0,2013100.0
2018-01-24 11:55:40.071000,5.0,4.99,5.0,2013100.0
2018-01-24 11:55:43.137000,5.0,4.99,5.0,2013100.0
2018-01-24 11:55:46.261000,5.0,4.99,5.0,2013100.0
2018-01-24 11:55:49.437000,5.0,4.99,5.0,2013100.0
2018-01-24 11:55:52.873000,5.0,4.99,5.0,2013100.0
2018-01-24 11:55:56.309000,5.0,4.99,5.0,2013100.0
2018-01-24 11:55:59.570000,5.0,4.99,5.0,2013100.0
2018-01-24 11:56:02.850000,5.0,4.99,5.0,2013100.0
