time,price,bid,ask,volume
2018-01-23 13:03:38.630000,5.01,5.0,5.02,8479900.0
2018-01-23 13:03:41.751000,5.01,5.0,5.02,8479900.0
2018-01-23 13:03:44.473000,5.01,5.0,5.02,8479900.0
2018-01-23 13:03:47.221000,5.01,5.0,5.02,8479900.0
2018-01-23 13:03:49.847000,5.01,5.0,5.02,8479900.0
2018-01-23 13:03:52.580000,5.01,5.0,5.02,8479900.0
2018-01-23 13:03:55.333000,5.01,5.0,5.02,8479900.0
2018-01-23 13:03:58.137000,5.01,5.0,5.02,8479900.0
2018-01-23 13:04:01.065000,5.01,5.0,5.02,8479900.0
2018-01-23 13:04:03.862000,5.01,5.0,5.02,8479900.0
2018-01-23 13:04:06.455000,5.01,5.0,5.02,8479900.0
2018-01-23 13:04:09.179000,5.01,5.0,5.02,8479900.0
2018-01-23 13:04:11.909000,5.01,5.0,5.02,8479900.0
2018-01-23 13:04:14.575000,5.01,5.0,5.02,8479900.0
2018-01-23 13:04:17.298000,5.0,5.0,5.01,9173900.0
2018-01-23 13:04:20.036000,5.0,5.0,5.01,9173900.0
2018-01-23 13:04:22.581000,5.0,5.0,5.01,9173900.0
2018-01-23 13:04:25.041000,5.0,5.0,5.01,9173900.0
2018-01-23 13:04:27.720000,5.0,5.0,5.01,9173900.0
2018-01-23 13:04:30.445000,5.0,5.0,5.01,9173900.0
2018-01-23 13:04:33.305000,5.0,5.0,5.01,9173900.0
2018-01-23 13:04:36.061000,5.0,5.0,5.01,9173900.0
2018-01-23 13:04:38.615000,5.0,5.0,5.01,9173900.0
2018-01-23 13:04:41.105000,5.0,5.0,5.01,9173900.0
2018-01-23 13:04:43.677000,5.0,5.0,5.01,9173900.0
2018-01-23 13:04:46.356000,5.0,5.0,5.01,9173900.0
2018-01-23 13:04:49.265000,5.0,5.0,5.01,9173900.0
2018-01-23 13:04:52.051000,5.0,5.0,5.01,9173900.0
2018-01-23 13:04:54.883000,5.0,5.0,5.01,9173900.0
2018-01-23 13:04:57.628000,5.0,5.0,5.01,9173900.0
2018-01-23 13:05:00.350000,5.0,5.0,5.01,9173900.0
2018-01-23 13:05:03.505000,5.0,5.0,5.01,9173900.0
2018-01-23 13:05:06.562000,5.0,5.0,5.01,9173900.0
2018-01-23 13:05:09.146000,5.0,5.0,5.01,9173900.0
2018-01-23 13:05:11.910000,5.0,5.0,5.01,9173900.0
2018-01-23 13:05:14.585000,5.0,5.0,5.01,9173900.0
2018-01-23 13:05:17.301000,5.0,5.0,5.01,9173900.0
2018-01-23 13:05:20.038000,5.0,5.0,5.01,9173900.0
2018-01-23 13:05:22.567000,5.0,5.0,5.01,9173900.0
2018-01-23 13:05:25.133000,5.0,5.0,5.01,9173900.0
2018-01-23 13:05:27.894000,5.0,5.0,5.01,9173900.0
2018-01-23 13:05:30.632000,5.0,5.0,5.01,9173900.0
2018-01-23 13:05:33.833000,5.0,5.0,5.01,9173900.0
2018-01-23 13:05:38.312000,5.0,5.0,5.01,9173900.0
2018-01-23 13:06:00.196000,5.0,5.0,5.01,9291500.0
2018-01-23 13:06:05.675000,5.0,5.0,5.01,9291500.0
2018-01-23 13:06:12.179000,5.0,5.0,5.01,9291500.0
2018-01-23 13:06:16.910000,5.0,5.0,5.01,9291500.0
2018-01-23 13:06:23.373000,5.0,5.0,5.01,9291500.0
2018-01-23 13:06:29.868000,5.0,5.0,5.01,9291500.0
2018-01-23 13:06:39.820000,5.0,5.0,5.01,9291500.0
2018-01-23 13:06:45.822000,5.0,5.0,5.01,9291500.0
2018-01-23 13:06:55.781000,5.0,5.0,5.01,9291500.0
2018-01-23 13:07:01.536000,5.0,5.0,5.01,9291500.0
2018-01-23 13:07:12.898000,5.0,5.0,5.01,9291500.0
2018-01-23 13:07:17.054000,5.0,5.0,5.01,9291500.0
2018-01-23 13:07:23.120000,5.0,5.0,5.01,9291500.0
2018-01-23 13:07:44.399000,5.0,5.0,5.01,9291500.0
2018-01-23 13:07:51.161000,5.0,5.0,5.01,9291500.0
2018-01-23 13:07:57.491000,5.01,5.0,5.01,9293100.0
2018-01-23 13:08:02.163000,5.01,5.0,5.01,9293100.0
2018-01-23 13:08:06.244000,5.01,5.0,5.01,9293100.0
2018-01-23 13:08:10.297000,5.01,5.0,5.01,9293100.0
2018-01-23 13:08:13.619000,5.01,5.0,5.01,9293100.0
2018-01-23 13:08:20.840000,5.01,5.0,5.01,9293100.0
2018-01-23 13:08:23.494000,5.01,5.0,5.01,9293100.0
2018-01-23 13:08:26.343000,5.01,5.0,5.01,9293100.0
2018-01-23 13:08:28.995000,5.01,5.0,5.01,9293100.0
2018-01-23 13:08:31.710000,5.01,5.0,5.01,9293100.0
2018-01-23 13:08:34.300000,5.01,5.0,5.01,9293100.0
2018-01-23 13:08:36.948000,5.01,5.0,5.01,9293100.0
2018-01-23 13:08:39.763000,5.01,5.0,5.01,9293100.0
2018-01-23 13:08:42.695000,5.01,5.0,5.01,9293100.0
2018-01-23 13:08:49.834000,5.01,5.0,5.01,9293100.0
2018-01-23 13:08:56.027000,5.01,5.0,5.01,9293100.0
2018-01-23 13:08:59.542000,5.01,5.0,5.01,9293100.0
2018-01-23 13:09:02.230000,5.01,5.0,5.01,9293100.0
2018-01-23 13:09:04.976000,5.01,5.0,5.01,9293100.0
2018-01-23 13:09:07.822000,5.01,5.0,5.01,9293100.0
2018-01-23 13:09:10.481000,5.0,5.0,5.01,9317100.0
2018-01-23 13:09:13.275000,5.0,5.0,5.01,9317100.0
2018-01-23 13:09:15.981000,5.0,5.0,5.01,9317100.0
2018-01-23 13:09:18.684000,5.0,5.0,5.01,9324900.0
2018-01-23 13:09:21.535000,5.0,5.0,5.01,9324900.0
2018-01-23 13:09:24.179000,5.0,5.0,5.01,9324900.0
2018-01-23 13:09:26.701000,5.0,5.0,5.01,9324900.0
2018-01-23 13:09:29.247000,5.0,5.0,5.01,9324900.0
2018-01-23 13:09:35.251000,5.0,5.0,5.01,9324900.0
2018-01-23 13:09:38.379000,5.0,5.0,5.01,9324900.0
2018-01-23 13:09:40.863000,5.0,5.0,5.01,9324900.0
2018-01-23 13:09:43.268000,5.0,5.0,5.01,9324900.0
2018-01-23 13:09:45.806000,5.0,5.0,5.01,9324900.0
2018-01-23 13:09:48.419000,5.0,5.0,5.01,9324900.0
2018-01-23 13:09:51.016000,5.0,5.0,5.01,9324900.0
2018-01-23 13:09:53.467000,5.0,5.0,5.01,9324900.0
2018-01-23 13:09:55.957000,5.0,5.0,5.01,9324900.0
2018-01-23 13:09:58.748000,5.0,5.0,5.01,9324900.0
2018-01-23 13:10:01.641000,5.0,5.0,5.01,9324900.0
2018-01-23 13:10:04.233000,5.0,5.0,5.01,9324900.0
2018-01-23 13:10:06.965000,5.0,5.0,5.01,9326900.0
2018-01-23 13:10:09.638000,5.0,5.0,5.01,9326900.0
2018-01-23 13:10:12.449000,5.0,5.0,5.01,9326900.0
2018-01-23 13:10:14.889000,5.0,5.0,5.01,9326900.0
2018-01-23 13:10:17.464000,5.0,4.99,5.0,9326900.0
2018-01-23 13:10:20.158000,5.0,4.99,5.0,9326900.0
2018-01-23 13:10:22.606000,5.0,4.99,5.0,9326900.0
2018-01-23 13:10:25.288000,5.0,4.99,5.0,9326900.0
2018-01-23 13:10:27.839000,5.0,4.99,5.0,9326900.0
2018-01-23 13:10:30.436000,5.0,4.99,5.0,9326900.0
2018-01-23 13:10:33.183000,5.0,4.99,5.0,9326900.0
2018-01-23 13:10:35.739000,5.0,4.99,5.0,9326900.0
2018-01-23 13:10:38.591000,5.0,4.99,5.0,9326900.0
2018-01-23 13:10:42.153000,5.0,4.99,5.0,9326900.0
2018-01-23 13:10:44.890000,5.0,4.99,5.0,9326900.0
2018-01-23 13:10:47.559000,5.0,4.99,5.0,9326900.0
2018-01-23 13:10:50.307000,5.0,4.99,5.0,9326900.0
2018-01-23 13:10:53.058000,5.0,4.99,5.0,9326900.0
2018-01-23 13:10:55.905000,5.0,4.99,5.0,9326900.0
2018-01-23 13:10:58.658000,5.0,4.99,5.0,9326900.0
2018-01-23 13:11:01.263000,5.0,4.99,5.0,9326900.0
2018-01-23 13:11:03.903000,5.0,4.99,5.0,9326900.0
2018-01-23 13:11:06.483000,5.0,4.99,5.0,9326900.0
2018-01-23 13:11:09.060000,5.0,4.99,5.0,9326900.0
2018-01-23 13:11:11.673000,5.0,4.99,5.0,9326900.0
2018-01-23 13:11:14.826000,5.0,4.99,5.0,9336900.0
2018-01-23 13:11:17.388000,5.0,4.99,5.0,9336900.0
2018-01-23 13:11:20.103000,5.0,4.99,5.0,9336900.0
2018-01-23 13:11:22.903000,5.0,4.99,5.0,9336900.0
2018-01-23 13:11:25.391000,5.0,4.99,5.0,9336900.0
2018-01-23 13:11:28.029000,5.0,4.99,5.0,9336900.0
2018-01-23 13:11:30.724000,5.0,4.99,5.0,9336900.0
2018-01-23 13:11:33.137000,5.0,4.99,5.0,9336900.0
2018-01-23 13:11:35.906000,5.0,4.99,5.0,9336900.0
2018-01-23 13:11:38.593000,5.0,4.99,5.0,9336900.0
2018-01-23 13:11:41.410000,5.0,4.99,5.0,9336900.0
2018-01-23 13:11:43.982000,5.0,4.99,5.0,9336900.0
2018-01-23 13:11:46.876000,5.0,4.99,5.0,9336900.0
2018-01-23 13:11:49.751000,5.0,4.99,5.0,9336900.0
2018-01-23 13:11:52.357000,5.0,4.99,5.0,9336900.0
2018-01-23 13:11:55.139000,5.0,4.99,5.0,9336900.0
2018-01-23 13:11:57.765000,5.0,4.99,5.0,9336900.0
2018-01-23 13:12:00.591000,5.0,4.99,5.0,9336900.0
2018-01-23 13:12:03.191000,5.0,4.99,5.0,9336900.0
2018-01-23 13:12:06.179000,5.0,4.99,5.0,9336900.0
2018-01-23 13:12:08.771000,5.0,4.99,5.0,9336900.0
2018-01-23 13:12:11.318000,5.0,4.99,5.0,9336900.0
2018-01-23 13:12:13.770000,5.0,4.99,5.0,9336900.0
2018-01-23 13:12:16.661000,5.0,4.99,5.0,9336900.0
2018-01-23 13:12:19.299000,5.0,4.99,5.0,9336900.0
2018-01-23 13:12:22.029000,5.0,4.99,5.0,9336900.0
2018-01-23 13:12:24.658000,5.0,4.99,5.0,9336900.0
2018-01-23 13:12:27.300000,5.0,4.99,5.0,9336900.0
2018-01-23 13:12:29.940000,5.0,4.99,5.0,9336900.0
2018-01-23 13:12:32.640000,5.0,4.99,5.0,9336900.0
2018-01-23 13:12:35.535000,5.0,4.99,5.0,9336900.0
2018-01-23 13:12:38.288000,5.0,4.99,5.0,9336900.0
2018-01-23 13:12:41.045000,5.0,4.99,5.0,9336900.0
2018-01-23 13:12:43.625000,5.0,4.99,5.0,9336900.0
2018-01-23 13:12:46.166000,5.0,4.99,5.0,9336900.0
2018-01-23 13:12:48.593000,5.0,4.99,5.0,9336900.0
2018-01-23 13:12:51.172000,5.0,4.99,5.0,9336900.0
2018-01-23 13:12:53.892000,5.0,4.99,5.0,9336900.0
2018-01-23 13:12:56.598000,5.0,4.99,5.0,9336900.0
2018-01-23 13:12:59.158000,4.99,4.99,5.0,9349900.0
2018-01-23 13:13:01.793000,4.99,4.99,5.0,9349900.0
2018-01-23 13:13:04.503000,4.99,4.99,5.0,9349900.0
2018-01-23 13:13:07.121000,4.99,4.99,5.0,9349900.0
2018-01-23 13:13:09.881000,4.99,4.99,5.0,9349900.0
2018-01-23 13:13:12.390000,4.99,4.99,5.0,9349900.0
2018-01-23 13:13:14.999000,4.99,4.99,5.0,9349900.0
2018-01-23 13:13:17.469000,4.99,4.99,5.0,9349900.0
2018-01-23 13:13:20.088000,4.99,4.99,5.0,9349900.0
2018-01-23 13:13:23.016000,4.99,4.99,5.0,9349900.0
2018-01-23 13:13:25.552000,4.99,4.99,5.0,9349900.0
2018-01-23 13:13:28.277000,4.99,4.99,5.0,9349900.0
2018-01-23 13:13:31.027000,4.99,4.99,5.0,9349900.0
2018-01-23 13:13:33.688000,4.99,4.99,5.0,9349900.0
2018-01-23 13:13:36.234000,4.99,4.99,5.0,9349900.0
2018-01-23 13:13:38.813000,4.99,4.99,5.0,9349900.0
2018-01-23 13:13:41.488000,4.99,4.99,5.0,9349900.0
2018-01-23 13:13:44.129000,4.99,4.99,5.0,9349900.0
2018-01-23 13:13:46.773000,5.0,4.99,5.0,9359900.0
2018-01-23 13:13:49.505000,5.0,4.99,5.0,9359900.0
2018-01-23 13:13:52.120000,5.0,4.99,5.0,9359900.0
2018-01-23 13:13:54.818000,5.0,4.99,5.0,9359900.0
2018-01-23 13:13:57.531000,5.0,4.99,5.0,9359900.0
2018-01-23 13:14:00.613000,5.0,4.99,5.0,9359900.0
2018-01-23 13:14:03.360000,5.0,4.99,5.0,9359900.0
2018-01-23 13:14:06.036000,5.0,4.99,5.0,9359900.0
2018-01-23 13:14:08.596000,5.0,4.99,5.0,9359900.0
2018-01-23 13:14:11.396000,5.0,4.99,5.0,9359900.0
2018-01-23 13:14:14.019000,5.0,4.99,5.0,9359900.0
2018-01-23 13:14:16.788000,5.0,4.99,5.0,9359900.0
2018-01-23 13:14:19.353000,5.0,4.99,5.0,9359900.0
2018-01-23 13:14:21.809000,5.0,5.0,5.01,9359900.0
2018-01-23 13:14:24.426000,5.0,5.0,5.01,9359900.0
2018-01-23 13:14:27.142000,5.0,5.0,5.01,9359900.0
2018-01-23 13:14:29.947000,5.0,5.0,5.01,9359900.0
2018-01-23 13:14:32.413000,5.0,5.0,5.01,9359900.0
2018-01-23 13:14:34.968000,5.0,5.0,5.01,9359900.0
2018-01-23 13:14:37.466000,5.0,5.0,5.01,9359900.0
2018-01-23 13:14:40.192000,5.0,5.0,5.01,9359900.0
2018-01-23 13:14:43.131000,5.0,5.0,5.01,9359900.0
2018-01-23 13:14:45.569000,5.0,5.0,5.01,9359900.0
2018-01-23 13:14:48.036000,5.0,4.99,5.01,9359900.0
2018-01-23 13:14:50.884000,5.0,4.99,5.01,9359900.0
2018-01-23 13:14:53.440000,5.0,4.99,5.01,9359900.0
2018-01-23 13:14:55.976000,5.0,4.99,5.01,9359900.0
2018-01-23 13:14:58.709000,5.0,4.99,5.01,9359900.0
2018-01-23 13:15:01.331000,5.0,4.99,5.01,9359900.0
2018-01-23 13:15:03.909000,5.0,4.99,5.01,9359900.0
2018-01-23 13:15:06.634000,5.0,4.99,5.01,9359900.0
2018-01-23 13:15:09.156000,5.0,4.99,5.01,9359900.0
2018-01-23 13:15:11.613000,5.0,4.99,5.01,9359900.0
2018-01-23 13:15:14.552000,5.0,4.99,5.01,9359900.0
2018-01-23 13:15:17.078000,5.0,4.99,5.01,9359900.0
2018-01-23 13:15:19.991000,5.0,4.99,5.01,9359900.0
2018-01-23 13:15:22.613000,5.0,4.99,5.01,9359900.0
2018-01-23 13:15:25.143000,5.0,4.99,5.01,9359900.0
2018-01-23 13:15:27.613000,5.0,4.99,5.01,9359900.0
2018-01-23 13:15:30.257000,5.0,4.99,5.01,9359900.0
2018-01-23 13:15:32.896000,5.0,4.99,5.01,9359900.0
2018-01-23 13:15:35.517000,5.0,4.99,5.01,9359900.0
2018-01-23 13:15:38.351000,5.0,4.99,5.01,9359900.0
2018-01-23 13:15:52.256000,5.0,4.99,5.01,9359900.0
2018-01-23 13:15:56.086000,5.0,4.99,5.01,9359900.0
2018-01-23 13:15:59.322000,5.0,4.99,5.01,9359900.0
2018-01-23 13:16:02.472000,5.0,4.99,5.01,9359900.0
2018-01-23 13:16:05.602000,5.0,4.99,5.01,9359900.0
2018-01-23 13:16:08.706000,5.0,4.99,5.01,9359900.0
2018-01-23 13:16:11.960000,5.0,4.99,5.01,9359900.0
2018-01-23 13:16:15.163000,5.0,4.99,5.01,9359900.0
2018-01-23 13:16:18.161000,5.0,4.99,5.01,9359900.0
2018-01-23 13:16:22.959000,5.0,4.99,5.01,9359900.0
2018-01-23 13:16:28.571000,5.0,4.99,5.01,9359900.0
2018-01-23 13:16:33.416000,5.0,4.99,5.01,9359900.0
2018-01-23 13:16:36.574000,5.0,4.99,5.01,9359900.0
2018-01-23 13:16:39.905000,5.01,5.0,5.01,9367600.0
2018-01-23 13:16:43.375000,5.01,5.0,5.01,9367600.0
2018-01-23 13:16:46.722000,5.01,5.0,5.01,9367600.0
2018-01-23 13:16:49.797000,5.01,5.0,5.01,9367600.0
2018-01-23 13:16:54.494000,5.01,5.0,5.01,9367600.0
2018-01-23 13:16:57.865000,5.01,5.0,5.01,9367600.0
2018-01-23 13:17:01.215000,5.01,5.0,5.01,9367600.0
2018-01-23 13:17:04.484000,5.01,5.0,5.01,9367600.0
2018-01-23 13:17:07.665000,5.01,5.0,5.01,9367600.0
2018-01-23 13:17:10.810000,5.01,5.0,5.01,9367600.0
2018-01-23 13:17:13.959000,5.01,5.0,5.01,9367600.0
2018-01-23 13:17:18.391000,5.01,5.0,5.01,9367600.0
2018-01-23 13:17:21.932000,5.01,5.0,5.01,9367600.0
2018-01-23 13:17:26.032000,5.01,5.0,5.01,9367600.0
2018-01-23 13:17:29.480000,5.01,5.0,5.01,9367600.0
2018-01-23 13:17:34.276000,5.01,5.0,5.01,9367600.0
2018-01-23 13:17:37.495000,5.01,5.0,5.01,9367600.0
2018-01-23 13:17:40.618000,5.01,5.0,5.01,9367600.0
2018-01-23 13:17:45.290000,5.01,5.0,5.01,9367600.0
2018-01-23 13:17:48.749000,5.01,5.0,5.01,9367600.0
2018-01-23 13:17:52.162000,5.01,5.0,5.01,9367600.0
2018-01-23 13:17:55.548000,5.01,5.0,5.01,9367600.0
2018-01-23 13:17:58.761000,5.01,5.0,5.01,9367600.0
2018-01-23 13:18:02.334000,5.01,5.0,5.01,9367600.0
2018-01-23 13:18:05.590000,5.0,4.99,5.0,9373600.0
2018-01-23 13:18:08.682000,5.0,4.99,5.0,9373600.0
2018-01-23 13:18:12.076000,5.0,4.99,5.0,9373600.0
2018-01-23 13:18:15.271000,5.0,4.99,5.0,9373600.0
2018-01-23 13:18:20.288000,5.0,4.99,5.0,9373600.0
2018-01-23 13:18:22.818000,5.0,4.99,5.0,9373600.0
2018-01-23 13:18:25.341000,5.0,4.99,5.0,9373600.0
2018-01-23 13:18:27.930000,5.0,4.99,5.0,9373600.0
2018-01-23 13:18:31.122000,5.0,4.99,5.0,9373600.0
2018-01-23 13:18:33.791000,5.0,4.99,5.0,9373600.0
2018-01-23 13:18:36.675000,5.0,4.99,5.0,9373600.0
2018-01-23 13:18:39.761000,5.0,4.99,5.0,9373600.0
2018-01-23 13:18:43.106000,5.0,4.99,5.0,9373600.0
2018-01-23 13:18:45.591000,5.0,4.99,5.0,9373600.0
2018-01-23 13:18:48.181000,5.0,4.99,5.0,9373600.0
2018-01-23 13:18:50.982000,5.0,4.99,5.0,9373600.0
2018-01-23 13:18:53.779000,5.0,4.99,5.0,9373600.0
2018-01-23 13:18:56.286000,5.0,4.99,5.0,9373600.0
2018-01-23 13:18:58.759000,5.0,4.99,5.0,9373600.0
2018-01-23 13:19:01.387000,5.0,4.99,5.0,9373600.0
2018-01-23 13:19:03.982000,5.0,4.99,5.0,9379000.0
2018-01-23 13:19:06.565000,5.0,4.99,5.0,9379000.0
2018-01-23 13:19:09.250000,5.0,4.99,5.0,9379000.0
2018-01-23 13:19:11.909000,5.0,4.99,5.0,9379000.0
2018-01-23 13:19:14.418000,5.0,4.99,5.0,9379000.0
2018-01-23 13:19:17.049000,5.0,4.99,5.0,9379000.0
2018-01-23 13:19:19.358000,5.0,4.99,5.0,9379000.0
2018-01-23 13:19:22.252000,5.0,4.99,5.0,9379000.0
2018-01-23 13:19:24.963000,5.0,4.99,5.0,9379000.0
2018-01-23 13:19:27.560000,5.0,4.99,5.0,9379000.0
2018-01-23 13:19:30.204000,5.0,4.99,5.0,9379000.0
2018-01-23 13:19:32.656000,5.0,4.99,5.0,9379000.0
2018-01-23 13:19:35.197000,5.0,4.99,5.0,9379000.0
2018-01-23 13:19:37.661000,5.0,4.99,5.0,9379000.0
2018-01-23 13:19:40.138000,5.0,4.99,5.0,9379000.0
2018-01-23 13:19:42.702000,5.0,4.99,5.0,9379000.0
2018-01-23 13:19:45.091000,5.0,4.99,5.0,9379000.0
2018-01-23 13:19:47.553000,5.0,4.99,5.0,9379000.0
2018-01-23 13:19:49.988000,5.0,4.99,5.0,9379000.0
2018-01-23 13:19:52.583000,5.0,4.99,5.0,9379000.0
2018-01-23 13:19:55.025000,5.0,4.99,5.0,9379000.0
2018-01-23 13:19:57.388000,5.0,4.99,5.0,9379000.0
2018-01-23 13:19:59.920000,5.0,4.99,5.0,9379000.0
2018-01-23 13:20:02.533000,5.0,4.99,5.0,9379000.0
2018-01-23 13:20:05.090000,5.0,4.99,5.0,9379000.0
2018-01-23 13:20:07.796000,5.0,4.99,5.0,9379000.0
2018-01-23 13:20:10.217000,5.0,4.99,5.0,9379000.0
2018-01-23 13:20:12.722000,5.0,4.99,5.0,9379000.0
2018-01-23 13:20:15.118000,5.0,4.99,5.0,9379000.0
2018-01-23 13:20:17.621000,5.0,4.99,5.0,9379000.0
2018-01-23 13:20:20.249000,5.0,4.99,5.0,9379000.0
2018-01-23 13:20:22.900000,5.0,4.99,5.0,9379000.0
2018-01-23 13:20:25.360000,5.0,4.99,5.0,9379000.0
2018-01-23 13:20:27.929000,5.0,4.99,5.0,9379000.0
2018-01-23 13:20:30.369000,5.0,4.99,5.0,9379000.0
2018-01-23 13:20:32.964000,5.0,4.99,5.0,9379000.0
2018-01-23 13:20:35.377000,5.0,4.99,5.0,9379000.0
2018-01-23 13:20:37.826000,5.0,4.99,5.0,9379000.0
2018-01-23 13:20:40.352000,5.0,4.99,5.0,9379000.0
2018-01-23 13:20:42.988000,5.0,4.99,5.0,9379000.0
2018-01-23 13:20:46.283000,5.0,4.99,5.0,9379000.0
2018-01-23 13:20:49.551000,5.0,4.99,5.0,9384100.0
2018-01-23 13:20:53.050000,5.0,4.99,5.0,9384100.0
2018-01-23 13:20:56.180000,5.0,4.99,5.0,9384100.0
2018-01-23 13:20:59.436000,5.0,4.99,5.0,9384100.0
2018-01-23 13:21:02.596000,5.0,4.99,5.0,9384100.0
2018-01-23 13:21:05.899000,5.0,4.99,5.0,9384100.0
2018-01-23 13:21:09.450000,5.0,4.99,5.0,9384100.0
2018-01-23 13:21:12.957000,5.0,4.99,5.0,9384100.0
2018-01-23 13:21:16.331000,5.0,4.99,5.0,9384100.0
2018-01-23 13:21:19.264000,5.0,4.99,5.0,9384100.0
2018-01-23 13:21:22.439000,5.0,4.99,5.0,9384100.0
2018-01-23 13:21:25.593000,5.0,4.99,5.0,9384100.0
2018-01-23 13:21:29.139000,5.0,4.99,5.0,9384100.0
2018-01-23 13:21:32.361000,5.0,4.99,5.0,9384100.0
2018-01-23 13:21:35.858000,5.0,4.99,5.0,9384100.0
2018-01-23 13:21:39.329000,5.0,4.99,5.0,9384100.0
2018-01-23 13:21:42.426000,5.0,4.99,5.0,9384100.0
2018-01-23 13:21:46.173000,5.0,4.99,5.0,9384100.0
2018-01-23 13:21:49.265000,5.0,4.99,5.0,9384100.0
2018-01-23 13:21:52.241000,5.0,4.99,5.0,9384100.0
2018-01-23 13:21:55.329000,5.0,4.99,5.0,9384100.0
2018-01-23 13:21:58.437000,5.0,4.99,5.0,9384100.0
2018-01-23 13:22:01.643000,5.0,4.99,5.0,9384100.0
2018-01-23 13:22:04.743000,5.0,4.99,5.0,9384100.0
2018-01-23 13:22:07.843000,5.0,4.99,5.0,9384100.0
2018-01-23 13:22:10.897000,5.0,4.99,5.0,9384100.0
2018-01-23 13:22:13.872000,5.0,4.99,5.0,9384100.0
2018-01-23 13:22:16.923000,5.0,4.99,5.0,9384100.0
2018-01-23 13:22:20.221000,5.0,4.99,5.0,9384100.0
2018-01-23 13:22:23.406000,5.0,4.99,5.0,9384100.0
2018-01-23 13:22:26.616000,5.0,4.99,5.0,9384100.0
2018-01-23 13:22:29.748000,5.0,4.99,5.0,9384100.0
2018-01-23 13:22:33.090000,5.0,4.99,5.0,9384100.0
2018-01-23 13:22:36.283000,5.0,4.99,5.0,9384100.0
2018-01-23 13:22:39.454000,5.0,4.99,5.0,9384100.0
2018-01-23 13:22:42.708000,5.0,4.99,5.0,9384100.0
2018-01-23 13:22:45.753000,5.0,4.99,5.0,9384100.0
2018-01-23 13:22:48.781000,5.0,4.99,5.0,9384100.0
2018-01-23 13:22:51.949000,5.0,4.99,5.0,9384100.0
2018-01-23 13:22:54.985000,5.0,4.99,5.0,9384100.0
2018-01-23 13:22:58.099000,5.0,4.99,5.0,9384100.0
2018-01-23 13:23:01.205000,5.0,4.99,5.0,9384100.0
2018-01-23 13:23:04.220000,5.0,4.99,5.0,9389100.0
2018-01-23 13:23:07.363000,5.0,4.99,5.0,9389100.0
2018-01-23 13:23:10.677000,5.0,4.99,5.0,9389100.0
2018-01-23 13:23:13.733000,5.0,4.99,5.0,9389100.0
2018-01-23 13:23:16.846000,5.0,4.99,5.0,9389100.0
2018-01-23 13:23:19.705000,5.0,4.99,5.0,9389100.0
2018-01-23 13:23:22.802000,5.0,4.99,5.0,9389100.0
2018-01-23 13:23:25.845000,5.0,4.99,5.0,9389100.0
2018-01-23 13:23:28.983000,5.0,4.99,5.0,9389100.0
2018-01-23 13:23:32.277000,5.0,4.99,5.0,9389100.0
2018-01-23 13:23:35.410000,5.0,4.99,5.0,9389100.0
2018-01-23 13:23:38.626000,5.0,4.99,5.0,9389100.0
2018-01-23 13:23:41.762000,5.0,4.99,5.0,9389100.0
2018-01-23 13:23:44.806000,5.0,4.99,5.0,9389100.0
2018-01-23 13:23:47.854000,5.0,4.99,5.0,9389100.0
2018-01-23 13:23:51.113000,5.0,4.99,5.0,9389100.0
2018-01-23 13:23:54.157000,5.0,4.99,5.0,9389100.0
2018-01-23 13:23:57.144000,5.0,4.99,5.0,9389100.0
2018-01-23 13:24:00.078000,5.0,4.99,5.0,9389100.0
2018-01-23 13:24:03.115000,5.0,4.99,5.0,9389100.0
2018-01-23 13:24:05.974000,5.0,4.99,5.0,9389100.0
2018-01-23 13:24:08.940000,5.0,4.99,5.0,9389100.0
2018-01-23 13:24:11.959000,5.0,4.99,5.0,9389100.0
2018-01-23 13:24:14.878000,5.0,4.99,5.0,9389100.0
2018-01-23 13:24:18.109000,5.0,4.99,5.0,9389100.0
2018-01-23 13:24:21.149000,5.0,4.99,5.0,9389100.0
2018-01-23 13:24:24.188000,5.0,4.99,5.0,9389100.0
2018-01-23 13:24:27.316000,5.0,4.99,5.0,9389100.0
2018-01-23 13:24:30.752000,5.0,4.99,5.0,9389100.0
2018-01-23 13:24:33.984000,5.0,4.99,5.0,9389100.0
2018-01-23 13:24:37.085000,5.0,4.99,5.0,9389100.0
2018-01-23 13:24:40.163000,5.0,4.99,5.0,9389100.0
2018-01-23 13:24:43.361000,5.0,4.99,5.0,9389100.0
2018-01-23 13:24:46.570000,5.0,4.99,5.0,9389100.0
2018-01-23 13:24:49.705000,5.0,4.99,5.0,9389100.0
2018-01-23 13:24:52.885000,5.0,4.99,5.0,9389100.0
2018-01-23 13:24:56.444000,5.0,4.99,5.0,9389100.0
2018-01-23 13:24:59.762000,5.0,4.99,5.0,9389100.0
2018-01-23 13:25:02.850000,5.0,4.99,5.0,9389100.0
2018-01-23 13:25:05.934000,5.0,4.99,5.0,9389100.0
2018-01-23 13:25:09.267000,5.0,4.99,5.0,9389100.0
2018-01-23 13:25:12.443000,5.0,4.99,5.0,9389100.0
2018-01-23 13:25:15.593000,5.0,4.99,5.0,9389100.0
2018-01-23 13:25:18.972000,5.0,4.99,5.0,9389100.0
2018-01-23 13:25:22.167000,5.0,4.99,5.0,9389100.0
2018-01-23 13:25:25.132000,5.0,4.99,5.0,9389100.0
2018-01-23 13:25:28.256000,5.0,4.99,5.0,9389100.0
2018-01-23 13:25:31.320000,5.0,4.99,5.0,9389100.0
2018-01-23 13:25:34.502000,5.0,4.99,5.0,9389100.0
2018-01-23 13:25:37.855000,5.0,4.99,5.0,9389100.0
2018-01-23 13:25:41.066000,5.0,4.99,5.0,9389100.0
2018-01-23 13:25:44.132000,5.0,4.99,5.0,9389100.0
2018-01-23 13:25:47.432000,5.0,4.99,5.0,9389100.0
2018-01-23 13:25:50.546000,5.0,4.99,5.0,9390100.0
2018-01-23 13:25:53.799000,5.0,4.99,5.0,9390100.0
2018-01-23 13:25:56.818000,5.0,4.99,5.0,9390100.0
2018-01-23 13:25:59.956000,5.0,4.99,5.0,9390100.0
2018-01-23 13:26:03.553000,5.0,4.99,5.0,9390100.0
2018-01-23 13:26:07.693000,5.0,4.99,5.0,9390100.0
2018-01-23 13:26:10.770000,5.0,4.99,5.0,9390100.0
2018-01-23 13:26:13.894000,5.0,4.99,5.0,9390100.0
2018-01-23 13:26:16.867000,5.0,4.99,5.0,9390100.0
2018-01-23 13:26:19.804000,5.0,4.99,5.0,9390100.0
2018-01-23 13:26:22.949000,5.0,4.99,5.0,9390100.0
2018-01-23 13:26:26.037000,5.0,4.99,5.0,9390100.0
2018-01-23 13:26:28.709000,5.0,4.99,5.0,9390100.0
2018-01-23 13:26:31.857000,5.0,4.99,5.0,9390100.0
2018-01-23 13:26:34.773000,5.0,4.99,5.0,9390100.0
2018-01-23 13:26:38.122000,5.0,4.99,5.0,9390100.0
2018-01-23 13:26:43.692000,5.0,4.99,5.0,9390100.0
2018-01-23 13:26:53.183000,5.0,4.99,5.0,9390100.0
2018-01-23 13:26:56.554000,5.0,4.99,5.0,9390100.0
2018-01-23 13:26:59.634000,5.0,4.99,5.0,9390100.0
2018-01-23 13:27:02.729000,5.0,4.99,5.0,9390100.0
2018-01-23 13:27:05.812000,5.0,4.99,5.0,9390100.0
2018-01-23 13:27:08.896000,5.0,4.99,5.0,9390100.0
2018-01-23 13:27:19.052000,5.0,4.99,5.0,9390100.0
2018-01-23 13:27:28.387000,5.0,4.99,5.0,9390100.0
2018-01-23 13:27:34.193000,5.0,4.99,5.0,9400100.0
2018-01-23 13:27:42.575000,5.0,4.99,5.0,9400100.0
2018-01-23 13:27:49.698000,5.0,4.99,5.0,9400100.0
2018-01-23 13:27:55.462000,5.0,4.99,5.0,9400100.0
2018-01-23 13:28:01.494000,5.0,4.99,5.0,9400100.0
2018-01-23 13:28:06.566000,5.0,4.99,5.0,9400100.0
2018-01-23 13:28:16.926000,5.0,4.99,5.0,9400100.0
2018-01-23 13:28:20.432000,5.0,4.99,5.0,9400100.0
2018-01-23 13:28:23.185000,5.0,4.99,5.0,9400100.0
2018-01-23 13:28:26.277000,5.0,4.99,5.01,9412100.0
2018-01-23 13:28:29.148000,5.0,4.99,5.01,9412100.0
2018-01-23 13:28:32.035000,5.0,4.99,5.01,9412100.0
2018-01-23 13:28:35.556000,5.0,4.99,5.01,9412100.0
2018-01-23 13:28:38.512000,5.0,4.99,5.01,9412100.0
2018-01-23 13:28:41.640000,5.0,4.99,5.01,9412100.0
2018-01-23 13:28:44.689000,5.0,4.99,5.01,9412100.0
2018-01-23 13:28:47.821000,5.0,4.99,5.01,9412100.0
2018-01-23 13:28:50.558000,5.0,4.99,5.01,9422100.0
2018-01-23 13:28:53.342000,5.0,4.99,5.01,9422100.0
2018-01-23 13:28:56.174000,5.0,4.99,5.01,9422100.0
2018-01-23 13:28:59.133000,5.0,4.99,5.01,9422100.0
2018-01-23 13:29:02.480000,5.0,4.99,5.01,9422100.0
2018-01-23 13:29:05.404000,5.0,4.99,5.01,9422100.0
2018-01-23 13:29:08.308000,5.0,4.99,5.01,9422100.0
2018-01-23 13:29:11.293000,5.0,4.99,5.01,9422100.0
2018-01-23 13:29:14.249000,5.0,4.99,5.01,9436600.0
2018-01-23 13:29:17.254000,5.0,4.99,5.01,9436600.0
2018-01-23 13:29:19.965000,5.0,4.99,5.01,9436600.0
2018-01-23 13:29:22.859000,5.0,4.99,5.01,9436600.0
2018-01-23 13:29:25.714000,5.0,4.99,5.01,9436600.0
2018-01-23 13:29:28.632000,5.0,4.99,5.01,9436600.0
2018-01-23 13:29:31.497000,5.0,4.99,5.01,9436600.0
2018-01-23 13:29:34.773000,5.0,4.99,5.0,9436600.0
2018-01-23 13:29:37.981000,5.0,4.99,5.0,9436600.0
2018-01-23 13:29:40.715000,5.0,4.99,5.0,9436600.0
2018-01-23 13:29:43.423000,5.0,4.99,5.0,9436600.0
2018-01-23 13:29:46.438000,5.0,4.99,5.0,9436600.0
2018-01-23 13:29:50.853000,5.0,4.99,5.0,9436600.0
2018-01-23 13:29:53.757000,5.0,4.99,5.0,9436600.0
2018-01-23 13:29:56.731000,5.0,4.99,5.0,9436600.0
2018-01-23 13:29:59.641000,5.0,4.99,5.0,9436600.0
2018-01-23 13:30:02.488000,5.0,4.99,5.0,9436600.0
2018-01-23 13:30:05.292000,5.0,4.99,5.0,9436600.0
2018-01-23 13:30:08.091000,5.0,4.99,5.0,9436600.0
2018-01-23 13:30:10.798000,5.0,4.99,5.0,9436600.0
2018-01-23 13:30:14.634000,5.0,4.99,5.0,9436600.0
2018-01-23 13:30:17.575000,5.0,4.99,5.0,9436600.0
2018-01-23 13:30:20.328000,5.0,4.99,5.0,9436600.0
2018-01-23 13:30:23.331000,5.0,4.99,5.0,9436600.0
2018-01-23 13:30:26.553000,5.0,4.99,5.0,9436600.0
2018-01-23 13:30:29.763000,5.0,4.99,5.0,9436600.0
2018-01-23 13:30:32.869000,5.0,4.99,5.0,9436600.0
2018-01-23 13:30:35.918000,5.0,4.99,5.0,9436600.0
2018-01-23 13:30:39.057000,5.0,4.99,5.0,9436600.0
2018-01-23 13:30:42.453000,5.0,4.99,5.0,9436600.0
2018-01-23 13:30:45.513000,5.0,4.99,5.0,9436600.0
2018-01-23 13:30:48.901000,5.0,4.99,5.0,9436600.0
2018-01-23 13:30:51.991000,5.0,4.99,5.01,9450600.0
2018-01-23 13:30:55.154000,5.0,4.99,5.01,9450600.0
2018-01-23 13:30:58.173000,5.0,4.99,5.01,9450600.0
2018-01-23 13:31:01.312000,5.0,4.99,5.01,9450600.0
2018-01-23 13:31:04.300000,5.0,4.99,5.01,9450600.0
2018-01-23 13:31:07.638000,5.0,4.99,5.01,9450600.0
2018-01-23 13:31:10.981000,5.0,4.99,5.01,9450600.0
2018-01-23 13:31:14.326000,5.0,4.99,5.01,9450600.0
2018-01-23 13:31:17.845000,5.0,4.99,5.01,9450600.0
2018-01-23 13:31:21.141000,5.0,4.99,5.01,9450600.0
2018-01-23 13:31:24.447000,5.0,5.0,5.01,9450600.0
2018-01-23 13:31:28.067000,5.0,5.0,5.01,9450600.0
2018-01-23 13:31:31.020000,5.0,5.0,5.01,9450600.0
2018-01-23 13:31:34.479000,5.0,5.0,5.01,9450600.0
2018-01-23 13:31:37.797000,5.0,5.0,5.01,9450600.0
2018-01-23 13:31:40.784000,5.0,5.0,5.01,9450600.0
2018-01-23 13:31:43.846000,5.0,5.0,5.01,9450600.0
2018-01-23 13:31:46.888000,5.0,5.0,5.01,9450600.0
2018-01-23 13:31:49.912000,5.0,5.0,5.01,9450600.0
2018-01-23 13:31:52.962000,5.0,5.0,5.01,9450600.0
2018-01-23 13:31:56.111000,5.0,5.0,5.01,9450600.0
2018-01-23 13:31:59.057000,5.0,5.0,5.01,9450600.0
2018-01-23 13:32:02.108000,5.0,5.0,5.01,9450600.0
2018-01-23 13:32:05.215000,5.0,5.0,5.01,9450600.0
2018-01-23 13:32:08.346000,5.0,5.0,5.01,9450600.0
2018-01-23 13:32:11.984000,5.0,5.0,5.01,9450600.0
2018-01-23 13:32:15.076000,5.0,5.0,5.01,9450600.0
2018-01-23 13:32:18.079000,5.0,5.0,5.01,9450600.0
2018-01-23 13:32:21.105000,5.0,5.0,5.01,9450600.0
2018-01-23 13:32:24.011000,5.0,5.0,5.01,9450600.0
2018-01-23 13:32:26.898000,5.0,5.0,5.01,9450600.0
2018-01-23 13:32:29.921000,5.0,5.0,5.01,9450600.0
2018-01-23 13:32:32.864000,5.0,5.0,5.01,9450600.0
2018-01-23 13:32:35.828000,5.0,5.0,5.01,9450600.0
2018-01-23 13:32:39.044000,5.0,5.0,5.01,9450600.0
2018-01-23 13:32:42.391000,5.0,5.0,5.01,9450600.0
2018-01-23 13:32:45.433000,5.0,5.0,5.01,9450600.0
2018-01-23 13:32:48.609000,5.0,5.0,5.01,9450600.0
2018-01-23 13:32:52.056000,5.0,5.0,5.01,9450600.0
2018-01-23 13:32:55.249000,5.0,5.0,5.01,9450600.0
2018-01-23 13:32:58.316000,5.0,5.0,5.01,9450600.0
2018-01-23 13:33:01.298000,5.0,5.0,5.01,9450600.0
2018-01-23 13:33:04.311000,5.0,5.0,5.01,9450600.0
2018-01-23 13:33:07.861000,5.0,5.0,5.01,9450600.0
2018-01-23 13:33:10.939000,5.0,5.0,5.01,9506600.0
2018-01-23 13:33:14.141000,5.0,5.0,5.01,9506600.0
2018-01-23 13:33:17.104000,5.0,5.0,5.01,9506600.0
2018-01-23 13:33:20.470000,5.0,5.0,5.01,9506600.0
2018-01-23 13:33:23.552000,5.0,5.0,5.01,9506600.0
2018-01-23 13:33:26.720000,5.0,5.0,5.01,9506600.0
2018-01-23 13:33:29.702000,5.0,5.0,5.01,9506600.0
2018-01-23 13:33:32.658000,5.0,5.0,5.01,9506600.0
2018-01-23 13:33:35.718000,5.0,5.0,5.01,9506600.0
2018-01-23 13:33:38.784000,5.0,5.0,5.01,9506600.0
2018-01-23 13:33:42.078000,5.0,5.0,5.01,9506600.0
2018-01-23 13:33:45.217000,5.0,5.0,5.01,9506600.0
2018-01-23 13:33:48.095000,5.0,5.0,5.01,9506600.0
2018-01-23 13:33:51.237000,5.0,5.0,5.01,9506600.0
2018-01-23 13:33:54.296000,5.0,5.0,5.01,9506600.0
2018-01-23 13:33:57.362000,5.0,5.0,5.01,9506600.0
2018-01-23 13:34:00.237000,5.0,5.0,5.01,9506600.0
2018-01-23 13:34:03.273000,5.0,5.0,5.01,9506600.0
2018-01-23 13:34:06.562000,5.0,4.99,5.01,9514600.0
2018-01-23 13:34:09.685000,5.0,4.99,5.01,9514600.0
2018-01-23 13:34:12.923000,5.0,4.99,5.01,9514600.0
2018-01-23 13:34:15.952000,5.0,4.99,5.01,9514600.0
2018-01-23 13:34:18.876000,5.0,4.99,5.01,9514600.0
2018-01-23 13:34:22.019000,5.0,4.99,5.01,9514600.0
2018-01-23 13:34:24.984000,5.0,4.99,5.01,9514600.0
2018-01-23 13:34:28.049000,5.0,4.99,5.01,9514600.0
2018-01-23 13:34:30.987000,5.0,4.99,5.01,9514600.0
2018-01-23 13:34:34.092000,5.0,4.99,5.01,9514600.0
2018-01-23 13:34:37.046000,5.0,4.99,5.01,9514600.0
2018-01-23 13:34:40.093000,5.0,4.99,5.01,9514600.0
2018-01-23 13:34:43.066000,5.0,4.99,5.01,9514600.0
2018-01-23 13:34:46.192000,5.0,4.99,5.01,9514600.0
2018-01-23 13:34:49.312000,5.0,4.99,5.01,9514600.0
2018-01-23 13:34:52.316000,5.0,4.99,5.01,9514600.0
2018-01-23 13:34:55.197000,5.0,4.99,5.01,9514600.0
2018-01-23 13:34:58.259000,5.0,4.99,5.01,9514600.0
2018-01-23 13:35:01.286000,5.0,4.99,5.01,9817600.0
2018-01-23 13:35:04.563000,5.0,4.99,5.01,9817600.0
2018-01-23 13:35:08.035000,5.0,4.99,5.01,9817600.0
2018-01-23 13:35:11.078000,5.0,4.99,5.01,9817600.0
2018-01-23 13:35:13.943000,5.0,4.99,5.01,9817600.0
2018-01-23 13:35:17.337000,5.0,4.99,5.01,9817600.0
2018-01-23 13:35:20.642000,5.0,4.99,5.01,9817600.0
2018-01-23 13:35:23.693000,5.0,4.99,5.01,9817600.0
2018-01-23 13:35:26.753000,5.0,4.99,5.01,9817600.0
2018-01-23 13:35:29.909000,5.0,4.99,5.01,9817600.0
2018-01-23 13:35:33.135000,5.0,4.99,5.01,9817600.0
2018-01-23 13:35:36.238000,5.0,4.99,5.01,9817600.0
2018-01-23 13:35:39.282000,5.0,4.99,5.01,9817600.0
2018-01-23 13:35:42.511000,5.0,4.99,5.01,9817600.0
2018-01-23 13:35:45.594000,5.0,4.99,5.01,9817600.0
2018-01-23 13:35:48.754000,5.0,4.99,5.01,9817600.0
2018-01-23 13:35:51.876000,5.0,4.99,5.01,9817600.0
2018-01-23 13:35:54.751000,5.0,4.99,5.01,9817600.0
2018-01-23 13:35:57.755000,5.0,4.99,5.01,9817600.0
2018-01-23 13:36:00.847000,5.0,4.99,5.01,9817600.0
2018-01-23 13:36:03.834000,5.0,4.99,5.01,9817600.0
2018-01-23 13:36:06.753000,5.0,4.99,5.01,9817600.0
2018-01-23 13:36:09.752000,5.0,4.99,5.01,9817600.0
2018-01-23 13:36:14.150000,5.0,4.99,5.01,9817600.0
2018-01-23 13:36:17.304000,5.0,4.99,5.01,9817600.0
2018-01-23 13:36:20.332000,5.0,4.99,5.01,9817600.0
2018-01-23 13:36:23.367000,5.0,4.99,5.01,9817600.0
2018-01-23 13:36:26.365000,5.0,4.99,5.01,9817600.0
2018-01-23 13:36:29.705000,5.0,4.99,5.01,9817600.0
2018-01-23 13:36:32.793000,5.0,4.99,5.01,9817600.0
2018-01-23 13:36:35.815000,5.0,4.99,5.01,9817600.0
2018-01-23 13:36:39.093000,5.0,4.99,5.01,9817600.0
2018-01-23 13:36:42.283000,5.0,4.99,5.01,9817600.0
2018-01-23 13:36:45.330000,5.0,4.99,5.01,9817600.0
2018-01-23 13:36:48.375000,5.0,4.99,5.01,9817600.0
2018-01-23 13:36:51.235000,5.0,4.99,5.01,9817600.0
2018-01-23 13:36:54.061000,5.0,4.99,5.01,9817600.0
2018-01-23 13:36:56.765000,5.0,4.99,5.01,9817600.0
2018-01-23 13:36:59.489000,5.01,5.0,5.01,9905500.0
2018-01-23 13:37:02.121000,5.01,5.0,5.01,9905500.0
2018-01-23 13:37:04.911000,5.01,5.0,5.01,9905500.0
2018-01-23 13:37:07.952000,5.01,5.0,5.01,9905500.0
2018-01-23 13:37:10.557000,5.01,5.0,5.01,9905500.0
2018-01-23 13:37:13.125000,5.01,5.0,5.01,9905500.0
2018-01-23 13:37:15.864000,5.01,5.0,5.01,9905500.0
2018-01-23 13:37:18.821000,,,,
2018-01-23 13:37:21.957000,5.01,5.0,5.01,9905500.0
2018-01-23 13:37:25.021000,5.01,5.0,5.01,9905500.0
2018-01-23 13:37:28.076000,5.01,5.0,5.01,9905500.0
2018-01-23 13:37:31.070000,5.01,5.0,5.01,9905500.0
2018-01-23 13:37:34.373000,5.01,5.0,5.01,9905500.0
2018-01-23 13:37:37.446000,5.01,5.0,5.01,9905500.0
2018-01-23 13:37:40.397000,5.01,5.0,5.01,9905500.0
2018-01-23 13:37:43.594000,5.01,5.0,5.01,9905500.0
2018-01-23 13:37:46.507000,5.01,5.0,5.01,9905500.0
2018-01-23 13:37:49.490000,5.01,5.0,5.01,9905500.0
2018-01-23 13:37:52.361000,5.01,5.0,5.01,9905500.0
2018-01-23 13:37:55.306000,5.01,5.0,5.01,9905500.0
2018-01-23 13:37:58.322000,5.01,5.0,5.01,9905500.0
2018-01-23 13:38:01.292000,5.01,5.0,5.01,9925500.0
2018-01-23 13:38:04.343000,5.01,5.0,5.01,9925500.0
2018-01-23 13:38:07.248000,5.01,5.0,5.01,9925500.0
2018-01-23 13:38:10.211000,5.01,5.0,5.01,9925500.0
2018-01-23 13:38:13.322000,5.01,5.0,5.01,9925500.0
2018-01-23 13:38:16.369000,5.01,5.0,5.01,9925500.0
2018-01-23 13:38:19.466000,5.01,5.0,5.01,9925500.0
2018-01-23 13:38:22.290000,5.01,5.0,5.01,9925500.0
2018-01-23 13:38:25.289000,5.01,5.0,5.01,9925500.0
2018-01-23 13:38:28.241000,5.01,5.0,5.01,9925500.0
2018-01-23 13:38:31.446000,5.01,5.0,5.01,9925500.0
2018-01-23 13:38:34.483000,5.01,5.0,5.01,9925500.0
2018-01-23 13:38:37.338000,5.01,5.0,5.01,9925500.0
2018-01-23 13:38:40.266000,5.01,5.0,5.01,9925500.0
2018-01-23 13:38:43.255000,5.01,5.0,5.01,9925500.0
2018-01-23 13:38:46.137000,5.01,5.0,5.01,9925500.0
2018-01-23 13:38:49.091000,5.01,5.0,5.01,10538800.0
2018-01-23 13:38:52.121000,5.01,5.0,5.01,10538800.0
2018-01-23 13:38:55.068000,5.01,5.0,5.01,10538800.0
2018-01-23 13:38:57.971000,5.01,5.0,5.01,10538800.0
2018-01-23 13:39:00.966000,5.01,5.0,5.01,10538800.0
2018-01-23 13:39:04.095000,5.01,5.0,5.01,10538800.0
2018-01-23 13:39:07.058000,5.01,5.0,5.01,10538800.0
2018-01-23 13:39:10.007000,5.01,5.0,5.01,10538800.0
2018-01-23 13:39:12.808000,5.01,5.0,5.01,10538800.0
2018-01-23 13:39:15.866000,5.01,5.0,5.01,10538800.0
2018-01-23 13:39:18.857000,5.01,5.0,5.02,10538800.0
2018-01-23 13:39:21.831000,5.01,5.0,5.02,10538800.0
2018-01-23 13:39:24.743000,5.01,5.0,5.02,10538800.0
2018-01-23 13:39:27.746000,5.01,5.0,5.02,10538800.0
2018-01-23 13:39:30.852000,5.01,5.0,5.02,10538800.0
2018-01-23 13:39:33.809000,5.01,5.0,5.02,10538800.0
2018-01-23 13:39:36.840000,5.01,5.0,5.02,10538800.0
2018-01-23 13:39:39.787000,5.01,5.0,5.02,10538800.0
2018-01-23 13:39:42.760000,5.01,5.0,5.02,10538800.0
2018-01-23 13:39:45.793000,5.01,5.0,5.02,10538800.0
2018-01-23 13:39:48.734000,5.01,5.0,5.02,10538800.0
2018-01-23 13:39:51.762000,5.01,5.0,5.02,10538800.0
2018-01-23 13:39:54.758000,5.01,5.0,5.02,10538800.0
2018-01-23 13:39:57.923000,5.01,5.0,5.02,10538800.0
2018-01-23 13:40:00.821000,5.01,5.0,5.02,10538800.0
2018-01-23 13:40:03.730000,5.01,5.0,5.02,10538800.0
2018-01-23 13:40:06.728000,5.01,5.0,5.02,10538800.0
2018-01-23 13:40:09.789000,5.01,5.0,5.02,10538800.0
2018-01-23 13:40:13.033000,5.01,5.0,5.02,10538800.0
2018-01-23 13:40:16.042000,5.01,5.0,5.02,10538800.0
2018-01-23 13:40:19.166000,5.01,5.0,5.02,10538800.0
2018-01-23 13:40:22.088000,5.01,5.0,5.02,10539300.0
2018-01-23 13:40:25.025000,5.01,5.0,5.02,10539300.0
2018-01-23 13:40:28.180000,5.01,5.0,5.02,10539300.0
2018-01-23 13:40:30.995000,5.01,5.0,5.02,10539300.0
2018-01-23 13:40:33.904000,5.01,5.0,5.02,10539300.0
2018-01-23 13:40:36.996000,5.01,5.0,5.02,10539300.0
2018-01-23 13:40:39.995000,5.01,5.0,5.02,10539300.0
2018-01-23 13:40:42.967000,5.01,5.0,5.02,10539300.0
2018-01-23 13:40:45.964000,5.01,5.0,5.02,10539300.0
2018-01-23 13:40:48.866000,5.01,5.0,5.02,10539300.0
2018-01-23 13:40:51.811000,5.01,5.0,5.02,10539300.0
2018-01-23 13:40:54.641000,5.01,5.0,5.02,10539300.0
2018-01-23 13:40:57.743000,5.01,5.0,5.02,10539300.0
2018-01-23 13:41:01.046000,5.01,5.0,5.02,10539300.0
2018-01-23 13:41:04.001000,5.01,5.0,5.02,10539300.0
2018-01-23 13:41:06.998000,5.01,5.0,5.02,10539300.0
2018-01-23 13:41:09.902000,5.01,5.0,5.02,10539300.0
2018-01-23 13:41:12.718000,5.01,5.0,5.02,10539300.0
2018-01-23 13:41:15.574000,5.01,5.0,5.02,10539300.0
2018-01-23 13:41:18.462000,5.01,5.0,5.02,10539300.0
2018-01-23 13:41:21.408000,5.01,5.0,5.02,10539300.0
2018-01-23 13:41:24.216000,5.01,5.0,5.02,10539300.0
2018-01-23 13:41:27.046000,5.01,5.0,5.02,10539300.0
2018-01-23 13:41:29.886000,5.01,5.0,5.02,10539300.0
2018-01-23 13:41:32.861000,5.01,5.0,5.02,10539300.0
2018-01-23 13:41:35.777000,5.01,5.0,5.02,10539300.0
2018-01-23 13:41:38.983000,5.01,5.0,5.02,10539300.0
2018-01-23 13:41:42.063000,5.01,5.0,5.02,10539300.0
2018-01-23 13:41:45.197000,5.01,5.01,5.02,10541300.0
2018-01-23 13:41:48.216000,5.01,5.01,5.02,10541300.0
2018-01-23 13:41:51.295000,5.01,5.01,5.02,10541300.0
2018-01-23 13:41:54.204000,5.01,5.01,5.02,10541300.0
2018-01-23 13:41:57.217000,5.01,5.01,5.02,10541300.0
2018-01-23 13:42:00.327000,5.01,5.01,5.02,10541300.0
2018-01-23 13:42:03.103000,5.01,5.01,5.02,10541300.0
2018-01-23 13:42:06.076000,5.01,5.01,5.02,10541300.0
2018-01-23 13:42:08.938000,5.01,5.01,5.02,10541300.0
2018-01-23 13:42:12.014000,5.01,5.01,5.02,10541300.0
2018-01-23 13:42:14.872000,5.01,5.01,5.02,10541300.0
2018-01-23 13:42:17.906000,5.01,5.01,5.02,10541300.0
2018-01-23 13:42:20.937000,5.01,5.01,5.02,10541300.0
2018-01-23 13:42:23.971000,5.01,5.01,5.02,10541300.0
2018-01-23 13:42:27.140000,5.01,5.01,5.02,10541300.0
2018-01-23 13:42:30.026000,5.01,5.01,5.02,10541300.0
2018-01-23 13:42:33.057000,5.01,5.01,5.02,10541300.0
2018-01-23 13:42:36.080000,5.01,5.01,5.02,10541300.0
2018-01-23 13:42:38.973000,5.01,5.01,5.02,10541300.0
2018-01-23 13:42:42.375000,5.01,5.01,5.02,10541300.0
2018-01-23 13:42:45.450000,5.01,5.01,5.02,10541300.0
2018-01-23 13:42:48.548000,5.01,5.01,5.02,10541300.0
2018-01-23 13:42:51.460000,5.01,5.01,5.02,10541300.0
2018-01-23 13:42:54.432000,5.01,5.01,5.02,10541300.0
2018-01-23 13:42:57.388000,5.01,5.01,5.02,10541300.0
2018-01-23 13:43:00.460000,5.01,5.01,5.02,10541300.0
2018-01-23 13:43:03.295000,5.01,5.01,5.02,10541300.0
2018-01-23 13:43:06.450000,5.01,5.01,5.02,10541300.0
2018-01-23 13:43:09.454000,5.01,5.01,5.02,10541300.0
2018-01-23 13:43:12.932000,5.01,5.01,5.02,10541300.0
2018-01-23 13:43:16.111000,5.01,5.01,5.02,10541300.0
2018-01-23 13:43:19.116000,5.01,5.01,5.02,10541300.0
2018-01-23 13:43:22.127000,5.01,5.01,5.02,10541300.0
2018-01-23 13:43:25.126000,5.01,5.01,5.02,10541300.0
2018-01-23 13:43:28.192000,5.01,5.01,5.02,10541300.0
2018-01-23 13:43:31.110000,5.01,5.01,5.02,10541300.0
2018-01-23 13:43:33.973000,5.01,5.01,5.02,10541300.0
2018-01-23 13:43:36.924000,5.01,5.01,5.02,10541300.0
2018-01-23 13:43:39.876000,5.01,5.01,5.02,10541300.0
2018-01-23 13:43:42.771000,5.01,5.01,5.02,10541300.0
2018-01-23 13:43:45.768000,5.01,5.01,5.02,10541300.0
2018-01-23 13:43:48.740000,5.01,5.01,5.02,10541300.0
2018-01-23 13:43:51.516000,5.01,5.01,5.02,10541300.0
2018-01-23 13:43:54.473000,5.01,5.01,5.02,10541300.0
2018-01-23 13:43:57.549000,5.01,5.01,5.02,10541300.0
2018-01-23 13:44:00.516000,5.01,5.01,5.02,10541300.0
2018-01-23 13:44:03.509000,5.01,5.01,5.02,10541300.0
2018-01-23 13:44:06.326000,5.01,5.01,5.02,10541300.0
2018-01-23 13:44:09.205000,5.01,5.01,5.02,10541300.0
2018-01-23 13:44:12.501000,5.01,5.01,5.02,10541300.0
2018-01-23 13:44:15.531000,5.01,5.01,5.02,10541300.0
2018-01-23 13:44:18.456000,5.01,5.01,5.02,10541300.0
2018-01-23 13:44:21.502000,5.01,5.01,5.02,10541300.0
2018-01-23 13:44:24.568000,5.01,5.01,5.02,10541300.0
2018-01-23 13:44:27.627000,5.01,5.01,5.02,10541300.0
2018-01-23 13:44:30.611000,5.01,5.01,5.02,10541300.0
2018-01-23 13:44:33.661000,5.01,5.01,5.02,10541300.0
2018-01-23 13:44:36.658000,5.01,5.01,5.02,10541300.0
2018-01-23 13:44:39.649000,5.01,5.01,5.02,10541300.0
2018-01-23 13:44:42.629000,5.01,5.01,5.02,10541300.0
2018-01-23 13:44:45.422000,5.01,5.01,5.02,10541300.0
2018-01-23 13:44:48.582000,5.01,5.01,5.02,10541300.0
2018-01-23 13:44:51.623000,5.01,5.01,5.02,10541300.0
2018-01-23 13:44:54.627000,5.01,5.01,5.02,10541300.0
2018-01-23 13:44:57.692000,5.01,5.01,5.02,10541300.0
2018-01-23 13:45:00.938000,5.01,5.01,5.02,10541300.0
2018-01-23 13:45:03.907000,5.01,5.01,5.02,10541300.0
2018-01-23 13:45:06.848000,5.01,5.01,5.02,10541300.0
2018-01-23 13:45:09.939000,5.01,5.01,5.02,10541300.0
2018-01-23 13:45:12.754000,5.01,5.01,5.02,10541300.0
2018-01-23 13:45:15.687000,5.01,5.01,5.02,10541300.0
2018-01-23 13:45:19.050000,5.01,5.01,5.02,10541300.0
2018-01-23 13:45:22.409000,5.01,5.01,5.02,10541300.0
2018-01-23 13:45:25.470000,5.01,5.01,5.02,10541300.0
2018-01-23 13:45:28.403000,5.01,5.01,5.02,10541300.0
2018-01-23 13:45:31.471000,5.01,5.01,5.02,10541300.0
2018-01-23 13:45:34.408000,5.01,5.01,5.02,10541300.0
2018-01-23 13:45:37.430000,5.01,5.01,5.02,10541300.0
2018-01-23 13:45:40.408000,5.01,5.01,5.02,10541300.0
2018-01-23 13:45:43.536000,5.01,5.01,5.02,10541300.0
2018-01-23 13:45:46.500000,5.01,5.01,5.02,10541300.0
2018-01-23 13:45:49.599000,5.02,5.01,5.02,10546500.0
2018-01-23 13:45:52.601000,5.02,5.01,5.02,10546500.0
2018-01-23 13:45:55.659000,5.02,5.01,5.02,10546500.0
2018-01-23 13:45:58.682000,5.02,5.01,5.02,10546500.0
2018-01-23 13:46:01.676000,5.02,5.01,5.02,10546500.0
2018-01-23 13:46:04.586000,5.02,5.01,5.02,10546500.0
2018-01-23 13:46:07.535000,5.02,5.01,5.02,10546500.0
2018-01-23 13:46:11.049000,5.02,5.01,5.02,10546500.0
2018-01-23 13:46:13.868000,5.02,5.01,5.02,10546500.0
2018-01-23 13:46:16.866000,5.02,5.01,5.02,10546500.0
2018-01-23 13:46:19.901000,5.02,5.01,5.02,10546500.0
2018-01-23 13:46:22.836000,5.02,5.01,5.03,11099000.0
2018-01-23 13:46:25.924000,5.02,5.01,5.03,11099000.0
2018-01-23 13:46:28.922000,5.02,5.01,5.03,11099000.0
2018-01-23 13:46:31.896000,5.02,5.01,5.03,11099000.0
2018-01-23 13:46:34.900000,5.02,5.01,5.03,11099000.0
2018-01-23 13:46:37.928000,5.02,5.01,5.03,11099000.0
2018-01-23 13:46:40.986000,5.02,5.01,5.03,11099000.0
2018-01-23 13:46:44.020000,5.02,5.01,5.03,11099000.0
2018-01-23 13:46:47.034000,5.02,5.01,5.03,11099000.0
2018-01-23 13:46:49.926000,5.02,5.01,5.03,11119000.0
2018-01-23 13:46:52.868000,5.02,5.01,5.03,11119000.0
2018-01-23 13:46:55.895000,5.02,5.01,5.03,11119000.0
2018-01-23 13:46:59.014000,5.02,5.01,5.03,11119000.0
2018-01-23 13:47:01.941000,5.02,5.01,5.03,11119000.0
2018-01-23 13:47:04.961000,5.02,5.01,5.02,11119000.0
2018-01-23 13:47:07.921000,5.02,5.01,5.02,11119000.0
2018-01-23 13:47:10.803000,5.02,5.01,5.02,11119000.0
2018-01-23 13:47:13.744000,5.02,5.01,5.02,11119000.0
2018-01-23 13:47:17.100000,5.02,5.01,5.02,11119000.0
2018-01-23 13:47:20.224000,5.02,5.01,5.02,11119000.0
2018-01-23 13:47:23.335000,5.02,5.01,5.02,11119000.0
2018-01-23 13:47:26.348000,5.02,5.01,5.02,11119000.0
2018-01-23 13:47:29.320000,5.02,5.01,5.02,11119000.0
2018-01-23 13:47:32.256000,5.02,5.01,5.02,11119000.0
2018-01-23 13:47:36.349000,5.02,5.01,5.02,11119000.0
2018-01-23 13:47:39.387000,5.02,5.01,5.02,11119000.0
2018-01-23 13:47:42.383000,5.02,5.01,5.02,11119000.0
2018-01-23 13:47:46.114000,5.02,5.01,5.02,11119000.0
2018-01-23 13:47:49.347000,5.02,5.01,5.02,11119000.0
2018-01-23 13:47:52.802000,5.02,5.01,5.02,11119000.0
2018-01-23 13:47:55.849000,5.02,5.01,5.02,11119000.0
2018-01-23 13:47:58.988000,5.02,5.01,5.02,11119000.0
2018-01-23 13:48:01.961000,5.02,5.01,5.02,11119000.0
2018-01-23 13:48:04.812000,5.02,5.01,5.02,11119000.0
2018-01-23 13:48:07.899000,5.02,5.01,5.02,11119000.0
2018-01-23 13:48:10.960000,5.02,5.01,5.02,11119000.0
2018-01-23 13:48:14.229000,5.02,5.01,5.02,11119000.0
2018-01-23 13:48:17.427000,5.02,5.01,5.02,11119000.0
2018-01-23 13:48:20.458000,5.02,5.01,5.02,11119000.0
2018-01-23 13:48:23.665000,5.02,5.01,5.02,11119000.0
2018-01-23 13:48:26.758000,5.02,5.01,5.02,11119000.0
2018-01-23 13:48:29.830000,5.02,5.01,5.02,11119000.0
2018-01-23 13:48:33.027000,5.02,5.01,5.02,11119000.0
2018-01-23 13:48:35.975000,5.02,5.01,5.02,11119000.0
2018-01-23 13:48:39.072000,5.02,5.01,5.02,11119000.0
2018-01-23 13:48:42.101000,5.02,5.01,5.02,11119000.0
2018-01-23 13:48:45.160000,5.02,5.01,5.02,11119000.0
2018-01-23 13:48:48.149000,5.02,5.01,5.02,11119000.0
2018-01-23 13:48:51.026000,5.02,5.01,5.02,11119000.0
2018-01-23 13:48:53.983000,5.02,5.01,5.02,11119000.0
2018-01-23 13:48:56.914000,5.02,5.01,5.02,11119000.0
2018-01-23 13:48:59.980000,5.02,5.01,5.02,11119000.0
2018-01-23 13:49:03.259000,5.02,5.01,5.02,11119000.0
2018-01-23 13:49:06.304000,5.02,5.01,5.02,11119000.0
2018-01-23 13:49:09.310000,,,,
2018-01-23 13:49:12.242000,5.02,5.01,5.02,11119000.0
2018-01-23 13:49:15.151000,5.02,5.01,5.02,11119000.0
2018-01-23 13:49:18.289000,5.02,5.01,5.02,11119000.0
2018-01-23 13:49:21.099000,5.02,5.01,5.02,11119000.0
2018-01-23 13:49:24.252000,5.02,5.01,5.02,11119000.0
2018-01-23 13:49:27.216000,5.02,5.01,5.02,11119000.0
2018-01-23 13:49:30.227000,5.02,5.01,5.02,11119000.0
2018-01-23 13:49:33.292000,5.02,5.01,5.02,11119000.0
2018-01-23 13:49:36.547000,5.02,5.01,5.02,11119000.0
2018-01-23 13:49:39.582000,5.02,5.01,5.02,11119000.0
2018-01-23 13:49:42.572000,5.02,5.01,5.02,11119000.0
2018-01-23 13:49:45.697000,5.02,5.01,5.02,11119000.0
2018-01-23 13:49:48.732000,5.02,5.01,5.02,11119000.0
2018-01-23 13:49:51.694000,5.02,5.01,5.02,11119000.0
2018-01-23 13:49:54.579000,5.02,5.01,5.02,11119000.0
2018-01-23 13:49:57.523000,5.02,5.01,5.02,11119000.0
2018-01-23 13:50:00.961000,5.02,5.01,5.02,11119000.0
2018-01-23 13:50:04.029000,5.02,5.01,5.02,11119000.0
2018-01-23 13:50:07.101000,5.02,5.01,5.02,11119000.0
2018-01-23 13:50:10.069000,5.02,5.01,5.02,11119000.0
2018-01-23 13:50:13.028000,5.02,5.01,5.02,11119000.0
2018-01-23 13:50:16.149000,5.02,5.01,5.02,11119000.0
2018-01-23 13:50:19.294000,5.02,5.01,5.02,11119000.0
2018-01-23 13:50:22.603000,5.02,5.01,5.02,11119000.0
2018-01-23 13:50:25.537000,5.02,5.01,5.02,11119000.0
2018-01-23 13:50:28.532000,5.02,5.01,5.02,11119000.0
2018-01-23 13:50:31.539000,5.02,5.01,5.02,11119000.0
2018-01-23 13:50:34.605000,5.02,5.01,5.02,11119000.0
2018-01-23 13:50:37.604000,5.02,5.01,5.02,11119000.0
2018-01-23 13:50:40.648000,5.02,5.01,5.02,11119000.0
2018-01-23 13:50:43.605000,5.02,5.01,5.02,11119000.0
2018-01-23 13:50:46.931000,5.02,5.01,5.02,11119000.0
2018-01-23 13:50:49.810000,5.02,5.01,5.02,11119000.0
2018-01-23 13:50:52.965000,5.02,5.01,5.02,11119000.0
2018-01-23 13:50:55.884000,5.02,5.01,5.02,11119000.0
2018-01-23 13:50:58.716000,5.02,5.01,5.02,11119000.0
2018-01-23 13:51:01.577000,5.02,5.01,5.02,11119000.0
2018-01-23 13:51:04.581000,5.02,5.01,5.02,11119000.0
2018-01-23 13:51:07.817000,5.02,5.01,5.02,11119000.0
2018-01-23 13:51:10.683000,5.02,5.01,5.02,11119000.0
2018-01-23 13:51:13.659000,5.02,5.01,5.02,11119000.0
2018-01-23 13:51:16.784000,5.02,5.01,5.02,11119000.0
2018-01-23 13:51:19.963000,5.02,5.01,5.02,11119000.0
2018-01-23 13:51:22.781000,5.02,5.01,5.02,11119000.0
2018-01-23 13:51:25.805000,5.02,5.01,5.02,11119000.0
2018-01-23 13:51:28.903000,5.02,5.01,5.02,11119000.0
2018-01-23 13:51:31.791000,5.01,5.01,5.02,11137000.0
2018-01-23 13:51:34.784000,5.01,5.01,5.02,11137000.0
2018-01-23 13:51:38.104000,5.01,5.01,5.02,11137000.0
2018-01-23 13:51:41.201000,5.01,5.01,5.02,11137000.0
2018-01-23 13:51:45.444000,5.01,5.01,5.02,11137000.0
2018-01-23 13:51:49.570000,5.01,5.01,5.02,11137000.0
2018-01-23 13:51:54.811000,5.01,5.0,5.01,11657000.0
2018-01-23 13:51:57.958000,5.01,5.0,5.01,11657000.0
2018-01-23 13:52:01.182000,5.01,5.0,5.01,11657000.0
2018-01-23 13:52:04.467000,5.01,5.0,5.01,11657000.0
2018-01-23 13:52:07.608000,5.01,5.0,5.01,11657000.0
2018-01-23 13:52:10.701000,5.01,5.0,5.01,11657000.0
2018-01-23 13:52:13.703000,5.01,5.0,5.01,11657000.0
2018-01-23 13:52:16.823000,5.01,5.0,5.01,11657000.0
2018-01-23 13:52:20.025000,5.01,5.0,5.01,11657000.0
2018-01-23 13:52:23.092000,5.01,5.0,5.01,11657000.0
2018-01-23 13:52:26.107000,5.01,5.0,5.01,11657000.0
2018-01-23 13:52:29.332000,5.01,5.0,5.01,11657000.0
2018-01-23 13:52:32.437000,5.01,5.0,5.01,11657000.0
2018-01-23 13:52:35.592000,5.01,5.0,5.01,11657000.0
2018-01-23 13:52:38.779000,5.01,5.0,5.01,11657000.0
2018-01-23 13:52:41.844000,5.01,5.0,5.01,11657000.0
2018-01-23 13:52:44.988000,5.01,5.0,5.01,11657000.0
2018-01-23 13:52:47.943000,5.01,5.0,5.01,11657000.0
2018-01-23 13:52:51.028000,5.01,5.0,5.01,11657000.0
2018-01-23 13:52:54.066000,5.01,5.0,5.01,11657000.0
2018-01-23 13:52:57.012000,5.01,5.0,5.01,11657000.0
2018-01-23 13:53:00.071000,5.01,5.0,5.01,11657000.0
2018-01-23 13:53:03.134000,5.01,5.0,5.01,11657000.0
2018-01-23 13:53:06.202000,5.01,5.0,5.01,11657000.0
2018-01-23 13:53:09.246000,5.01,5.0,5.01,11657000.0
2018-01-23 13:53:12.391000,5.01,5.0,5.01,11657000.0
2018-01-23 13:53:15.420000,5.01,5.0,5.01,11657000.0
2018-01-23 13:53:18.413000,5.01,5.0,5.01,11657000.0
2018-01-23 13:53:21.532000,5.01,5.0,5.01,11657000.0
2018-01-23 13:53:24.555000,5.01,5.0,5.01,11657000.0
2018-01-23 13:53:27.876000,5.01,5.0,5.01,11657000.0
2018-01-23 13:53:31.233000,5.01,5.0,5.01,11657000.0
2018-01-23 13:53:34.210000,5.01,5.0,5.01,11657000.0
2018-01-23 13:53:37.248000,5.01,5.0,5.01,11657000.0
2018-01-23 13:53:40.252000,5.01,5.0,5.01,11657000.0
2018-01-23 13:53:43.250000,5.01,5.0,5.01,11687000.0
2018-01-23 13:53:46.484000,5.01,5.0,5.01,11687000.0
2018-01-23 13:53:49.597000,5.01,5.0,5.01,11687000.0
2018-01-23 13:53:53.780000,5.01,5.0,5.01,11687000.0
2018-01-23 13:53:57.674000,5.01,5.0,5.01,11687000.0
2018-01-23 13:54:00.822000,5.01,5.0,5.01,11687000.0
2018-01-23 13:54:05.387000,5.01,5.0,5.01,11687000.0
2018-01-23 13:54:09.471000,5.01,5.0,5.01,11687000.0
2018-01-23 13:54:12.925000,5.01,5.0,5.01,11687000.0
2018-01-23 13:54:17.470000,5.01,5.0,5.01,11687000.0
2018-01-23 13:54:21.415000,5.01,5.0,5.01,11687000.0
2018-01-23 13:54:24.732000,5.01,5.0,5.01,11687000.0
2018-01-23 13:54:28.065000,5.01,5.0,5.01,11687000.0
2018-01-23 13:54:31.359000,5.01,5.0,5.01,11687000.0
2018-01-23 13:54:34.652000,5.01,5.0,5.01,11687000.0
2018-01-23 13:54:37.941000,5.01,5.0,5.01,11687000.0
2018-01-23 13:54:40.968000,5.01,5.0,5.01,11687000.0
2018-01-23 13:54:44.248000,5.01,5.0,5.01,11687000.0
2018-01-23 13:54:47.814000,5.01,5.0,5.01,11687000.0
2018-01-23 13:54:51.780000,5.01,5.0,5.01,11687000.0
2018-01-23 13:54:55.566000,5.01,5.0,5.01,11687000.0
2018-01-23 13:54:58.909000,5.01,5.0,5.01,11687000.0
2018-01-23 13:55:02.110000,5.01,5.0,5.01,11687000.0
2018-01-23 13:55:06.846000,5.01,5.0,5.01,11687000.0
2018-01-23 13:55:10.106000,5.01,5.0,5.01,11687000.0
2018-01-23 13:55:13.296000,5.01,5.0,5.01,11687000.0
2018-01-23 13:55:16.298000,5.01,5.0,5.01,11687000.0
2018-01-23 13:55:19.439000,5.01,5.0,5.01,11687000.0
2018-01-23 13:55:22.534000,5.01,5.0,5.01,11687000.0
2018-01-23 13:55:25.722000,5.01,5.0,5.01,11687000.0
2018-01-23 13:55:28.993000,5.01,5.0,5.01,11687000.0
2018-01-23 13:55:31.798000,5.01,5.0,5.01,11687000.0
2018-01-23 13:55:34.649000,5.01,5.0,5.01,11687000.0
2018-01-23 13:55:37.699000,5.01,5.0,5.01,11687000.0
2018-01-23 13:55:40.452000,5.01,5.0,5.01,11687000.0
2018-01-23 13:55:43.461000,5.01,5.0,5.01,11687000.0
2018-01-23 13:55:46.439000,5.01,5.0,5.01,11687000.0
2018-01-23 13:55:49.474000,5.01,5.0,5.01,11687000.0
2018-01-23 13:55:52.390000,5.01,5.0,5.01,11687000.0
2018-01-23 13:55:55.500000,5.01,5.0,5.01,11687000.0
2018-01-23 13:55:58.913000,5.01,5.0,5.02,11687000.0
2018-01-23 13:56:02.016000,5.01,5.0,5.02,11687000.0
2018-01-23 13:56:04.957000,5.01,5.0,5.02,11687000.0
2018-01-23 13:56:07.980000,5.01,5.0,5.02,11687000.0
2018-01-23 13:56:10.933000,5.01,5.0,5.02,11687000.0
2018-01-23 13:56:13.601000,5.01,5.0,5.02,11687000.0
2018-01-23 13:56:16.469000,5.01,5.0,5.01,11688000.0
2018-01-23 13:56:19.226000,5.01,5.0,5.01,11688000.0
2018-01-23 13:56:22.352000,5.01,5.0,5.01,11688000.0
2018-01-23 13:56:25.496000,5.01,5.0,5.01,11688000.0
2018-01-23 13:56:28.393000,5.01,5.0,5.01,11688000.0
2018-01-23 13:56:31.644000,5.01,5.0,5.01,11688000.0
2018-01-23 13:56:34.538000,5.01,5.0,5.01,11688000.0
2018-01-23 13:56:37.240000,5.01,5.0,5.01,11688000.0
2018-01-23 13:56:40.212000,5.01,5.0,5.01,11688000.0
2018-01-23 13:56:43.247000,5.01,5.0,5.01,11688000.0
2018-01-23 13:56:46.095000,5.01,5.0,5.01,11688000.0
2018-01-23 13:56:48.899000,5.01,5.0,5.01,11688000.0
2018-01-23 13:56:51.693000,5.01,5.0,5.01,11688000.0
2018-01-23 13:56:54.610000,5.01,5.0,5.01,11688000.0
2018-01-23 13:56:57.554000,5.01,5.0,5.01,11688000.0
2018-01-23 13:57:00.554000,5.01,5.0,5.01,11688000.0
2018-01-23 13:57:03.467000,5.01,5.0,5.02,11688000.0
2018-01-23 13:57:06.271000,5.01,5.0,5.02,11688000.0
2018-01-23 13:57:09.254000,5.01,5.0,5.02,11688000.0
2018-01-23 13:57:12.036000,5.01,5.0,5.02,11688000.0
2018-01-23 13:57:15.002000,5.01,5.0,5.02,11688000.0
2018-01-23 13:57:17.806000,5.01,5.0,5.02,11688000.0
2018-01-23 13:57:20.716000,5.01,5.0,5.02,11688000.0
2018-01-23 13:57:23.555000,5.01,5.0,5.02,11688000.0
2018-01-23 13:57:26.489000,5.01,5.0,5.02,11688000.0
2018-01-23 13:57:29.390000,5.01,5.0,5.02,11688000.0
2018-01-23 13:57:32.389000,5.01,5.0,5.02,11688000.0
2018-01-23 13:57:35.242000,5.01,5.0,5.02,11688000.0
2018-01-23 13:57:38.218000,5.01,5.0,5.02,11688000.0
2018-01-23 13:57:41.117000,5.01,5.0,5.02,11688000.0
2018-01-23 13:57:43.903000,5.01,5.01,5.02,11708000.0
2018-01-23 13:57:46.693000,5.01,5.01,5.02,11708000.0
2018-01-23 13:57:49.508000,5.01,5.01,5.02,11708000.0
2018-01-23 13:57:52.331000,5.01,5.01,5.02,11708000.0
2018-01-23 13:57:55.069000,5.01,5.01,5.02,11708000.0
2018-01-23 13:57:57.930000,5.01,5.01,5.02,11708000.0
2018-01-23 13:58:00.902000,5.01,5.01,5.02,11708000.0
2018-01-23 13:58:03.712000,5.01,5.01,5.02,11708000.0
2018-01-23 13:58:06.740000,5.01,5.01,5.02,11708000.0
2018-01-23 13:58:09.665000,5.01,5.01,5.02,11708000.0
2018-01-23 13:58:12.569000,5.01,5.01,5.02,11708000.0
2018-01-23 13:58:15.294000,5.01,5.01,5.02,11708000.0
2018-01-23 13:58:18.303000,5.01,5.01,5.02,11708000.0
2018-01-23 13:58:21.255000,5.01,5.01,5.02,11708000.0
2018-01-23 13:58:24.258000,5.01,5.01,5.02,11708000.0
2018-01-23 13:58:27.118000,5.01,5.01,5.02,11708000.0
2018-01-23 13:58:29.996000,5.01,5.01,5.02,11708000.0
2018-01-23 13:58:32.822000,5.01,5.01,5.02,11708000.0
2018-01-23 13:58:35.653000,5.01,5.01,5.02,11708000.0
2018-01-23 13:58:38.460000,5.01,5.01,5.02,11708000.0
2018-01-23 13:58:41.413000,5.01,5.01,5.02,11708000.0
2018-01-23 13:58:44.249000,5.01,5.01,5.02,11708000.0
2018-01-23 13:58:47.038000,5.01,5.01,5.02,11708000.0
2018-01-23 13:58:49.922000,5.01,5.01,5.02,11708000.0
2018-01-23 13:58:52.975000,5.01,5.01,5.02,11708000.0
2018-01-23 13:58:55.875000,5.01,5.01,5.02,11708000.0
2018-01-23 13:58:58.647000,5.01,5.01,5.02,11708000.0
2018-01-23 13:59:01.772000,5.01,5.01,5.02,11708000.0
2018-01-23 13:59:05.031000,5.01,5.01,5.02,11708000.0
2018-01-23 13:59:07.914000,5.01,5.01,5.02,11708000.0
2018-01-23 13:59:10.651000,5.01,5.01,5.02,11708000.0
2018-01-23 13:59:13.523000,5.01,5.01,5.02,11708000.0
2018-01-23 13:59:16.428000,5.01,5.01,5.02,11708000.0
2018-01-23 13:59:19.354000,5.01,5.01,5.02,11708000.0
2018-01-23 13:59:22.195000,5.01,5.01,5.02,11708000.0
2018-01-23 13:59:25.542000,5.01,5.01,5.02,11708000.0
2018-01-23 13:59:28.413000,5.01,5.01,5.02,11708000.0
2018-01-23 13:59:31.312000,5.01,5.01,5.02,11708000.0
2018-01-23 13:59:34.313000,5.02,5.01,5.02,11709000.0
2018-01-23 13:59:37.181000,5.02,5.01,5.02,11709000.0
2018-01-23 13:59:39.982000,5.02,5.01,5.02,11709000.0
2018-01-23 13:59:42.890000,5.02,5.01,5.02,11709000.0
2018-01-23 13:59:46.139000,5.02,5.01,5.02,11709000.0
2018-01-23 13:59:49.104000,5.02,5.01,5.02,11709000.0
2018-01-23 13:59:51.962000,5.02,5.01,5.02,11709000.0
2018-01-23 13:59:54.922000,5.02,5.01,5.02,11709000.0
2018-01-23 13:59:57.729000,5.02,5.01,5.02,11709000.0
2018-01-23 14:00:00.473000,5.02,5.01,5.02,11709000.0
2018-01-23 14:00:03.340000,5.02,5.01,5.02,11709000.0
2018-01-23 14:00:06.477000,5.02,5.01,5.02,11709000.0
2018-01-23 14:00:09.605000,5.02,5.01,5.02,11709000.0
2018-01-23 14:00:12.370000,5.02,5.01,5.02,11709000.0
2018-01-23 14:00:15.376000,5.02,5.01,5.02,11709000.0
2018-01-23 14:00:18.280000,5.02,5.01,5.02,11709000.0
2018-01-23 14:00:21.232000,5.02,5.01,5.02,11709000.0
2018-01-23 14:00:24.246000,5.02,5.01,5.02,11709000.0
2018-01-23 14:00:27.216000,5.02,5.01,5.02,11709000.0
2018-01-23 14:00:30.236000,5.02,5.01,5.02,11709000.0
2018-01-23 14:00:33.061000,5.02,5.01,5.02,11709000.0
2018-01-23 14:00:36.073000,5.02,5.01,5.02,11709000.0
2018-01-23 14:00:39.074000,5.02,5.01,5.02,11709000.0
2018-01-23 14:00:41.995000,5.02,5.0,5.02,11719300.0
2018-01-23 14:00:45.060000,5.02,5.0,5.02,11719300.0
2018-01-23 14:00:47.971000,5.02,5.0,5.02,11719300.0
2018-01-23 14:00:50.913000,5.02,5.01,5.02,11719300.0
2018-01-23 14:00:53.856000,5.02,5.01,5.02,11719300.0
2018-01-23 14:00:56.823000,5.02,5.01,5.02,11719300.0
2018-01-23 14:00:59.686000,5.02,5.01,5.02,11719300.0
2018-01-23 14:01:02.509000,5.02,5.01,5.02,11719300.0
2018-01-23 14:01:05.349000,5.02,5.01,5.02,11719300.0
2018-01-23 14:01:08.228000,5.01,5.0,5.01,11719300.0
2018-01-23 14:01:11.208000,5.01,5.0,5.01,11719300.0
2018-01-23 14:01:14.250000,5.01,5.0,5.01,11719300.0
2018-01-23 14:01:17.103000,5.01,5.0,5.01,11719300.0
2018-01-23 14:01:20.046000,5.01,5.0,5.01,11719300.0
2018-01-23 14:01:22.712000,5.01,5.0,5.01,11719300.0
2018-01-23 14:01:25.590000,5.01,5.0,5.01,11719300.0
2018-01-23 14:01:28.544000,5.01,5.0,5.01,11719300.0
2018-01-23 14:01:31.337000,5.01,5.0,5.01,11719300.0
2018-01-23 14:01:34.195000,5.01,5.0,5.01,11719300.0
2018-01-23 14:01:37.230000,5.01,5.0,5.01,11719300.0
2018-01-23 14:01:40.187000,5.01,5.0,5.01,11719300.0
2018-01-23 14:01:43.034000,5.01,5.0,5.01,11719300.0
2018-01-23 14:01:46.006000,5.01,5.0,5.01,11719300.0
2018-01-23 14:01:48.827000,5.01,5.0,5.01,11719300.0
2018-01-23 14:01:51.655000,5.01,5.0,5.01,11719300.0
2018-01-23 14:01:54.498000,5.01,5.0,5.01,11719300.0
2018-01-23 14:01:57.526000,5.01,5.0,5.01,11719300.0
2018-01-23 14:02:00.200000,5.01,5.0,5.01,11719300.0
2018-01-23 14:02:03.125000,5.01,5.0,5.01,11719300.0
2018-01-23 14:02:06.035000,5.01,5.0,5.01,11719300.0
2018-01-23 14:02:09.122000,5.01,5.0,5.01,11719300.0
2018-01-23 14:02:11.838000,5.01,5.0,5.01,11719300.0
2018-01-23 14:02:14.779000,5.01,5.0,5.01,11719300.0
2018-01-23 14:02:18.233000,5.01,5.0,5.01,11719300.0
2018-01-23 14:02:20.986000,5.01,5.0,5.01,11719300.0
2018-01-23 14:02:23.787000,5.01,5.0,5.01,11719300.0
2018-01-23 14:02:27.057000,5.01,5.0,5.01,11719300.0
2018-01-23 14:02:29.952000,5.01,5.0,5.01,11719300.0
2018-01-23 14:02:32.819000,5.01,5.0,5.01,11719300.0
2018-01-23 14:02:35.713000,5.01,5.0,5.01,11719300.0
2018-01-23 14:02:38.657000,5.01,5.0,5.01,11719300.0
2018-01-23 14:02:41.375000,5.01,5.0,5.01,11719300.0
2018-01-23 14:02:44.171000,5.01,5.0,5.01,11719300.0
2018-01-23 14:02:47.185000,5.01,5.0,5.01,11719300.0
2018-01-23 14:02:50.189000,5.01,5.0,5.01,11719300.0
2018-01-23 14:02:52.858000,5.01,5.0,5.01,11719300.0
2018-01-23 14:02:55.705000,5.01,5.0,5.01,11719300.0
2018-01-23 14:02:58.483000,5.01,5.0,5.01,11719300.0
2018-01-23 14:03:01.380000,5.01,5.0,5.01,11719300.0
2018-01-23 14:03:04.551000,5.01,5.0,5.01,11719300.0
2018-01-23 14:03:07.409000,5.01,5.0,5.01,11719300.0
2018-01-23 14:03:10.256000,5.01,5.0,5.01,11719300.0
2018-01-23 14:03:13.205000,5.01,5.0,5.01,11719300.0
2018-01-23 14:03:16.128000,5.01,5.0,5.01,11719300.0
2018-01-23 14:03:19.518000,5.01,5.0,5.01,11719300.0
2018-01-23 14:03:22.324000,5.01,5.0,5.01,11719300.0
2018-01-23 14:03:25.108000,5.01,5.0,5.01,11719300.0
2018-01-23 14:03:28.279000,5.01,5.0,5.01,11719300.0
2018-01-23 14:03:31.213000,5.01,5.0,5.01,11719300.0
2018-01-23 14:03:34.266000,5.01,5.0,5.01,11719300.0
2018-01-23 14:03:37.423000,5.01,5.0,5.01,11719300.0
2018-01-23 14:03:41.692000,5.01,5.0,5.01,11719300.0
2018-01-23 14:03:44.627000,5.01,5.0,5.01,11719300.0
2018-01-23 14:03:47.749000,5.01,5.0,5.01,11719300.0
2018-01-23 14:03:50.681000,5.01,5.0,5.01,11719300.0
2018-01-23 14:03:53.721000,5.01,5.0,5.01,11719300.0
2018-01-23 14:03:56.762000,5.01,5.0,5.01,11719300.0
2018-01-23 14:03:59.734000,5.01,5.0,5.01,11719300.0
2018-01-23 14:04:02.596000,5.01,5.0,5.01,11719300.0
2018-01-23 14:04:05.384000,5.01,5.0,5.01,11719300.0
2018-01-23 14:04:08.337000,5.01,5.0,5.01,11719300.0
2018-01-23 14:04:11.435000,5.01,5.0,5.01,11719300.0
2018-01-23 14:04:14.385000,5.01,5.0,5.01,11719300.0
2018-01-23 14:04:17.628000,5.01,5.0,5.01,11719300.0
2018-01-23 14:04:20.460000,5.01,5.0,5.01,11719300.0
2018-01-23 14:04:23.190000,5.01,5.0,5.01,11719300.0
2018-01-23 14:04:26.208000,5.01,5.0,5.01,11719300.0
2018-01-23 14:04:29.159000,5.01,5.0,5.01,11719300.0
2018-01-23 14:04:32.033000,5.01,5.0,5.01,11719300.0
2018-01-23 14:04:34.880000,5.01,5.0,5.01,11719300.0
2018-01-23 14:04:37.879000,5.01,5.0,5.01,11719300.0
2018-01-23 14:04:40.857000,5.01,5.0,5.01,11719300.0
2018-01-23 14:04:43.726000,5.01,5.0,5.01,11719300.0
2018-01-23 14:04:46.616000,5.01,5.0,5.01,11719300.0
2018-01-23 14:04:49.596000,5.01,5.0,5.01,11719300.0
2018-01-23 14:04:52.550000,5.01,5.0,5.01,11719300.0
2018-01-23 14:04:55.366000,5.01,5.0,5.01,11719300.0
2018-01-23 14:04:58.146000,5.01,5.0,5.01,11719300.0
2018-01-23 14:05:01.198000,5.01,5.0,5.01,11719300.0
2018-01-23 14:05:04.316000,5.01,5.0,5.01,11719300.0
2018-01-23 14:05:07.078000,5.01,5.0,5.01,11719300.0
2018-01-23 14:05:09.925000,5.01,5.0,5.01,11719300.0
2018-01-23 14:05:13.165000,5.0,5.0,5.01,11730200.0
2018-01-23 14:05:15.957000,5.0,5.0,5.01,11730200.0
2018-01-23 14:05:18.839000,5.0,5.0,5.01,11730200.0
2018-01-23 14:05:22.037000,5.0,5.0,5.01,11730200.0
2018-01-23 14:05:24.943000,5.0,5.0,5.01,11730200.0
2018-01-23 14:05:27.831000,5.0,5.0,5.01,11730200.0
2018-01-23 14:05:30.700000,5.0,5.0,5.01,11730200.0
2018-01-23 14:05:33.535000,5.0,5.0,5.01,11730200.0
2018-01-23 14:05:36.329000,5.0,5.0,5.01,11730200.0
2018-01-23 14:05:39.180000,5.0,5.0,5.01,11730200.0
2018-01-23 14:05:42.002000,5.0,5.0,5.01,11730200.0
2018-01-23 14:05:44.914000,5.0,5.0,5.01,11730200.0
2018-01-23 14:05:47.813000,5.0,5.0,5.01,11730200.0
2018-01-23 14:05:50.692000,5.0,5.0,5.01,11730200.0
2018-01-23 14:05:53.423000,5.0,5.0,5.01,11730200.0
2018-01-23 14:05:56.367000,5.0,5.0,5.01,11730200.0
2018-01-23 14:05:59.448000,5.0,5.0,5.01,11730200.0
2018-01-23 14:06:02.330000,5.0,5.0,5.01,11730200.0
2018-01-23 14:06:05.012000,5.0,5.0,5.01,11730200.0
2018-01-23 14:06:08.222000,5.0,5.0,5.01,11730200.0
2018-01-23 14:06:11.131000,5.0,5.0,5.01,11730200.0
2018-01-23 14:06:14.457000,5.0,5.0,5.01,11730200.0
2018-01-23 14:06:17.381000,5.0,5.0,5.01,11730200.0
2018-01-23 14:06:20.400000,5.0,5.0,5.01,11730200.0
2018-01-23 14:06:23.140000,5.0,5.0,5.01,11730200.0
2018-01-23 14:06:25.927000,5.0,5.0,5.01,11730200.0
2018-01-23 14:06:29.006000,5.0,5.0,5.01,11730200.0
2018-01-23 14:06:31.899000,5.0,5.0,5.01,11730200.0
2018-01-23 14:06:34.739000,5.0,5.0,5.01,11730200.0
2018-01-23 14:06:37.615000,5.0,5.0,5.01,11730200.0
2018-01-23 14:06:40.381000,5.0,5.0,5.01,11730200.0
2018-01-23 14:06:43.254000,5.0,5.0,5.01,11730200.0
2018-01-23 14:06:46.353000,5.0,5.0,5.01,11730200.0
2018-01-23 14:06:49.162000,5.0,5.0,5.01,11730200.0
2018-01-23 14:06:52.580000,5.0,5.0,5.01,11730200.0
2018-01-23 14:06:55.662000,5.0,5.0,5.01,11730200.0
2018-01-23 14:06:58.554000,5.0,5.0,5.01,11730200.0
2018-01-23 14:07:01.427000,5.0,5.0,5.01,11730200.0
2018-01-23 14:07:04.231000,5.0,5.0,5.01,11730200.0
2018-01-23 14:07:07.145000,5.0,5.0,5.01,11730200.0
2018-01-23 14:07:10.030000,5.0,5.0,5.01,11730200.0
2018-01-23 14:07:12.472000,5.0,5.0,5.01,11730200.0
2018-01-23 14:07:15.678000,5.0,5.0,5.01,11730200.0
2018-01-23 14:07:18.521000,5.0,5.0,5.01,11730200.0
2018-01-23 14:07:21.190000,5.0,5.0,5.01,11730200.0
2018-01-23 14:07:24.165000,5.0,5.0,5.01,11730200.0
2018-01-23 14:07:27.025000,5.0,5.0,5.01,11730200.0
2018-01-23 14:07:30.047000,5.0,5.0,5.01,11730200.0
2018-01-23 14:07:32.866000,5.0,5.0,5.01,11730200.0
2018-01-23 14:07:37.518000,5.0,5.0,5.01,11730200.0
2018-01-23 14:07:40.427000,5.0,5.0,5.01,11730200.0
2018-01-23 14:07:43.491000,5.0,5.0,5.01,11730200.0
2018-01-23 14:07:46.387000,5.0,5.0,5.01,11730200.0
2018-01-23 14:07:49.307000,5.01,5.0,5.01,11783200.0
2018-01-23 14:07:52.239000,5.01,5.0,5.01,11783200.0
2018-01-23 14:07:55.056000,5.01,5.0,5.01,11783200.0
2018-01-23 14:07:57.942000,5.01,5.0,5.01,11783200.0
2018-01-23 14:08:01.311000,5.01,5.0,5.01,11783200.0
2018-01-23 14:08:04.168000,5.01,5.0,5.01,11783200.0
2018-01-23 14:08:07.144000,5.01,5.0,5.01,11783200.0
2018-01-23 14:08:09.966000,5.01,5.0,5.01,11783200.0
2018-01-23 14:08:13.069000,5.01,5.0,5.01,11783200.0
2018-01-23 14:08:16.017000,5.01,5.0,5.01,11783200.0
2018-01-23 14:08:19.181000,5.01,5.0,5.01,11783200.0
2018-01-23 14:08:22.286000,5.01,5.0,5.01,11783200.0
2018-01-23 14:08:25.306000,5.01,5.0,5.01,11783200.0
2018-01-23 14:08:28.218000,5.01,5.0,5.01,11783200.0
2018-01-23 14:08:31.062000,5.01,5.0,5.01,11783200.0
2018-01-23 14:08:34.132000,5.01,5.0,5.01,11783200.0
2018-01-23 14:08:37.033000,5.01,5.0,5.01,11783200.0
2018-01-23 14:08:40.024000,5.01,5.0,5.01,11783200.0
2018-01-23 14:08:43.108000,5.01,5.0,5.01,11783200.0
2018-01-23 14:08:46.158000,5.01,5.0,5.01,11783200.0
2018-01-23 14:08:48.990000,5.01,5.0,5.01,11783200.0
2018-01-23 14:08:52.046000,5.01,5.0,5.01,11783200.0
2018-01-23 14:08:55.582000,5.01,5.0,5.01,11783200.0
2018-01-23 14:08:58.632000,5.01,5.0,5.01,11783200.0
2018-01-23 14:09:01.302000,5.01,5.0,5.01,11783200.0
2018-01-23 14:09:04.248000,5.01,5.0,5.01,11783200.0
2018-01-23 14:09:07.208000,5.01,5.0,5.01,11783200.0
2018-01-23 14:09:10.068000,5.01,5.0,5.01,11783200.0
2018-01-23 14:09:13.068000,5.01,5.0,5.01,11783200.0
2018-01-23 14:09:16.128000,5.01,5.0,5.01,11783200.0
2018-01-23 14:09:18.901000,5.01,5.0,5.01,11783200.0
2018-01-23 14:09:21.820000,5.01,5.0,5.01,11783200.0
2018-01-23 14:09:24.786000,5.01,5.0,5.01,11783200.0
2018-01-23 14:09:27.755000,5.01,5.0,5.01,11783200.0
2018-01-23 14:09:30.827000,5.01,5.0,5.01,11783200.0
2018-01-23 14:09:33.822000,5.01,5.0,5.01,11783200.0
2018-01-23 14:09:36.856000,5.01,5.0,5.01,11783200.0
2018-01-23 14:09:39.705000,5.01,5.0,5.01,11783200.0
2018-01-23 14:09:42.396000,5.01,5.0,5.01,11783200.0
2018-01-23 14:09:45.180000,5.01,5.0,5.01,11783200.0
2018-01-23 14:09:48.023000,5.01,5.0,5.01,11783200.0
2018-01-23 14:09:50.841000,5.01,5.0,5.01,11783200.0
2018-01-23 14:09:53.726000,5.01,5.0,5.01,11783200.0
2018-01-23 14:09:56.512000,5.01,5.0,5.01,11783200.0
2018-01-23 14:09:59.539000,5.01,5.0,5.01,11783200.0
2018-01-23 14:10:02.571000,5.01,5.0,5.01,11783200.0
2018-01-23 14:10:05.449000,5.01,5.0,5.01,11783200.0
2018-01-23 14:10:08.290000,5.01,5.0,5.01,11783200.0
2018-01-23 14:10:11.103000,5.01,5.0,5.01,11783200.0
2018-01-23 14:10:14.055000,5.01,5.0,5.01,11783200.0
2018-01-23 14:10:16.880000,5.01,5.0,5.01,11783200.0
2018-01-23 14:10:19.713000,5.01,5.0,5.01,11783200.0
2018-01-23 14:10:22.492000,5.01,5.0,5.01,11783200.0
2018-01-23 14:10:25.401000,5.01,5.0,5.01,11783200.0
2018-01-23 14:10:28.274000,5.01,5.0,5.01,11783200.0
2018-01-23 14:10:31.044000,5.01,5.0,5.01,11783200.0
2018-01-23 14:10:33.994000,5.01,5.0,5.01,11783200.0
2018-01-23 14:10:36.857000,5.01,5.0,5.01,11783200.0
2018-01-23 14:10:39.953000,5.01,5.0,5.01,11783200.0
2018-01-23 14:10:42.807000,5.0,5.0,5.01,11785200.0
2018-01-23 14:10:45.786000,5.0,5.0,5.01,11785200.0
2018-01-23 14:10:48.602000,5.0,4.99,5.0,12307600.0
2018-01-23 14:10:51.417000,5.0,4.99,5.0,12307600.0
2018-01-23 14:10:54.500000,5.0,4.99,5.0,12307600.0
2018-01-23 14:10:57.400000,5.0,4.99,5.0,12311600.0
2018-01-23 14:11:00.607000,5.0,4.99,5.0,12311600.0
2018-01-23 14:11:03.539000,5.0,4.99,5.0,12311600.0
2018-01-23 14:11:06.368000,5.0,4.99,5.0,12311600.0
2018-01-23 14:11:09.139000,5.01,4.99,5.01,12311600.0
2018-01-23 14:11:11.875000,5.01,4.99,5.01,12311600.0
2018-01-23 14:11:14.839000,5.01,4.99,5.01,12311600.0
2018-01-23 14:11:17.652000,5.01,4.99,5.01,12311600.0
2018-01-23 14:11:20.984000,5.0,4.99,5.0,12311600.0
2018-01-23 14:11:24.028000,5.0,4.99,5.0,12311600.0
2018-01-23 14:11:27.138000,5.0,4.99,5.0,12311600.0
2018-01-23 14:11:30.376000,5.01,4.99,5.01,12311600.0
2018-01-23 14:11:33.434000,5.01,4.99,5.01,12311600.0
2018-01-23 14:11:36.469000,5.01,4.99,5.01,12311600.0
2018-01-23 14:11:39.436000,5.01,4.99,5.01,12311600.0
2018-01-23 14:11:42.571000,5.01,4.99,5.01,12311600.0
2018-01-23 14:11:45.638000,5.01,4.99,5.01,12311600.0
2018-01-23 14:11:48.591000,5.01,4.99,5.01,12311600.0
2018-01-23 14:11:51.643000,5.01,4.99,5.01,12311600.0
2018-01-23 14:11:54.607000,5.01,4.99,5.01,12311600.0
2018-01-23 14:11:57.980000,5.01,4.99,5.01,12311600.0
2018-01-23 14:12:01.266000,5.01,4.99,5.01,12311600.0
2018-01-23 14:12:04.348000,5.01,4.99,5.01,12311600.0
2018-01-23 14:12:07.252000,5.01,4.99,5.01,12311600.0
2018-01-23 14:12:10.158000,5.01,4.99,5.01,12311600.0
2018-01-23 14:12:13.202000,5.01,4.99,5.01,12311600.0
2018-01-23 14:12:16.124000,5.01,4.99,5.01,12311600.0
2018-01-23 14:12:19.079000,5.01,4.99,5.01,12311600.0
2018-01-23 14:12:22.090000,5.01,4.99,5.01,12311600.0
2018-01-23 14:12:25.150000,5.01,4.99,5.01,12311600.0
2018-01-23 14:12:28.529000,5.01,4.99,5.01,12311600.0
2018-01-23 14:12:31.739000,5.01,4.99,5.01,12311600.0
2018-01-23 14:12:34.530000,5.0,4.99,5.01,12316600.0
2018-01-23 14:12:37.454000,5.0,4.99,5.01,12316600.0
2018-01-23 14:12:40.599000,5.0,4.99,5.01,12316600.0
2018-01-23 14:12:43.655000,5.0,4.99,5.01,12316600.0
2018-01-23 14:12:46.933000,5.0,4.99,5.01,12316600.0
2018-01-23 14:12:49.910000,5.0,4.99,5.01,12316600.0
2018-01-23 14:12:52.887000,5.0,4.99,5.01,12316600.0
2018-01-23 14:12:55.975000,5.0,4.99,5.01,12316600.0
2018-01-23 14:12:58.920000,5.0,4.99,5.01,12316600.0
2018-01-23 14:13:01.946000,5.0,4.99,5.01,12316600.0
2018-01-23 14:13:05.065000,5.0,4.99,5.0,12316600.0
2018-01-23 14:13:08.043000,5.0,4.99,5.0,12316600.0
2018-01-23 14:13:11.068000,5.0,4.99,5.0,12316600.0
2018-01-23 14:13:14.036000,5.0,4.99,5.0,12316600.0
2018-01-23 14:13:17.100000,5.0,4.99,5.0,12316600.0
2018-01-23 14:13:20.063000,5.0,4.99,5.0,12316600.0
2018-01-23 14:13:23.278000,5.0,4.99,5.0,12316600.0
2018-01-23 14:13:26.516000,5.0,4.99,5.0,12316600.0
2018-01-23 14:13:29.545000,5.0,4.99,5.0,12316600.0
2018-01-23 14:13:32.656000,5.0,4.99,5.0,12316600.0
2018-01-23 14:13:35.782000,5.0,4.99,5.0,12316600.0
2018-01-23 14:13:38.888000,5.0,4.99,5.0,12316600.0
2018-01-23 14:13:41.875000,5.0,4.99,5.0,12316600.0
2018-01-23 14:13:44.663000,5.0,4.99,5.0,12316600.0
2018-01-23 14:13:47.541000,5.0,4.99,5.0,12316600.0
2018-01-23 14:13:50.634000,5.0,4.99,5.0,12316600.0
2018-01-23 14:13:53.638000,5.0,4.99,5.0,12316600.0
2018-01-23 14:13:56.682000,5.0,4.99,5.0,12316600.0
2018-01-23 14:13:59.626000,5.0,4.99,5.0,12316600.0
2018-01-23 14:14:02.841000,5.0,4.99,5.0,12316600.0
2018-01-23 14:14:05.782000,5.0,4.99,5.0,12316600.0
2018-01-23 14:14:08.784000,5.0,4.99,5.0,12316600.0
2018-01-23 14:14:11.872000,5.0,4.99,5.0,12316600.0
2018-01-23 14:14:14.846000,5.0,4.99,5.0,12316600.0
2018-01-23 14:14:17.968000,5.0,4.99,5.0,12316600.0
2018-01-23 14:14:20.899000,5.0,4.99,5.0,12316600.0
2018-01-23 14:14:23.905000,5.0,4.99,5.0,12316600.0
2018-01-23 14:14:26.877000,5.0,4.99,5.0,12316600.0
2018-01-23 14:14:29.723000,5.0,4.99,5.0,12316600.0
2018-01-23 14:14:32.630000,5.0,4.99,5.0,12316600.0
2018-01-23 14:14:35.580000,5.0,4.99,5.0,12316600.0
2018-01-23 14:14:38.641000,5.0,4.99,5.0,12316600.0
2018-01-23 14:14:41.732000,5.0,4.99,5.0,12316600.0
2018-01-23 14:14:44.751000,5.0,4.99,5.0,12316600.0
2018-01-23 14:14:47.720000,5.0,4.99,5.0,12316600.0
2018-01-23 14:14:50.671000,5.0,4.99,5.0,12316600.0
2018-01-23 14:14:53.547000,5.0,4.99,5.0,12316600.0
2018-01-23 14:14:56.495000,5.0,4.99,5.0,12316600.0
2018-01-23 14:14:59.752000,5.0,4.99,5.0,12316600.0
2018-01-23 14:15:02.670000,5.0,4.99,5.0,12316600.0
2018-01-23 14:15:05.487000,5.0,4.99,5.0,12316600.0
2018-01-23 14:15:08.639000,5.0,4.99,5.0,12316600.0
2018-01-23 14:15:11.667000,5.0,4.99,5.0,12316600.0
2018-01-23 14:15:14.783000,5.0,4.99,5.0,12316600.0
2018-01-23 14:15:17.756000,5.0,4.99,5.0,12316600.0
2018-01-23 14:15:20.817000,5.0,4.99,5.0,12316600.0
2018-01-23 14:15:23.874000,5.0,4.99,5.0,12316600.0
2018-01-23 14:15:26.892000,5.0,4.99,5.0,12316600.0
2018-01-23 14:15:29.911000,5.0,4.99,5.0,12316600.0
2018-01-23 14:15:33.077000,5.0,4.99,5.0,12316600.0
2018-01-23 14:15:36.010000,5.0,4.99,5.0,12316600.0
2018-01-23 14:15:38.972000,5.0,4.99,5.0,12316600.0
2018-01-23 14:15:42.319000,5.0,4.99,5.0,12316600.0
2018-01-23 14:15:45.411000,5.0,4.99,5.0,12316600.0
2018-01-23 14:15:48.516000,5.0,4.99,5.0,12316600.0
2018-01-23 14:15:51.600000,5.0,4.99,5.0,12316600.0
2018-01-23 14:15:54.459000,5.0,4.99,5.0,12316600.0
2018-01-23 14:15:57.431000,5.0,4.99,5.0,12316600.0
2018-01-23 14:16:00.489000,5.0,4.99,5.0,12316600.0
2018-01-23 14:16:03.439000,5.0,4.99,5.0,12316600.0
2018-01-23 14:16:06.405000,5.0,4.99,5.0,12316600.0
2018-01-23 14:16:09.287000,5.0,4.99,5.0,12326600.0
2018-01-23 14:16:12.327000,5.0,4.99,5.0,12326600.0
2018-01-23 14:16:15.406000,5.0,4.99,5.0,12326600.0
2018-01-23 14:16:18.329000,5.0,4.99,5.0,12326600.0
2018-01-23 14:16:21.499000,5.0,4.99,5.0,12326600.0
2018-01-23 14:16:24.398000,5.0,4.99,5.0,12326600.0
2018-01-23 14:16:27.361000,5.0,4.99,5.0,12326600.0
2018-01-23 14:16:30.585000,5.0,4.99,5.0,12326600.0
2018-01-23 14:16:33.549000,5.0,4.99,5.0,12326600.0
2018-01-23 14:16:36.411000,5.0,4.99,5.0,12326600.0
2018-01-23 14:16:39.318000,5.0,4.99,5.0,12326600.0
2018-01-23 14:16:42.463000,5.0,4.99,5.0,12326600.0
2018-01-23 14:16:45.555000,5.0,4.99,5.0,12326600.0
2018-01-23 14:16:48.565000,5.0,4.99,5.0,12326600.0
2018-01-23 14:16:51.693000,5.0,4.99,5.0,12326600.0
2018-01-23 14:16:54.623000,5.0,4.99,5.0,12326600.0
2018-01-23 14:16:58.113000,5.0,4.99,5.0,12326600.0
2018-01-23 14:17:01.219000,5.0,4.99,5.0,12326600.0
2018-01-23 14:17:04.272000,5.0,4.99,5.0,12326600.0
2018-01-23 14:17:07.157000,5.0,4.99,5.0,12326600.0
2018-01-23 14:17:09.933000,5.0,4.99,5.0,12326600.0
2018-01-23 14:17:12.823000,5.0,4.99,5.0,12326600.0
2018-01-23 14:17:15.858000,5.0,4.99,5.0,12326600.0
2018-01-23 14:17:18.706000,5.0,4.99,5.0,12326600.0
2018-01-23 14:17:21.648000,5.0,4.99,5.0,12326600.0
2018-01-23 14:17:24.648000,5.0,4.99,5.0,12326600.0
2018-01-23 14:17:27.557000,5.0,4.99,5.0,12326600.0
2018-01-23 14:17:30.526000,5.0,4.99,5.0,12326600.0
2018-01-23 14:17:33.506000,5.0,4.99,5.0,12326600.0
2018-01-23 14:17:36.619000,5.0,4.99,5.0,12326600.0
2018-01-23 14:17:39.554000,5.0,4.99,5.0,12326600.0
2018-01-23 14:17:42.597000,5.0,4.99,5.0,12326600.0
2018-01-23 14:17:45.626000,5.0,4.99,5.0,12326600.0
2018-01-23 14:17:49.167000,5.0,4.99,5.0,12326600.0
2018-01-23 14:17:52.235000,5.0,4.99,5.0,12326600.0
2018-01-23 14:17:55.147000,5.0,4.99,5.0,12326600.0
2018-01-23 14:17:58.160000,5.0,4.99,5.0,12326600.0
2018-01-23 14:18:01.054000,5.0,4.99,5.0,12326600.0
2018-01-23 14:18:03.988000,5.0,4.99,5.0,12326600.0
2018-01-23 14:18:07.022000,5.0,4.99,5.0,12326600.0
2018-01-23 14:18:10.022000,5.0,4.99,5.0,12326600.0
2018-01-23 14:18:13.066000,5.0,4.99,5.0,12326600.0
2018-01-23 14:18:16.033000,5.0,4.99,5.0,12326600.0
2018-01-23 14:18:19.117000,5.0,4.99,5.0,12326600.0
2018-01-23 14:18:22.136000,5.0,4.99,5.0,12326600.0
2018-01-23 14:18:25.211000,5.0,4.99,5.0,12326600.0
2018-01-23 14:18:28.082000,5.0,4.99,5.0,12326600.0
2018-01-23 14:18:31.324000,5.0,4.99,5.0,12326600.0
2018-01-23 14:18:34.203000,5.0,4.99,5.0,12326600.0
2018-01-23 14:18:37.269000,5.0,4.99,5.0,12326600.0
2018-01-23 14:18:40.278000,5.0,4.99,5.0,12326600.0
2018-01-23 14:18:43.302000,5.0,4.99,5.0,12326600.0
2018-01-23 14:18:46.102000,5.0,4.99,5.0,12326600.0
2018-01-23 14:18:49.227000,5.0,4.99,5.0,12326600.0
2018-01-23 14:18:52.293000,5.0,4.99,5.0,12326600.0
2018-01-23 14:18:55.233000,5.0,4.99,5.0,12326600.0
2018-01-23 14:18:58.120000,5.0,4.99,5.0,12326600.0
2018-01-23 14:19:01.731000,5.0,4.99,5.0,12326600.0
2018-01-23 14:19:04.523000,5.0,4.99,5.0,12326600.0
2018-01-23 14:19:07.596000,5.0,4.99,5.0,12326600.0
2018-01-23 14:19:10.545000,5.0,4.99,5.0,12326600.0
2018-01-23 14:19:13.510000,5.0,4.99,5.0,12326600.0
2018-01-23 14:19:16.498000,5.0,4.99,5.0,12326600.0
2018-01-23 14:19:19.510000,5.0,4.99,5.0,12326600.0
2018-01-23 14:19:22.419000,5.0,4.99,5.0,12336100.0
2018-01-23 14:19:25.289000,5.0,4.99,5.0,12336100.0
2018-01-23 14:19:28.412000,5.0,4.99,5.0,12336100.0
2018-01-23 14:19:31.571000,5.0,4.99,5.0,12336100.0
2018-01-23 14:19:34.600000,5.0,4.99,5.0,12336100.0
2018-01-23 14:19:37.926000,5.0,4.99,5.0,12336100.0
2018-01-23 14:19:40.962000,5.0,4.99,5.0,12336100.0
2018-01-23 14:19:44.184000,5.0,4.99,5.0,12336100.0
2018-01-23 14:19:47.155000,5.0,4.99,5.0,12336100.0
2018-01-23 14:19:50.471000,5.0,4.99,5.0,12336100.0
2018-01-23 14:19:53.599000,5.0,4.99,5.0,12336100.0
2018-01-23 14:19:56.600000,5.0,4.99,5.0,12336100.0
2018-01-23 14:19:59.521000,5.0,4.99,5.0,12336100.0
2018-01-23 14:20:02.563000,5.0,4.99,5.0,12336100.0
2018-01-23 14:20:05.809000,5.0,4.99,5.0,12336100.0
2018-01-23 14:20:09.007000,5.0,4.99,5.0,12336100.0
2018-01-23 14:20:11.979000,5.0,4.99,5.0,12336100.0
2018-01-23 14:20:14.884000,5.0,4.99,5.0,12336100.0
2018-01-23 14:20:18.929000,5.0,4.99,5.0,12336100.0
2018-01-23 14:20:21.766000,5.0,4.99,5.0,12336100.0
2018-01-23 14:20:24.852000,5.0,4.99,5.0,12336100.0
2018-01-23 14:20:28.095000,5.0,4.99,5.0,12336100.0
2018-01-23 14:20:31.241000,5.0,4.99,5.0,12336100.0
2018-01-23 14:20:34.304000,5.0,4.99,5.0,12336100.0
2018-01-23 14:20:37.472000,5.0,4.99,5.0,12336100.0
2018-01-23 14:20:40.516000,5.0,4.99,5.0,12336100.0
2018-01-23 14:20:43.540000,5.0,4.99,5.0,12336100.0
2018-01-23 14:20:46.387000,5.0,4.99,5.0,12336100.0
2018-01-23 14:20:49.695000,5.0,4.99,5.0,12336100.0
2018-01-23 14:20:52.683000,5.0,4.99,5.0,12336100.0
2018-01-23 14:20:55.678000,5.0,4.99,5.0,12336100.0
2018-01-23 14:20:58.929000,5.0,4.99,5.0,12336100.0
2018-01-23 14:21:01.700000,5.0,4.99,5.0,12336100.0
2018-01-23 14:21:04.844000,5.0,4.99,5.0,12336100.0
2018-01-23 14:21:09.008000,5.0,4.99,5.0,12336100.0
2018-01-23 14:21:12.094000,5.0,4.99,5.0,12352100.0
2018-01-23 14:21:15.234000,5.0,4.99,5.0,12352100.0
2018-01-23 14:21:18.234000,5.0,4.99,5.0,12352100.0
2018-01-23 14:21:21.248000,5.0,4.99,5.0,12352100.0
2018-01-23 14:21:24.498000,5.0,4.99,5.0,12352100.0
2018-01-23 14:21:27.454000,5.0,4.99,5.0,12352100.0
2018-01-23 14:21:30.691000,5.0,4.99,5.0,12352100.0
2018-01-23 14:21:33.713000,5.0,4.99,5.0,12352100.0
2018-01-23 14:21:36.972000,5.0,4.99,5.0,12352100.0
2018-01-23 14:21:39.917000,5.0,4.99,5.0,12352100.0
2018-01-23 14:21:43.161000,5.0,4.99,5.0,12352100.0
2018-01-23 14:21:46.497000,5.0,4.99,5.0,12352100.0
2018-01-23 14:21:49.995000,5.0,4.99,5.0,12352100.0
2018-01-23 14:21:52.967000,5.0,4.99,5.0,12352100.0
2018-01-23 14:21:56.152000,5.0,4.99,5.0,12352100.0
2018-01-23 14:21:59.186000,5.0,4.99,5.0,12352100.0
2018-01-23 14:22:02.220000,5.0,4.99,5.0,12352100.0
2018-01-23 14:22:05.357000,5.0,4.99,5.0,12352100.0
2018-01-23 14:22:08.218000,5.0,4.99,5.0,12352100.0
2018-01-23 14:22:10.843000,5.0,4.99,5.0,12352100.0
2018-01-23 14:22:13.494000,5.0,4.99,5.0,12352100.0
2018-01-23 14:22:16.471000,5.0,4.99,5.0,12352100.0
2018-01-23 14:22:19.688000,5.0,4.99,5.0,12352100.0
2018-01-23 14:22:22.556000,5.0,4.99,5.0,12352100.0
2018-01-23 14:22:25.732000,5.0,4.99,5.0,12352100.0
2018-01-23 14:22:28.573000,5.0,4.99,5.0,12352100.0
2018-01-23 14:22:31.298000,5.0,4.99,5.0,12352100.0
2018-01-23 14:22:33.980000,5.0,4.99,5.0,12352100.0
2018-01-23 14:22:36.593000,5.0,4.99,5.0,12352100.0
2018-01-23 14:22:39.362000,5.0,4.99,5.0,12352100.0
2018-01-23 14:22:42.651000,5.0,4.99,5.0,12352100.0
2018-01-23 14:22:45.455000,5.0,4.99,5.0,12366100.0
2018-01-23 14:22:48.467000,5.0,4.99,5.0,12366100.0
2018-01-23 14:22:51.298000,5.0,4.99,5.0,12366100.0
2018-01-23 14:22:54.357000,5.0,4.99,5.0,12366100.0
2018-01-23 14:22:57.384000,5.0,4.99,5.0,12366100.0
2018-01-23 14:23:01.522000,5.0,4.99,5.0,12366100.0
2018-01-23 14:23:05.616000,5.0,4.99,5.0,12366100.0
2018-01-23 14:23:08.436000,5.0,4.99,5.0,12366100.0
2018-01-23 14:23:11.574000,5.0,4.99,5.0,12366100.0
2018-01-23 14:23:14.669000,5.0,4.99,5.0,12366100.0
2018-01-23 14:23:18.237000,5.0,4.99,5.0,12366100.0
2018-01-23 14:23:21.475000,5.0,4.99,5.0,12366100.0
2018-01-23 14:23:24.451000,5.0,4.99,5.0,12366100.0
2018-01-23 14:23:27.804000,5.0,4.99,5.0,12366100.0
2018-01-23 14:23:30.780000,5.0,4.99,5.0,12366100.0
2018-01-23 14:23:33.935000,5.0,4.99,5.0,12366100.0
2018-01-23 14:23:38.348000,5.0,4.99,5.0,12366100.0
2018-01-23 14:23:41.583000,5.0,4.99,5.0,12366100.0
2018-01-23 14:23:44.466000,5.0,4.99,5.0,12366100.0
2018-01-23 14:23:47.939000,5.0,4.99,5.0,12366100.0
2018-01-23 14:23:51.846000,5.0,4.99,5.0,12366100.0
2018-01-23 14:23:56.354000,5.0,4.99,5.0,12366100.0
2018-01-23 14:23:59.435000,5.0,4.99,5.0,12366100.0
2018-01-23 14:24:02.908000,5.0,4.99,5.0,12366100.0
2018-01-23 14:24:06.108000,5.0,4.98,5.0,12366100.0
2018-01-23 14:24:09.141000,4.99,4.98,4.99,12560600.0
2018-01-23 14:24:12.192000,4.99,4.98,4.99,12560600.0
2018-01-23 14:24:15.661000,4.99,4.98,4.99,12560600.0
2018-01-23 14:24:18.765000,4.99,4.98,4.99,12560600.0
2018-01-23 14:24:21.727000,4.99,4.98,4.99,12560600.0
2018-01-23 14:24:24.811000,4.99,4.98,4.99,12560600.0
2018-01-23 14:24:27.783000,4.99,4.98,4.99,12560600.0
2018-01-23 14:24:30.983000,4.99,4.98,4.99,12560600.0
2018-01-23 14:24:33.983000,4.99,4.98,4.99,12560600.0
2018-01-23 14:24:36.955000,4.99,4.98,4.99,12560600.0
2018-01-23 14:24:39.701000,4.99,4.98,4.99,12560600.0
2018-01-23 14:24:42.612000,4.99,4.98,4.99,12560600.0
2018-01-23 14:24:45.524000,4.99,4.98,4.99,12560600.0
2018-01-23 14:24:48.476000,4.99,4.98,4.99,12560600.0
2018-01-23 14:24:51.474000,4.99,4.98,4.99,12560600.0
2018-01-23 14:24:54.624000,4.99,4.98,4.99,12560600.0
2018-01-23 14:24:57.526000,4.99,4.98,4.99,12560600.0
2018-01-23 14:25:00.338000,4.99,4.98,4.99,12560600.0
2018-01-23 14:25:03.293000,4.99,4.98,4.99,12560600.0
2018-01-23 14:25:06.144000,4.99,4.98,4.99,12560600.0
2018-01-23 14:25:08.936000,4.99,4.98,4.99,12560600.0
2018-01-23 14:25:11.929000,4.99,4.98,4.99,12560600.0
2018-01-23 14:25:14.901000,4.99,4.98,4.99,12560600.0
2018-01-23 14:25:17.778000,4.99,4.98,4.99,12560600.0
2018-01-23 14:25:20.890000,4.99,4.98,4.99,12560600.0
2018-01-23 14:25:23.843000,4.99,4.98,4.99,12560600.0
2018-01-23 14:25:26.690000,4.99,4.98,4.99,12560600.0
2018-01-23 14:25:29.485000,4.99,4.98,4.99,12560600.0
2018-01-23 14:25:32.264000,4.99,4.98,4.99,12560600.0
2018-01-23 14:25:35.255000,4.99,4.98,4.99,12560600.0
2018-01-23 14:25:38.212000,4.99,4.98,4.99,12560600.0
2018-01-23 14:25:41.101000,4.99,4.98,4.99,12560600.0
2018-01-23 14:25:44.093000,4.99,4.98,4.99,12560600.0
2018-01-23 14:25:47.103000,4.99,4.98,4.99,12560600.0
2018-01-23 14:25:49.880000,4.99,4.98,4.99,12560600.0
2018-01-23 14:25:52.885000,4.99,4.98,4.99,12560600.0
2018-01-23 14:25:55.910000,4.99,4.98,4.99,12560600.0
2018-01-23 14:25:58.890000,4.99,4.98,4.99,12560600.0
2018-01-23 14:26:01.722000,4.99,4.98,4.99,12560600.0
2018-01-23 14:26:04.489000,4.99,4.98,4.99,12560600.0
2018-01-23 14:26:07.821000,5.0,4.99,5.0,12572600.0
2018-01-23 14:26:11,5.0,4.99,5.0,12572600.0
2018-01-23 14:26:13.847000,5.0,4.99,5.0,12572600.0
2018-01-23 14:26:16.585000,5.0,4.99,5.0,12572600.0
2018-01-23 14:26:19.722000,5.0,4.99,5.0,12572600.0
2018-01-23 14:26:22.588000,5.0,4.99,5.0,12572600.0
2018-01-23 14:26:25.708000,5.0,4.99,5.0,12572600.0
2018-01-23 14:26:28.737000,5.0,4.99,5.0,12572600.0
2018-01-23 14:26:31.709000,5.0,4.99,5.0,12572600.0
2018-01-23 14:26:34.627000,5.0,4.99,5.0,12572600.0
2018-01-23 14:26:37.776000,5.0,4.99,5.0,12572600.0
2018-01-23 14:26:40.770000,5.0,4.99,5.0,12572600.0
2018-01-23 14:26:43.754000,5.0,4.99,5.0,12572600.0
2018-01-23 14:26:46.832000,5.0,4.99,5.0,12572600.0
2018-01-23 14:26:49.863000,5.0,4.99,5.0,12572600.0
2018-01-23 14:26:52.997000,5.0,4.99,5.0,12572600.0
2018-01-23 14:26:55.894000,5.0,4.99,5.0,12572600.0
2018-01-23 14:26:59.158000,5.0,4.99,5.0,12572600.0
2018-01-23 14:27:02.085000,5.0,4.99,5.0,12572600.0
2018-01-23 14:27:05.110000,5.0,4.99,5.0,12572600.0
2018-01-23 14:27:08.255000,5.0,4.99,5.0,12572600.0
2018-01-23 14:27:11.292000,5.0,4.99,5.0,12572600.0
2018-01-23 14:27:14.275000,5.0,4.99,5.0,12572600.0
2018-01-23 14:27:17.122000,5.0,4.99,5.0,12572600.0
2018-01-23 14:27:20.309000,5.0,4.99,5.0,12572600.0
2018-01-23 14:27:23.406000,5.0,4.99,5.0,12572600.0
2018-01-23 14:27:26.483000,5.0,4.99,5.0,12572600.0
2018-01-23 14:27:29.393000,5.0,4.99,5.0,12574600.0
2018-01-23 14:27:32.256000,5.0,4.99,5.0,12574600.0
2018-01-23 14:27:35.347000,5.0,4.99,5.0,12574600.0
2018-01-23 14:27:38.085000,5.0,4.99,5.0,12574600.0
2018-01-23 14:27:41.049000,5.0,4.99,5.0,12574600.0
2018-01-23 14:27:44.145000,5.0,4.99,5.0,12574600.0
2018-01-23 14:27:47.111000,5.0,4.99,5.0,12574600.0
2018-01-23 14:27:50.059000,5.0,4.99,5.0,12574600.0
2018-01-23 14:27:53.015000,5.0,4.99,5.0,12574600.0
2018-01-23 14:27:56.119000,5.0,4.99,5.0,12574600.0
2018-01-23 14:27:58.974000,5.0,4.99,5.0,12574600.0
2018-01-23 14:28:02.062000,5.0,4.99,5.0,12574600.0
2018-01-23 14:28:05.081000,5.0,4.99,5.0,12574600.0
2018-01-23 14:28:08.049000,5.0,4.99,5.0,12574600.0
2018-01-23 14:28:11.053000,5.0,4.99,5.0,12574600.0
2018-01-23 14:28:14.067000,5.0,4.99,5.0,12574600.0
2018-01-23 14:28:17.198000,5.0,4.99,5.0,12574600.0
2018-01-23 14:28:20.227000,5.0,4.99,5.0,12574600.0
2018-01-23 14:28:23.433000,5.0,4.99,5.0,12574600.0
2018-01-23 14:28:26.450000,5.0,4.99,5.0,12574600.0
2018-01-23 14:28:29.348000,5.0,4.99,5.0,12574600.0
2018-01-23 14:28:32.526000,5.0,4.99,5.0,12574600.0
2018-01-23 14:28:35.435000,5.0,4.99,5.0,12574600.0
2018-01-23 14:28:38.479000,5.0,4.99,5.0,12574600.0
2018-01-23 14:28:41.416000,5.0,4.99,5.0,12574600.0
2018-01-23 14:28:44.620000,5.0,4.99,5.0,12574600.0
2018-01-23 14:28:47.614000,5.0,4.99,5.0,12574600.0
2018-01-23 14:28:50.907000,5.0,4.99,5.0,12574600.0
2018-01-23 14:28:53.900000,5.0,4.99,5.0,12574600.0
2018-01-23 14:28:56.823000,5.0,4.99,5.0,12574600.0
2018-01-23 14:28:59.930000,5.0,4.99,5.0,12574600.0
2018-01-23 14:29:02.965000,5.0,4.99,5.0,12574600.0
2018-01-23 14:29:05.985000,5.0,4.99,5.0,12574600.0
2018-01-23 14:29:08.958000,5.0,4.99,5.0,12582600.0
2018-01-23 14:29:12.120000,5.0,4.99,5.0,12582600.0
2018-01-23 14:29:15.193000,5.0,4.99,5.0,12582600.0
2018-01-23 14:29:18.227000,5.0,4.99,5.0,12582600.0
2018-01-23 14:29:21.346000,5.0,4.99,5.0,12582600.0
2018-01-23 14:29:24.444000,5.0,4.99,5.0,12582600.0
2018-01-23 14:29:27.519000,5.0,4.99,5.0,12582600.0
2018-01-23 14:29:30.851000,5.0,4.99,5.0,12582600.0
2018-01-23 14:29:34.026000,5.0,4.99,5.0,12582600.0
2018-01-23 14:29:37.371000,5.0,4.99,5.0,12582600.0
2018-01-23 14:29:40.604000,5.0,4.99,5.0,12582600.0
2018-01-23 14:29:43.721000,5.0,4.99,5.0,12582600.0
2018-01-23 14:29:46.687000,5.0,4.99,5.0,12582600.0
2018-01-23 14:29:49.897000,5.0,4.99,5.0,12582600.0
2018-01-23 14:29:52.900000,5.0,4.99,5.0,12582600.0
2018-01-23 14:29:56.056000,5.0,4.99,5.0,12582600.0
2018-01-23 14:29:59.150000,5.0,4.99,5.0,12582600.0
2018-01-23 14:30:02.354000,5.0,4.99,5.0,12582600.0
2018-01-23 14:30:05.402000,5.0,4.99,5.0,12582600.0
2018-01-23 14:30:08.421000,5.0,4.99,5.0,12582600.0
2018-01-23 14:30:11.605000,5.0,4.99,5.0,12582600.0
2018-01-23 14:30:14.666000,5.0,4.99,5.0,12582600.0
2018-01-23 14:30:17.653000,5.0,4.99,5.0,12582600.0
2018-01-23 14:30:20.650000,5.0,4.99,5.0,12582600.0
2018-01-23 14:30:23.795000,5.0,4.99,5.0,12582600.0
2018-01-23 14:30:27.106000,5.0,4.99,5.0,12582600.0
2018-01-23 14:30:30.357000,5.0,4.99,5.0,12582600.0
2018-01-23 14:30:33.550000,5.0,4.99,5.0,12582600.0
2018-01-23 14:30:36.573000,5.0,4.99,5.0,12582600.0
2018-01-23 14:30:39.618000,5.0,4.99,5.0,12582600.0
2018-01-23 14:30:42.724000,5.0,4.99,5.0,12582600.0
2018-01-23 14:30:45.649000,5.0,4.99,5.0,12582600.0
2018-01-23 14:30:48.558000,5.0,4.99,5.01,12593700.0
2018-01-23 14:30:51.565000,5.0,4.99,5.01,12593700.0
2018-01-23 14:30:54.652000,5.0,4.99,5.01,12593700.0
2018-01-23 14:30:57.735000,5.0,4.99,5.01,12593700.0
2018-01-23 14:31:00.767000,5.0,4.99,5.01,12593700.0
2018-01-23 14:31:03.739000,5.0,4.99,5.01,12593700.0
2018-01-23 14:31:06.783000,5.0,4.99,5.01,12593700.0
2018-01-23 14:31:09.695000,5.0,4.99,5.01,12593700.0
2018-01-23 14:31:12.826000,5.0,4.99,5.01,12593700.0
2018-01-23 14:31:15.764000,5.01,5.0,5.01,12615000.0
2018-01-23 14:31:18.736000,5.01,5.0,5.01,12615000.0
2018-01-23 14:31:21.820000,5.01,5.0,5.01,12615000.0
2018-01-23 14:31:25.326000,5.01,5.0,5.01,12615000.0
2018-01-23 14:31:28.408000,5.01,5.0,5.01,12615000.0
2018-01-23 14:31:31.386000,5.01,5.0,5.01,12615000.0
2018-01-23 14:31:34.511000,5.01,5.0,5.01,12615000.0
2018-01-23 14:31:37.626000,5.01,5.0,5.01,12615000.0
2018-01-23 14:31:40.621000,5.01,5.0,5.01,12615000.0
2018-01-23 14:31:43.310000,,,,
2018-01-23 14:31:46.364000,5.01,5.0,5.01,12615000.0
2018-01-23 14:31:49.401000,5.01,5.0,5.01,12615000.0
2018-01-23 14:31:52.686000,5.01,4.99,5.01,12615000.0
2018-01-23 14:31:55.761000,5.01,4.99,5.01,12615000.0
2018-01-23 14:31:58.702000,5.01,4.99,5.01,12615000.0
2018-01-23 14:32:01.684000,5.01,4.99,5.01,12615000.0
2018-01-23 14:32:04.915000,5.01,4.99,5.01,12615000.0
2018-01-23 14:32:07.824000,5.01,4.99,5.01,12615000.0
2018-01-23 14:32:10.870000,5.01,4.99,5.01,12615000.0
2018-01-23 14:32:13.921000,5.01,4.99,5.01,12615000.0
2018-01-23 14:32:16.778000,5.01,4.99,5.01,12615000.0
2018-01-23 14:32:19.871000,5.01,4.99,5.01,12615000.0
2018-01-23 14:32:23.047000,5.01,4.99,5.01,12615000.0
2018-01-23 14:32:26.170000,5.01,4.99,5.01,12615000.0
2018-01-23 14:32:29.083000,5.01,4.99,5.01,12615000.0
2018-01-23 14:32:32.172000,5.01,4.99,5.01,12615000.0
2018-01-23 14:32:35.348000,5.01,4.99,5.01,12615000.0
2018-01-23 14:32:38.296000,5.01,4.99,5.01,12615000.0
2018-01-23 14:32:41.750000,5.01,4.99,5.01,12615000.0
2018-01-23 14:32:45.011000,5.01,4.99,5.01,12615000.0
2018-01-23 14:32:48.082000,5.01,4.99,5.01,12615000.0
2018-01-23 14:32:51.078000,5.01,4.99,5.01,12615000.0
2018-01-23 14:32:54.039000,5.01,4.99,5.01,12615000.0
2018-01-23 14:32:57.114000,5.01,4.99,5.01,12615000.0
2018-01-23 14:33:00.137000,5.01,4.99,5.01,12615000.0
2018-01-23 14:33:03.159000,5.01,4.99,5.01,12615000.0
2018-01-23 14:33:06.230000,5.01,4.99,5.01,12615000.0
2018-01-23 14:33:09.122000,5.01,4.99,5.01,12615000.0
2018-01-23 14:33:12.130000,5.01,4.99,5.01,12622000.0
2018-01-23 14:33:15.106000,5.01,4.99,5.01,12622000.0
2018-01-23 14:33:17.997000,5.01,4.99,5.01,12622000.0
2018-01-23 14:33:21.091000,5.01,4.99,5.01,12622000.0
2018-01-23 14:33:24.092000,5.01,4.99,5.01,12622000.0
2018-01-23 14:33:27.206000,5.01,4.99,5.01,12622000.0
2018-01-23 14:33:30.478000,5.01,4.99,5.01,12622000.0
2018-01-23 14:33:33.388000,5.01,4.99,5.01,12622000.0
2018-01-23 14:33:36.570000,5.01,4.99,5.01,12622000.0
2018-01-23 14:33:39.751000,5.01,4.99,5.01,12622000.0
2018-01-23 14:33:42.833000,5.01,4.99,5.01,12622000.0
2018-01-23 14:33:45.968000,5.01,4.99,5.01,12622000.0
2018-01-23 14:33:48.910000,5.01,4.99,5.01,12622000.0
2018-01-23 14:33:51.812000,5.01,4.99,5.01,12622000.0
2018-01-23 14:33:55.027000,5.01,4.99,5.01,12622000.0
2018-01-23 14:33:58.008000,5.01,4.99,5.01,12622000.0
2018-01-23 14:34:01.140000,5.01,4.99,5.01,12622000.0
2018-01-23 14:34:04.201000,5.01,4.99,5.01,12622000.0
2018-01-23 14:34:07.377000,5.01,4.99,5.01,12622000.0
2018-01-23 14:34:10.530000,5.01,4.99,5.01,12622000.0
2018-01-23 14:34:13.590000,5.01,4.99,5.01,12622000.0
2018-01-23 14:34:16.903000,5.01,4.99,5.01,12622000.0
2018-01-23 14:34:19.890000,5.01,4.99,5.01,12622000.0
2018-01-23 14:34:22.912000,5.01,4.99,5.01,12622000.0
2018-01-23 14:34:25.812000,5.01,4.99,5.01,12622000.0
2018-01-23 14:34:29.028000,5.01,4.99,5.01,12622000.0
2018-01-23 14:34:32.142000,5.01,4.99,5.01,12622000.0
2018-01-23 14:34:35.047000,5.01,4.99,5.01,12622000.0
2018-01-23 14:34:37.981000,5.01,4.99,5.01,12622000.0
2018-01-23 14:34:40.922000,5.01,4.99,5.01,12622000.0
2018-01-23 14:34:43.889000,5.01,4.99,5.01,12622000.0
2018-01-23 14:34:46.908000,5.01,4.99,5.01,12622000.0
2018-01-23 14:34:50.014000,5.01,4.99,5.01,12622000.0
2018-01-23 14:34:53.131000,5.01,4.99,5.01,12622000.0
2018-01-23 14:34:56.251000,5.01,4.99,5.01,12622000.0
2018-01-23 14:34:59.343000,5.01,4.99,5.01,12622000.0
2018-01-23 14:35:02.455000,5.01,4.99,5.01,12622000.0
2018-01-23 14:35:05.953000,5.01,4.99,5.01,12622000.0
2018-01-23 14:35:09.003000,5.0,4.99,5.0,12652000.0
2018-01-23 14:35:12.341000,5.0,4.99,5.0,12652000.0
2018-01-23 14:35:15.359000,5.0,4.99,5.0,12652000.0
2018-01-23 14:35:18.636000,5.0,4.99,5.0,12652000.0
2018-01-23 14:35:21.641000,5.0,4.99,5.0,12652000.0
2018-01-23 14:35:24.812000,5.0,4.99,5.0,12652000.0
2018-01-23 14:35:28.074000,5.0,4.99,5.0,12652000.0
2018-01-23 14:35:31.094000,5.0,4.99,5.0,12652000.0
2018-01-23 14:35:34.114000,5.0,4.99,5.0,12652000.0
2018-01-23 14:35:37.172000,5.0,4.99,5.0,12652000.0
2018-01-23 14:35:40.174000,5.0,4.99,5.0,12652000.0
2018-01-23 14:35:43.083000,5.0,4.99,5.0,12652000.0
2018-01-23 14:35:46.079000,5.0,4.99,5.0,12652000.0
2018-01-23 14:35:48.958000,5.0,4.99,5.0,12652000.0
2018-01-23 14:35:52.222000,5.0,4.99,5.0,12652000.0
2018-01-23 14:35:55.110000,5.0,4.99,5.0,12652000.0
2018-01-23 14:35:57.906000,5.0,4.99,5.0,12652000.0
2018-01-23 14:36:01.131000,5.0,4.99,5.0,12652000.0
2018-01-23 14:36:04.156000,5.0,4.99,5.0,12652000.0
2018-01-23 14:36:07.266000,5.0,4.99,5.0,12652000.0
2018-01-23 14:36:10.208000,5.0,4.99,5.0,12652000.0
2018-01-23 14:36:13.430000,5.0,4.99,5.0,12662000.0
2018-01-23 14:36:16.702000,5.0,4.99,5.0,12662000.0
2018-01-23 14:36:19.799000,5.0,4.99,5.0,12662000.0
2018-01-23 14:36:22.973000,5.0,4.99,5.0,12662000.0
2018-01-23 14:36:26.245000,5.0,4.99,5.0,12662000.0
2018-01-23 14:36:29.242000,5.0,4.99,5.0,12662000.0
2018-01-23 14:36:32.598000,5.0,4.99,5.0,12662000.0
2018-01-23 14:36:35.504000,5.0,4.99,5.0,12662000.0
2018-01-23 14:36:38.898000,5.0,4.99,5.0,12662000.0
2018-01-23 14:36:41.917000,5.0,4.99,5.0,12662000.0
2018-01-23 14:36:45.487000,5.0,4.99,5.0,12662000.0
2018-01-23 14:36:48.522000,5.0,4.99,5.0,12662000.0
2018-01-23 14:36:51.585000,5.0,4.99,5.0,12662000.0
2018-01-23 14:36:54.972000,5.0,4.99,5.0,12662000.0
2018-01-23 14:36:58.728000,5.0,4.99,5.0,12662000.0
2018-01-23 14:37:01.807000,5.0,4.99,5.0,12662000.0
2018-01-23 14:37:04.925000,5.0,4.99,5.0,12662000.0
2018-01-23 14:37:07.835000,5.0,4.99,5.0,12662000.0
2018-01-23 14:37:10.757000,5.0,4.99,5.0,12662000.0
2018-01-23 14:37:13.736000,5.0,4.99,5.0,12662000.0
2018-01-23 14:37:16.929000,5.0,4.99,5.0,12662000.0
2018-01-23 14:37:19.908000,5.0,4.99,5.0,12662000.0
2018-01-23 14:37:23.339000,5.0,4.99,5.0,12662000.0
2018-01-23 14:37:26.364000,5.0,4.99,5.0,12662000.0
2018-01-23 14:37:29.542000,5.0,4.99,5.0,12662000.0
2018-01-23 14:37:32.570000,5.0,4.99,5.0,12662000.0
2018-01-23 14:37:35.596000,5.0,4.99,5.0,12662000.0
2018-01-23 14:37:38.689000,5.0,4.99,5.0,12692000.0
2018-01-23 14:37:41.597000,5.0,4.99,5.0,12692000.0
2018-01-23 14:37:44.589000,5.0,4.99,5.0,12692000.0
2018-01-23 14:37:47.740000,5.0,4.99,5.0,12692000.0
2018-01-23 14:37:50.849000,5.0,4.99,5.0,12692000.0
2018-01-23 14:37:53.759000,5.0,4.99,5.0,12692000.0
2018-01-23 14:37:56.769000,5.0,4.99,5.0,12692000.0
2018-01-23 14:37:59.894000,5.0,4.99,5.0,12692000.0
2018-01-23 14:38:03.026000,5.0,4.99,5.0,12692000.0
2018-01-23 14:38:06.115000,5.0,4.99,5.0,12692000.0
2018-01-23 14:38:09.397000,5.0,4.99,5.0,12692000.0
2018-01-23 14:38:12.524000,5.0,4.99,5.0,12692000.0
2018-01-23 14:38:15.550000,5.0,4.99,5.0,12692000.0
2018-01-23 14:38:18.726000,5.0,4.99,5.0,12692000.0
2018-01-23 14:38:21.817000,5.0,4.99,5.0,12692000.0
2018-01-23 14:38:24.972000,5.0,4.99,5.0,12692000.0
2018-01-23 14:38:28.023000,5.0,4.99,5.0,12692000.0
2018-01-23 14:38:31.289000,5.0,4.99,5.0,12692000.0
2018-01-23 14:38:34.522000,5.0,4.99,5.0,12692000.0
2018-01-23 14:38:37.552000,5.0,4.99,5.0,12692000.0
2018-01-23 14:38:40.460000,5.0,4.99,5.0,12692000.0
2018-01-23 14:38:43.398000,5.0,4.99,5.0,12692000.0
2018-01-23 14:38:46.445000,5.0,4.99,5.0,12692000.0
2018-01-23 14:38:49.766000,5.0,4.99,5.0,12692000.0
2018-01-23 14:38:53.132000,5.0,4.99,5.0,12692000.0
2018-01-23 14:38:56.063000,5.0,4.99,5.0,12692000.0
2018-01-23 14:38:59.176000,5.0,4.99,5.0,12692000.0
2018-01-23 14:39:02.226000,5.0,4.99,5.0,12692000.0
2018-01-23 14:39:05.129000,5.0,4.99,5.0,12692000.0
2018-01-23 14:39:08.395000,5.0,4.99,5.0,12692000.0
2018-01-23 14:39:11.710000,5.0,4.99,5.0,12692000.0
2018-01-23 14:39:14.656000,5.0,4.99,5.0,12692000.0
2018-01-23 14:39:17.720000,5.0,4.99,5.0,12692000.0
2018-01-23 14:39:20.851000,5.0,4.99,5.0,12692000.0
2018-01-23 14:39:23.855000,5.0,4.99,5.0,12692000.0
2018-01-23 14:39:27.106000,5.0,4.99,5.0,12692000.0
2018-01-23 14:39:30.180000,5.0,4.99,5.0,12692000.0
2018-01-23 14:39:33.295000,5.0,4.99,5.0,12692000.0
2018-01-23 14:39:36.259000,5.0,4.99,5.0,12692000.0
2018-01-23 14:39:39.200000,5.0,4.99,5.0,12692000.0
2018-01-23 14:39:42.585000,5.0,4.99,5.0,12692000.0
2018-01-23 14:39:45.736000,5.0,4.99,5.0,12692000.0
2018-01-23 14:39:48.707000,5.0,4.99,5.0,12692000.0
2018-01-23 14:39:51.777000,5.0,4.99,5.0,12692000.0
2018-01-23 14:39:54.974000,5.0,4.99,5.0,12692000.0
2018-01-23 14:39:58.344000,5.0,4.99,5.0,12692000.0
2018-01-23 14:40:01.282000,5.0,4.99,5.0,12692000.0
2018-01-23 14:40:04.271000,5.0,4.99,5.0,12692000.0
2018-01-23 14:40:07.186000,5.0,4.99,5.0,12692000.0
2018-01-23 14:40:10.257000,5.0,4.99,5.0,12692000.0
2018-01-23 14:40:13.371000,5.0,4.99,5.0,12692000.0
2018-01-23 14:40:16.275000,5.0,4.99,5.0,12692000.0
2018-01-23 14:40:19.317000,5.0,4.99,5.0,12692000.0
2018-01-23 14:40:22.434000,5.0,4.99,5.0,12780000.0
2018-01-23 14:40:25.737000,5.0,4.99,5.0,12780000.0
2018-01-23 14:40:29.068000,5.0,4.99,5.0,12780000.0
2018-01-23 14:40:32.220000,5.0,4.99,5.0,12780000.0
2018-01-23 14:40:35.353000,5.0,4.99,5.0,12780000.0
2018-01-23 14:40:38.372000,5.0,4.99,5.0,12780000.0
2018-01-23 14:40:41.583000,5.0,4.99,5.0,12780000.0
2018-01-23 14:40:44.671000,5.0,4.99,5.0,12780000.0
2018-01-23 14:40:47.516000,5.0,4.99,5.0,12780000.0
2018-01-23 14:40:50.665000,5.0,4.99,5.0,12780000.0
2018-01-23 14:40:53.840000,5.0,4.99,5.0,12780000.0
2018-01-23 14:40:56.995000,5.0,4.99,5.0,12780000.0
2018-01-23 14:40:59.932000,5.0,4.99,5.0,12780000.0
2018-01-23 14:41:02.845000,5.0,4.99,5.0,12780000.0
2018-01-23 14:41:05.923000,5.0,4.99,5.0,12780000.0
2018-01-23 14:41:08.911000,5.0,4.99,5.0,12780000.0
2018-01-23 14:41:12.089000,5.0,4.99,5.0,12780000.0
2018-01-23 14:41:15.150000,5.0,4.99,5.0,12780000.0
2018-01-23 14:41:18.075000,5.0,4.99,5.0,12780000.0
2018-01-23 14:41:21.223000,5.0,4.99,5.0,12780000.0
2018-01-23 14:41:24.497000,5.0,4.99,5.0,12790000.0
2018-01-23 14:41:27.405000,5.0,4.99,5.0,12790000.0
2018-01-23 14:41:30.508000,5.0,4.99,5.0,12790000.0
2018-01-23 14:41:33.596000,5.0,4.99,5.0,12790000.0
2018-01-23 14:41:36.876000,5.0,4.99,5.0,12790000.0
2018-01-23 14:41:39.887000,5.0,4.99,5.0,12790000.0
2018-01-23 14:41:43.124000,5.0,4.99,5.0,12790000.0
2018-01-23 14:41:46.888000,5.0,4.99,5.0,12790000.0
2018-01-23 14:41:50.025000,5.0,4.99,5.0,12790000.0
2018-01-23 14:41:53.038000,5.0,4.99,5.0,12790000.0
2018-01-23 14:41:56.124000,5.0,4.99,5.0,12790000.0
2018-01-23 14:41:59.033000,5.0,4.99,5.0,12790000.0
2018-01-23 14:42:02.145000,5.0,4.99,5.0,12790000.0
2018-01-23 14:42:05.276000,5.0,4.99,5.0,12790000.0
2018-01-23 14:42:08.680000,5.0,4.99,5.0,12790000.0
2018-01-23 14:42:11.902000,5.0,4.99,5.0,12790000.0
2018-01-23 14:42:14.780000,5.0,4.99,5.0,12790000.0
2018-01-23 14:42:17.795000,5.0,4.99,5.0,12790000.0
2018-01-23 14:42:20.886000,5.0,4.99,5.0,12790000.0
2018-01-23 14:42:24.124000,5.0,4.99,5.0,12790000.0
2018-01-23 14:42:27.145000,5.0,4.99,5.0,12790000.0
