time,price,bid,ask,volume
2018-01-24 10:16:43.553000,33.0,32.95,33.0,16649171.0
2018-01-24 10:16:46.505000,33.0,32.95,33.0,16649171.0
2018-01-24 10:16:49.121000,33.0,32.95,33.0,16649171.0
2018-01-24 10:16:51.756000,33.0,32.95,33.0,16649171.0
2018-01-24 10:16:54.211000,33.0,32.95,33.0,16649171.0
2018-01-24 10:16:56.709000,33.0,32.95,33.0,16649171.0
2018-01-24 10:16:59.337000,33.0,33.0,33.05,16714171.0
2018-01-24 10:17:02.004000,33.0,33.0,33.05,16714171.0
2018-01-24 10:17:04.773000,33.0,33.0,33.05,16714171.0
2018-01-24 10:17:07.337000,33.0,33.0,33.05,16714171.0
2018-01-24 10:17:09.936000,33.0,33.0,33.05,16714171.0
2018-01-24 10:17:12.598000,33.0,33.0,33.05,16714171.0
2018-01-24 10:17:15.445000,33.0,33.0,33.05,16714171.0
2018-01-24 10:17:18.337000,33.0,33.0,33.05,16714171.0
2018-01-24 10:17:21.206000,33.0,33.0,33.05,16714171.0
2018-01-24 10:17:24.273000,33.0,33.0,33.05,16714171.0
2018-01-24 10:17:26.925000,33.0,33.0,33.05,16714171.0
2018-01-24 10:17:29.788000,33.0,33.0,33.05,16714171.0
2018-01-24 10:17:32.676000,33.0,33.0,33.05,16714171.0
2018-01-24 10:17:35.483000,33.0,33.0,33.05,16714171.0
2018-01-24 10:17:37.993000,33.0,33.0,33.05,16714171.0
2018-01-24 10:17:40.609000,33.0,33.0,33.05,16714171.0
2018-01-24 10:17:43.523000,33.0,33.0,33.05,16714171.0
2018-01-24 10:17:46.046000,33.0,33.0,33.05,16714171.0
2018-01-24 10:17:48.708000,33.0,33.0,33.05,16714171.0
2018-01-24 10:17:51.348000,33.0,33.0,33.05,16714171.0
2018-01-24 10:17:54.070000,33.0,33.0,33.05,16714171.0
2018-01-24 10:17:56.552000,33.0,33.0,33.05,16714171.0
2018-01-24 10:17:59.400000,33.0,33.0,33.05,16714171.0
2018-01-24 10:18:01.849000,33.0,33.0,33.05,16714171.0
2018-01-24 10:18:04.434000,33.0,33.0,33.05,16714171.0
2018-01-24 10:18:07.071000,33.0,33.0,33.05,16714171.0
2018-01-24 10:18:10.059000,33.0,33.0,33.05,16714171.0
2018-01-24 10:18:12.804000,33.0,33.0,33.05,16714171.0
2018-01-24 10:18:15.620000,33.0,33.0,33.05,16714171.0
2018-01-24 10:18:18.309000,33.0,33.0,33.05,16714171.0
2018-01-24 10:18:20.777000,33.0,33.0,33.05,16714171.0
2018-01-24 10:18:23.294000,33.0,33.0,33.05,16714171.0
2018-01-24 10:18:25.965000,33.0,33.0,33.05,16714171.0
2018-01-24 10:18:28.664000,33.0,33.0,33.05,16723671.0
2018-01-24 10:18:31.336000,33.0,33.0,33.05,16723671.0
2018-01-24 10:18:33.982000,33.0,33.0,33.05,16723671.0
2018-01-24 10:18:36.414000,33.0,33.0,33.05,16723671.0
2018-01-24 10:18:39.004000,33.0,33.0,33.05,16723671.0
2018-01-24 10:18:41.632000,33.0,33.0,33.05,16723671.0
2018-01-24 10:18:44.261000,33.0,33.0,33.05,16723671.0
2018-01-24 10:18:47.071000,33.0,33.0,33.05,16723671.0
2018-01-24 10:18:49.750000,33.0,33.0,33.05,16723671.0
2018-01-24 10:18:52.370000,33.0,33.0,33.05,16723671.0
2018-01-24 10:18:54.972000,33.0,33.0,33.05,16723671.0
2018-01-24 10:18:58.006000,33.0,33.0,33.05,16723671.0
2018-01-24 10:19:00.744000,33.0,33.0,33.05,16723671.0
2018-01-24 10:19:03.622000,33.0,33.0,33.05,16723671.0
2018-01-24 10:19:06.321000,33.0,33.0,33.05,16723671.0
2018-01-24 10:19:09.230000,33.0,33.0,33.05,16723671.0
2018-01-24 10:19:12.031000,33.0,33.0,33.05,16723671.0
2018-01-24 10:19:14.657000,33.0,33.0,33.05,16723671.0
2018-01-24 10:19:17.476000,33.0,33.0,33.05,16723671.0
2018-01-24 10:19:20.574000,33.0,33.0,33.05,16723671.0
2018-01-24 10:19:23.242000,33.0,33.0,33.05,16723671.0
2018-01-24 10:19:25.998000,33.0,33.0,33.05,16726671.0
2018-01-24 10:19:28.621000,33.0,33.0,33.05,16726671.0
2018-01-24 10:19:31.254000,33.0,33.0,33.05,16726671.0
2018-01-24 10:19:33.950000,33.0,33.0,33.05,16726671.0
2018-01-24 10:19:36.524000,33.0,33.0,33.05,16726671.0
2018-01-24 10:19:39.318000,33.0,33.0,33.05,16726671.0
2018-01-24 10:19:41.900000,33.0,33.0,33.05,16726671.0
2018-01-24 10:19:44.638000,33.0,33.0,33.05,16726671.0
2018-01-24 10:19:47.121000,33.0,33.0,33.05,16726671.0
2018-01-24 10:19:49.953000,33.0,33.0,33.05,16726671.0
2018-01-24 10:19:53.277000,33.0,33.0,33.05,16726671.0
2018-01-24 10:19:55.967000,33.0,33.0,33.05,16726671.0
2018-01-24 10:19:58.549000,33.0,33.0,33.05,16726671.0
2018-01-24 10:20:01.171000,33.0,33.0,33.05,16726671.0
2018-01-24 10:20:03.746000,33.0,33.0,33.05,16726671.0
2018-01-24 10:20:06.384000,33.0,33.0,33.05,16726671.0
2018-01-24 10:20:08.942000,33.0,33.0,33.05,16726671.0
2018-01-24 10:20:11.589000,33.0,33.0,33.05,16726671.0
2018-01-24 10:20:14.483000,33.0,33.0,33.05,16726671.0
2018-01-24 10:20:18.310000,33.0,33.0,33.05,16726671.0
2018-01-24 10:20:21.633000,33.0,33.0,33.05,16726671.0
2018-01-24 10:20:25.107000,33.0,33.0,33.05,16726671.0
2018-01-24 10:20:28.432000,33.0,33.0,33.05,16726671.0
2018-01-24 10:20:31.759000,33.0,33.0,33.05,16726671.0
2018-01-24 10:20:35.122000,33.0,33.0,33.05,16735171.0
2018-01-24 10:20:39.244000,33.0,33.0,33.05,16735171.0
2018-01-24 10:20:42.495000,33.0,33.0,33.05,16735171.0
2018-01-24 10:20:46.171000,33.0,33.0,33.05,16735171.0
2018-01-24 10:20:49.576000,33.0,33.0,33.05,16735171.0
2018-01-24 10:20:53.513000,33.0,33.0,33.05,16735171.0
2018-01-24 10:20:56.995000,33.0,33.0,33.05,16735171.0
2018-01-24 10:21:00.170000,33.0,33.0,33.05,16735171.0
2018-01-24 10:21:03.912000,33.0,33.0,33.05,16735171.0
2018-01-24 10:21:07.464000,33.0,33.0,33.05,16735171.0
2018-01-24 10:21:10.851000,33.0,33.0,33.05,16735171.0
2018-01-24 10:21:14.234000,33.0,33.0,33.05,16735171.0
2018-01-24 10:21:17.591000,33.0,33.0,33.05,16735171.0
2018-01-24 10:21:20.751000,33.0,33.0,33.05,16735171.0
2018-01-24 10:21:24.173000,33.0,33.0,33.05,16735171.0
2018-01-24 10:21:27.836000,33.0,33.0,33.05,16735171.0
2018-01-24 10:21:30.950000,33.0,33.0,33.05,16735171.0
2018-01-24 10:21:34.375000,33.0,33.0,33.05,16735171.0
2018-01-24 10:21:37.669000,33.0,33.0,33.05,16735171.0
2018-01-24 10:21:40.968000,33.0,33.0,33.05,16735171.0
2018-01-24 10:21:44.219000,33.0,33.0,33.05,16735171.0
2018-01-24 10:21:47.528000,33.0,33.0,33.05,16735171.0
2018-01-24 10:21:50.875000,33.0,33.0,33.05,16735171.0
2018-01-24 10:21:54.242000,33.0,33.0,33.05,16735171.0
2018-01-24 10:21:57.658000,33.0,33.0,33.05,16735171.0
2018-01-24 10:22:01.117000,33.0,33.0,33.05,16735171.0
2018-01-24 10:22:04.531000,33.0,33.0,33.05,16735171.0
2018-01-24 10:22:07.737000,33.0,33.0,33.05,16735171.0
2018-01-24 10:22:10.943000,33.0,33.0,33.05,16735171.0
2018-01-24 10:22:14.093000,33.0,33.0,33.05,16735171.0
2018-01-24 10:22:17.545000,33.0,33.0,33.05,16742273.0
2018-01-24 10:22:20.784000,33.0,33.0,33.05,16742273.0
2018-01-24 10:22:24.117000,33.0,33.0,33.05,16742273.0
2018-01-24 10:22:27.122000,33.0,33.0,33.05,16742273.0
2018-01-24 10:22:30.360000,33.0,33.0,33.05,16742273.0
2018-01-24 10:22:33.815000,33.0,33.0,33.05,16742273.0
2018-01-24 10:22:37.263000,33.0,33.0,33.05,16742273.0
2018-01-24 10:22:40.798000,33.0,33.0,33.05,16742273.0
2018-01-24 10:22:44.055000,33.0,33.0,33.05,16742273.0
2018-01-24 10:22:47.373000,33.0,33.0,33.05,16742273.0
2018-01-24 10:22:51.048000,33.0,33.0,33.05,16742273.0
2018-01-24 10:22:54.536000,33.0,33.0,33.05,16742273.0
2018-01-24 10:22:58.078000,33.0,33.0,33.05,16742273.0
2018-01-24 10:23:01.763000,33.0,33.0,33.05,16742273.0
2018-01-24 10:23:05.520000,33.0,33.0,33.05,16742273.0
2018-01-24 10:23:09.206000,33.0,33.0,33.05,16757273.0
2018-01-24 10:23:13.361000,33.0,33.0,33.05,16757273.0
2018-01-24 10:23:16.686000,33.0,33.0,33.05,16757273.0
2018-01-24 10:23:20.115000,33.0,33.0,33.05,16757273.0
2018-01-24 10:23:23.391000,33.0,33.0,33.05,16757273.0
2018-01-24 10:23:26.685000,33.0,33.0,33.05,16757273.0
2018-01-24 10:23:29.767000,33.0,33.0,33.05,16757273.0
2018-01-24 10:23:33.141000,33.0,33.0,33.05,16757273.0
2018-01-24 10:23:36.207000,33.0,33.0,33.05,16757273.0
2018-01-24 10:23:39.425000,33.0,33.0,33.05,16757273.0
2018-01-24 10:23:42.892000,33.0,33.0,33.05,16757273.0
2018-01-24 10:23:46.209000,33.0,33.0,33.05,16757273.0
2018-01-24 10:23:49.346000,33.0,33.0,33.05,16757273.0
2018-01-24 10:23:52.734000,33.0,33.0,33.05,16757273.0
2018-01-24 10:23:55.893000,33.0,33.0,33.05,16757273.0
2018-01-24 10:23:59.096000,33.0,33.0,33.05,16757273.0
2018-01-24 10:24:02.735000,33.0,33.0,33.05,16757273.0
2018-01-24 10:24:06.057000,33.0,33.0,33.05,16757273.0
2018-01-24 10:24:09.088000,33.0,33.0,33.05,16757273.0
2018-01-24 10:24:12.473000,33.0,33.0,33.05,16757273.0
2018-01-24 10:24:15.604000,33.0,33.0,33.05,16757273.0
2018-01-24 10:24:18.930000,33.0,33.0,33.05,16757273.0
2018-01-24 10:24:22.562000,33.0,33.0,33.05,16763273.0
2018-01-24 10:24:25.945000,33.0,33.0,33.05,16763273.0
2018-01-24 10:24:29.523000,33.0,33.0,33.05,16763273.0
2018-01-24 10:24:32.593000,33.0,33.0,33.05,16763273.0
2018-01-24 10:24:35.784000,33.0,33.0,33.05,16763273.0
2018-01-24 10:24:39.004000,33.0,33.0,33.05,16763273.0
2018-01-24 10:24:42.063000,33.0,33.0,33.05,16763273.0
2018-01-24 10:24:45.396000,33.0,33.0,33.05,16763273.0
2018-01-24 10:24:48.625000,33.0,33.0,33.05,16763273.0
2018-01-24 10:24:52.624000,33.0,33.0,33.05,16763273.0
2018-01-24 10:24:55.675000,33.0,33.0,33.05,16763273.0
2018-01-24 10:24:58.926000,33.0,33.0,33.05,16763273.0
2018-01-24 10:25:04.115000,33.0,33.0,33.05,16763273.0
2018-01-24 10:25:07.409000,33.0,33.0,33.05,16763273.0
2018-01-24 10:25:10.513000,33.0,33.0,33.05,16763273.0
2018-01-24 10:25:13.575000,33.0,33.0,33.05,16763273.0
2018-01-24 10:25:16.921000,33.0,33.0,33.05,16763273.0
2018-01-24 10:25:20.953000,33.0,33.0,33.05,16763273.0
2018-01-24 10:25:24.278000,33.0,33.0,33.05,16763273.0
2018-01-24 10:25:27.240000,33.0,33.0,33.05,16763273.0
2018-01-24 10:25:30.415000,33.0,33.0,33.05,16763273.0
2018-01-24 10:25:33.427000,33.0,33.0,33.05,16763273.0
2018-01-24 10:25:36.862000,33.0,33.0,33.05,16763273.0
2018-01-24 10:25:40.169000,33.0,33.0,33.05,16763273.0
2018-01-24 10:25:43.084000,33.0,33.0,33.05,16763273.0
2018-01-24 10:25:46.184000,33.0,33.0,33.05,16763273.0
2018-01-24 10:25:49.134000,33.0,33.0,33.05,16763273.0
2018-01-24 10:25:52.096000,33.0,33.0,33.05,16767273.0
2018-01-24 10:25:55.116000,33.0,33.0,33.05,16767273.0
2018-01-24 10:25:58.388000,33.0,33.0,33.05,16767273.0
2018-01-24 10:26:01.448000,33.0,33.0,33.05,16767273.0
2018-01-24 10:26:04.647000,33.0,33.0,33.05,16767273.0
2018-01-24 10:26:07.895000,33.0,33.0,33.05,16767273.0
2018-01-24 10:26:11.196000,33.0,33.0,33.05,16767273.0
2018-01-24 10:26:14.279000,33.0,33.0,33.05,16767273.0
2018-01-24 10:26:17.676000,33.0,33.0,33.05,16767273.0
2018-01-24 10:26:21.059000,33.0,33.0,33.05,16767273.0
2018-01-24 10:26:24.631000,33.0,33.0,33.05,16767273.0
2018-01-24 10:26:28.801000,33.0,33.0,33.05,16767273.0
2018-01-24 10:26:32.503000,33.0,33.0,33.05,16767273.0
2018-01-24 10:26:35.641000,33.0,33.0,33.05,16767273.0
2018-01-24 10:26:38.740000,33.0,33.0,33.05,16767273.0
2018-01-24 10:26:43.440000,33.0,33.0,33.05,16767273.0
2018-01-24 10:26:46.973000,33.0,33.0,33.05,16767773.0
2018-01-24 10:26:51.336000,33.0,33.0,33.05,16767773.0
2018-01-24 10:26:54.601000,33.0,33.0,33.05,16767773.0
2018-01-24 10:26:57.893000,33.0,33.0,33.05,16767773.0
2018-01-24 10:27:01.028000,33.0,33.0,33.05,16767773.0
2018-01-24 10:27:04.256000,33.0,33.0,33.05,16767773.0
2018-01-24 10:27:07.347000,33.0,33.0,33.05,16767773.0
2018-01-24 10:27:10.600000,33.0,33.0,33.05,16767773.0
2018-01-24 10:27:14.102000,33.0,33.0,33.05,16767773.0
2018-01-24 10:27:17.894000,33.0,33.0,33.05,16767773.0
2018-01-24 10:27:21.204000,33.0,33.0,33.05,16767773.0
2018-01-24 10:27:24.566000,33.0,33.0,33.05,16767773.0
2018-01-24 10:27:27.897000,33.0,33.0,33.05,16767773.0
2018-01-24 10:27:31.454000,33.0,33.0,33.05,16767773.0
2018-01-24 10:27:34.978000,33.0,33.0,33.05,16767773.0
2018-01-24 10:27:38.069000,33.0,33.0,33.05,16767773.0
2018-01-24 10:27:41.057000,33.0,33.0,33.05,16767773.0
2018-01-24 10:27:44.273000,33.0,33.0,33.05,16767773.0
2018-01-24 10:27:47.474000,33.0,33.0,33.05,16767773.0
2018-01-24 10:27:50.713000,33.0,33.0,33.05,16767773.0
2018-01-24 10:27:54.257000,33.05,33.0,33.05,16924772.0
2018-01-24 10:27:57.740000,33.05,33.0,33.05,16924772.0
2018-01-24 10:28:01.262000,33.05,33.0,33.05,16945807.0
2018-01-24 10:28:04.583000,33.05,33.0,33.05,16945807.0
2018-01-24 10:28:07.911000,33.05,33.0,33.05,16945807.0
2018-01-24 10:28:11.346000,33.05,33.0,33.05,16945807.0
2018-01-24 10:28:14.928000,33.05,33.0,33.05,16945807.0
2018-01-24 10:28:19.137000,33.05,33.0,33.05,16945807.0
2018-01-24 10:28:22.582000,33.05,33.0,33.05,16945807.0
2018-01-24 10:28:25.964000,33.05,33.0,33.05,16945807.0
2018-01-24 10:28:29.324000,33.05,33.0,33.05,16945807.0
2018-01-24 10:28:32.694000,33.05,33.0,33.05,16945807.0
2018-01-24 10:28:36.113000,33.05,33.0,33.05,16945807.0
2018-01-24 10:28:39.389000,33.05,33.0,33.05,16945807.0
2018-01-24 10:28:42.804000,33.05,33.0,33.05,16945807.0
2018-01-24 10:28:46.105000,33.05,33.0,33.05,16945807.0
2018-01-24 10:28:49.407000,33.05,33.0,33.05,16945807.0
2018-01-24 10:28:52.742000,33.05,33.0,33.05,16945807.0
2018-01-24 10:28:55.995000,33.05,33.0,33.05,16945807.0
2018-01-24 10:28:59.163000,33.05,33.0,33.05,16945807.0
2018-01-24 10:29:02.552000,33.05,33.0,33.05,16945807.0
2018-01-24 10:29:05.760000,33.05,33.0,33.05,16945807.0
2018-01-24 10:29:08.820000,33.05,33.0,33.05,16945807.0
2018-01-24 10:29:12.048000,33.05,33.0,33.05,16945807.0
2018-01-24 10:29:15.212000,33.05,33.0,33.05,16945807.0
2018-01-24 10:29:18.274000,33.05,33.0,33.05,16945807.0
2018-01-24 10:29:21.458000,33.05,33.0,33.05,16945807.0
2018-01-24 10:29:24.576000,33.0,33.0,33.05,16956993.0
2018-01-24 10:29:27.757000,33.0,33.0,33.05,16956993.0
2018-01-24 10:29:30.938000,33.0,33.0,33.05,16956993.0
2018-01-24 10:29:34.056000,33.0,33.0,33.05,16956993.0
2018-01-24 10:29:37.131000,33.0,33.0,33.05,16956993.0
2018-01-24 10:29:40.466000,33.0,33.0,33.05,16956993.0
2018-01-24 10:29:43.510000,33.0,33.0,33.05,16956993.0
2018-01-24 10:29:46.716000,33.0,33.0,33.05,16956993.0
2018-01-24 10:29:50.339000,33.0,33.0,33.05,16956993.0
2018-01-24 10:29:53.355000,33.0,33.0,33.05,16956993.0
2018-01-24 10:29:56.738000,33.0,33.0,33.05,16956993.0
2018-01-24 10:30:00.245000,33.0,33.0,33.05,16956993.0
2018-01-24 10:30:03.275000,33.0,33.0,33.05,16956993.0
2018-01-24 10:30:06.608000,33.0,33.0,33.05,16956993.0
2018-01-24 10:30:10.006000,33.0,33.0,33.05,16956993.0
2018-01-24 10:30:13.478000,33.0,33.0,33.05,16956993.0
2018-01-24 10:30:16.934000,33.0,33.0,33.05,16956993.0
2018-01-24 10:30:19.915000,33.0,33.0,33.05,16956993.0
2018-01-24 10:30:23.681000,33.0,33.0,33.05,16956993.0
2018-01-24 10:30:26.867000,33.0,33.0,33.05,16956993.0
2018-01-24 10:30:29.887000,33.0,33.0,33.05,16956993.0
2018-01-24 10:30:33.385000,33.0,33.0,33.05,16956993.0
2018-01-24 10:30:36.435000,33.0,33.0,33.05,16956993.0
2018-01-24 10:30:39.838000,33.0,33.0,33.05,16956993.0
2018-01-24 10:30:42.916000,33.0,33.0,33.05,16973993.0
2018-01-24 10:30:46.235000,33.0,33.0,33.05,16973993.0
2018-01-24 10:30:49.263000,33.0,33.0,33.05,16973993.0
2018-01-24 10:30:52.666000,33.0,33.0,33.05,16973993.0
2018-01-24 10:30:55.899000,33.0,33.0,33.05,16973993.0
2018-01-24 10:30:59.108000,33.0,33.0,33.05,16973993.0
2018-01-24 10:31:02.464000,33.0,33.0,33.05,16973993.0
2018-01-24 10:31:05.858000,33.0,33.0,33.05,16973993.0
2018-01-24 10:31:08.934000,33.0,33.0,33.05,16973993.0
2018-01-24 10:31:11.965000,33.0,33.0,33.05,16973993.0
2018-01-24 10:31:15.126000,33.0,33.0,33.05,16973993.0
2018-01-24 10:31:18.140000,33.0,33.0,33.05,16973993.0
2018-01-24 10:31:21.557000,33.05,33.05,33.1,17030493.0
2018-01-24 10:31:24.636000,33.05,33.05,33.1,17030493.0
2018-01-24 10:31:27.918000,33.05,33.05,33.1,17030493.0
2018-01-24 10:31:30.947000,33.05,33.05,33.1,17030493.0
2018-01-24 10:31:34.249000,33.05,33.05,33.1,17030493.0
2018-01-24 10:31:37.574000,33.05,33.05,33.1,17030493.0
2018-01-24 10:31:40.610000,33.05,33.05,33.1,17030493.0
2018-01-24 10:31:43.702000,33.05,33.05,33.1,17030493.0
2018-01-24 10:31:46.763000,33.05,33.05,33.1,17030493.0
2018-01-24 10:31:49.953000,33.05,33.05,33.1,17030493.0
2018-01-24 10:31:53.054000,33.05,33.05,33.1,17030493.0
2018-01-24 10:31:56.229000,33.05,33.05,33.1,17030493.0
2018-01-24 10:31:59.514000,33.05,33.05,33.1,17030493.0
2018-01-24 10:32:02.591000,33.05,33.05,33.1,17030493.0
2018-01-24 10:32:05.750000,33.05,33.05,33.1,17030493.0
2018-01-24 10:32:08.780000,33.05,33.0,33.1,18397493.0
2018-01-24 10:32:12.025000,33.05,33.0,33.1,18397493.0
2018-01-24 10:32:15.390000,33.05,33.0,33.1,18397493.0
2018-01-24 10:32:18.372000,33.05,33.0,33.1,18397493.0
2018-01-24 10:32:21.776000,33.05,33.0,33.1,18397493.0
2018-01-24 10:32:24.953000,33.05,33.0,33.1,18397493.0
2018-01-24 10:32:28.716000,33.05,33.0,33.1,18397493.0
2018-01-24 10:32:32.002000,33.05,33.0,33.1,18397493.0
2018-01-24 10:32:35.359000,33.05,33.0,33.1,18397493.0
2018-01-24 10:32:38.564000,33.05,33.0,33.1,18397493.0
2018-01-24 10:32:41.730000,33.05,33.0,33.1,18397493.0
2018-01-24 10:32:44.922000,33.05,33.0,33.1,18397493.0
2018-01-24 10:32:48.639000,33.05,33.0,33.1,18397493.0
2018-01-24 10:32:51.793000,33.05,33.0,33.1,18403493.0
2018-01-24 10:32:54.940000,33.05,33.0,33.1,18403493.0
2018-01-24 10:32:58.061000,33.05,33.0,33.1,18403493.0
2018-01-24 10:33:01.041000,33.05,33.0,33.1,18403493.0
2018-01-24 10:33:05.270000,33.05,33.0,33.1,18403493.0
2018-01-24 10:33:08.389000,33.05,33.0,33.1,18403493.0
2018-01-24 10:33:11.767000,33.05,33.0,33.1,18403493.0
2018-01-24 10:33:15.226000,33.05,33.0,33.1,18403493.0
2018-01-24 10:33:18.514000,33.05,33.0,33.1,18403493.0
2018-01-24 10:33:21.605000,33.05,33.0,33.1,18403493.0
2018-01-24 10:33:24.987000,33.05,33.0,33.1,18403493.0
2018-01-24 10:33:28.141000,33.05,33.0,33.1,18403493.0
2018-01-24 10:33:31.738000,33.05,33.0,33.1,18403493.0
2018-01-24 10:33:35.789000,33.05,33.0,33.1,18403493.0
2018-01-24 10:33:40.017000,33.05,33.0,33.1,18403493.0
2018-01-24 10:33:43.628000,33.05,33.0,33.1,18403493.0
2018-01-24 10:33:47.372000,33.05,33.0,33.1,18403493.0
2018-01-24 10:33:50.721000,33.05,33.0,33.1,18403493.0
2018-01-24 10:33:54.205000,33.05,33.0,33.1,18403493.0
2018-01-24 10:33:58.285000,33.05,33.0,33.1,18403493.0
2018-01-24 10:34:02.289000,33.05,33.05,33.1,18403993.0
2018-01-24 10:34:05.616000,33.05,33.05,33.1,18403993.0
2018-01-24 10:34:09.143000,33.05,33.05,33.1,18403993.0
2018-01-24 10:34:12.390000,33.05,33.05,33.1,18403993.0
2018-01-24 10:34:15.689000,33.05,33.05,33.1,18403993.0
2018-01-24 10:34:19.436000,33.05,33.05,33.1,18403993.0
2018-01-24 10:34:22.751000,33.05,33.05,33.1,18403993.0
2018-01-24 10:34:26.273000,33.05,33.05,33.1,18403993.0
2018-01-24 10:34:29.767000,33.05,33.05,33.1,18403993.0
2018-01-24 10:34:33.188000,33.05,33.05,33.1,18403993.0
2018-01-24 10:34:36.615000,33.05,33.05,33.1,18403993.0
2018-01-24 10:34:40.505000,33.05,33.05,33.1,18403993.0
2018-01-24 10:34:44.032000,33.05,33.05,33.1,18403993.0
2018-01-24 10:34:47.270000,33.05,33.05,33.1,18403993.0
2018-01-24 10:34:50.601000,33.05,33.05,33.1,18403993.0
2018-01-24 10:34:53.830000,33.05,33.05,33.1,18403993.0
2018-01-24 10:34:57.054000,33.05,33.05,33.1,18403993.0
2018-01-24 10:35:00.378000,33.05,33.05,33.1,18403993.0
2018-01-24 10:35:03.956000,33.05,33.0,33.05,18436993.0
2018-01-24 10:35:07.876000,33.05,33.0,33.05,18436993.0
2018-01-24 10:35:11.442000,33.05,33.0,33.05,18436993.0
2018-01-24 10:35:14.755000,33.05,33.0,33.05,18436993.0
2018-01-24 10:35:18.034000,33.05,33.0,33.05,18436993.0
2018-01-24 10:35:21.262000,33.05,33.0,33.05,18436993.0
2018-01-24 10:35:24.537000,33.05,33.0,33.05,18436993.0
2018-01-24 10:35:27.722000,33.05,33.0,33.05,18436993.0
2018-01-24 10:35:30.787000,33.05,33.0,33.05,18436993.0
2018-01-24 10:35:34.366000,33.05,33.0,33.05,18436993.0
2018-01-24 10:35:38.442000,33.05,33.0,33.05,18436993.0
2018-01-24 10:35:42.415000,33.05,33.0,33.05,18436993.0
2018-01-24 10:35:46.024000,33.05,33.0,33.05,18436993.0
2018-01-24 10:35:52.372000,33.05,33.0,33.05,18436993.0
2018-01-24 10:35:56.068000,33.05,33.0,33.05,18436993.0
2018-01-24 10:35:59.365000,33.05,33.0,33.05,18436993.0
2018-01-24 10:36:03.831000,33.05,33.0,33.05,18436993.0
2018-01-24 10:36:07.477000,33.05,33.0,33.05,18436993.0
2018-01-24 10:36:10.995000,33.05,33.0,33.05,18436993.0
2018-01-24 10:36:14.505000,33.05,33.0,33.05,18436993.0
2018-01-24 10:36:17.987000,33.05,33.0,33.05,18436993.0
2018-01-24 10:36:21.647000,33.05,33.0,33.05,18436993.0
2018-01-24 10:36:25.037000,33.05,33.0,33.05,18465493.0
2018-01-24 10:36:28.456000,33.05,33.0,33.05,18465493.0
2018-01-24 10:36:31.438000,33.05,33.0,33.05,18465493.0
2018-01-24 10:36:35.845000,33.05,33.0,33.05,18465493.0
2018-01-24 10:36:38.989000,33.05,33.0,33.05,18465493.0
2018-01-24 10:36:42.195000,33.05,33.0,33.05,18465493.0
2018-01-24 10:36:45.587000,33.05,33.0,33.05,18465493.0
2018-01-24 10:36:48.925000,33.05,33.0,33.05,18465493.0
2018-01-24 10:36:52.234000,33.05,33.0,33.05,18465493.0
2018-01-24 10:36:55.258000,33.05,33.0,33.05,18465493.0
2018-01-24 10:36:58.666000,33.05,33.0,33.05,18465493.0
2018-01-24 10:37:01.794000,33.05,33.0,33.05,18465493.0
2018-01-24 10:37:05.101000,33.05,33.0,33.05,18465493.0
2018-01-24 10:37:08.269000,33.05,33.0,33.05,18465493.0
2018-01-24 10:37:11.697000,33.05,33.0,33.05,18465493.0
2018-01-24 10:37:14.886000,33.05,33.0,33.05,18465493.0
2018-01-24 10:37:17.959000,33.05,33.0,33.05,18465593.0
2018-01-24 10:37:21.324000,33.05,33.0,33.05,18465593.0
2018-01-24 10:37:24.490000,33.05,33.0,33.05,18465593.0
2018-01-24 10:37:27.594000,33.05,33.0,33.05,18465593.0
2018-01-24 10:37:30.908000,33.05,33.0,33.05,18465593.0
2018-01-24 10:37:34.175000,33.05,33.0,33.05,18465593.0
2018-01-24 10:37:37.398000,33.05,33.0,33.05,18465593.0
2018-01-24 10:37:40.263000,33.05,33.0,33.05,18465593.0
2018-01-24 10:37:43.536000,33.05,33.0,33.05,18465593.0
2018-01-24 10:37:46.704000,33.05,33.0,33.05,18465593.0
2018-01-24 10:37:49.540000,33.05,33.0,33.05,18465593.0
2018-01-24 10:37:52.664000,33.05,33.0,33.05,18465593.0
2018-01-24 10:37:55.805000,33.05,33.0,33.05,18465593.0
2018-01-24 10:37:59.054000,33.05,33.0,33.05,18465593.0
2018-01-24 10:38:02.017000,33.05,33.0,33.05,18465593.0
2018-01-24 10:38:05.168000,33.05,33.0,33.05,18465593.0
2018-01-24 10:38:08.278000,33.05,33.0,33.05,18465593.0
2018-01-24 10:38:11.423000,33.05,33.0,33.05,18465593.0
2018-01-24 10:38:14.429000,33.05,33.0,33.05,18465593.0
2018-01-24 10:38:17.448000,33.05,33.0,33.05,18465593.0
2018-01-24 10:38:20.432000,33.05,33.0,33.05,18465593.0
2018-01-24 10:38:23.483000,33.05,33.0,33.05,18465593.0
2018-01-24 10:38:26.580000,33.05,33.0,33.05,18465593.0
2018-01-24 10:38:29.446000,33.05,33.0,33.05,18465593.0
2018-01-24 10:38:32.806000,33.05,33.0,33.05,18465593.0
2018-01-24 10:38:35.714000,33.05,33.0,33.05,18465593.0
2018-01-24 10:38:38.880000,33.05,33.0,33.05,18465593.0
2018-01-24 10:38:42.122000,33.05,33.0,33.05,18465593.0
2018-01-24 10:38:45.087000,33.05,33.0,33.05,18465593.0
2018-01-24 10:38:48.304000,33.05,33.0,33.05,18465593.0
2018-01-24 10:38:51.479000,33.0,33.0,33.05,18484953.0
2018-01-24 10:38:55.777000,33.0,33.0,33.05,18484953.0
2018-01-24 10:38:58.818000,,,,
2018-01-24 10:39:01.877000,33.0,33.0,33.05,18484953.0
2018-01-24 10:39:04.946000,33.0,33.0,33.05,18484953.0
2018-01-24 10:39:07.961000,33.0,33.0,33.05,18484953.0
2018-01-24 10:39:10.844000,33.0,33.0,33.05,18484953.0
2018-01-24 10:39:13.789000,33.0,33.0,33.05,18484953.0
2018-01-24 10:39:16.783000,33.0,33.0,33.05,18484953.0
2018-01-24 10:39:20.147000,33.0,33.0,33.05,18484953.0
2018-01-24 10:39:23.415000,33.0,33.0,33.05,18484953.0
2018-01-24 10:39:26.481000,33.0,33.0,33.05,18484953.0
2018-01-24 10:39:29.383000,33.0,33.0,33.05,18484953.0
2018-01-24 10:39:32.418000,33.0,33.0,33.05,18484953.0
2018-01-24 10:39:35.651000,33.0,33.0,33.05,18484953.0
2018-01-24 10:39:38.913000,33.0,33.0,33.05,18484953.0
2018-01-24 10:39:42.076000,33.0,33.0,33.05,18484953.0
2018-01-24 10:39:45.400000,33.0,33.0,33.05,18484953.0
2018-01-24 10:39:48.414000,33.0,33.0,33.05,18484953.0
2018-01-24 10:39:51.574000,33.0,33.0,33.05,18484953.0
2018-01-24 10:39:54.495000,33.0,33.0,33.05,18484953.0
2018-01-24 10:39:57.295000,33.0,33.0,33.05,18484953.0
2018-01-24 10:40:00.371000,33.0,33.0,33.05,18484953.0
2018-01-24 10:40:03.289000,33.0,33.0,33.05,18484953.0
2018-01-24 10:40:06.401000,33.0,33.0,33.05,18484953.0
2018-01-24 10:40:09.339000,33.0,33.0,33.05,18484953.0
2018-01-24 10:40:12.349000,33.0,33.0,33.05,18484953.0
2018-01-24 10:40:15.432000,33.0,33.0,33.05,18484953.0
2018-01-24 10:40:18.525000,33.0,33.0,33.05,18484953.0
2018-01-24 10:40:21.482000,33.0,33.0,33.05,18484953.0
2018-01-24 10:40:24.441000,33.0,33.0,33.05,18484953.0
2018-01-24 10:40:27.495000,33.0,33.0,33.05,18484953.0
2018-01-24 10:40:30.508000,33.0,33.0,33.05,18484953.0
2018-01-24 10:40:33.369000,33.0,33.0,33.05,18484953.0
2018-01-24 10:40:37.850000,33.0,33.0,33.05,18484953.0
2018-01-24 10:40:40.748000,33.05,33.0,33.05,18488953.0
2018-01-24 10:40:43.902000,33.05,33.0,33.05,18488953.0
2018-01-24 10:40:46.915000,33.05,33.0,33.05,18488953.0
2018-01-24 10:40:50.077000,33.05,33.0,33.05,18488953.0
2018-01-24 10:40:53.221000,33.05,33.0,33.05,18488953.0
2018-01-24 10:40:56.139000,33.05,33.0,33.05,18488953.0
2018-01-24 10:40:59.431000,33.05,33.0,33.05,18488953.0
2018-01-24 10:41:02.669000,33.05,33.0,33.05,18488953.0
2018-01-24 10:41:05.778000,33.05,33.0,33.05,18488953.0
2018-01-24 10:41:08.821000,33.05,33.0,33.05,18488953.0
2018-01-24 10:41:11.831000,33.05,33.0,33.05,18488953.0
2018-01-24 10:41:14.998000,33.05,33.0,33.05,18488953.0
2018-01-24 10:41:19.293000,33.05,33.0,33.05,18488953.0
2018-01-24 10:41:23.915000,33.05,33.0,33.05,18488953.0
2018-01-24 10:41:27.603000,33.05,33.0,33.05,18488953.0
2018-01-24 10:41:30.534000,33.05,33.0,33.05,18488953.0
2018-01-24 10:41:33.400000,33.05,33.0,33.05,18488953.0
2018-01-24 10:41:36.385000,33.05,33.0,33.05,18488953.0
2018-01-24 10:41:39.593000,33.05,33.0,33.05,18488953.0
2018-01-24 10:41:42.549000,33.05,33.0,33.05,18488953.0
2018-01-24 10:41:45.481000,33.05,33.0,33.05,18488953.0
2018-01-24 10:41:48.526000,33.05,33.0,33.05,18488953.0
2018-01-24 10:41:51.514000,33.05,33.0,33.05,18488953.0
2018-01-24 10:41:54.185000,33.05,33.0,33.05,18488953.0
2018-01-24 10:41:57.148000,33.05,33.0,33.05,18488953.0
2018-01-24 10:42:00.106000,33.05,33.0,33.05,18488953.0
2018-01-24 10:42:03.103000,33.05,33.0,33.05,18488953.0
2018-01-24 10:42:06.609000,33.0,33.0,33.05,18518953.0
2018-01-24 10:42:09.482000,33.0,33.0,33.05,18518953.0
2018-01-24 10:42:12.397000,33.0,33.0,33.05,18518953.0
2018-01-24 10:42:15.366000,33.0,33.0,33.05,18518953.0
2018-01-24 10:42:18.419000,33.0,33.0,33.05,18518953.0
2018-01-24 10:42:21.281000,33.0,33.0,33.05,18518953.0
2018-01-24 10:42:24.161000,33.0,33.0,33.05,18518953.0
2018-01-24 10:42:27.088000,33.0,33.0,33.05,18518953.0
2018-01-24 10:42:30.218000,33.0,33.0,33.05,18518953.0
2018-01-24 10:42:33.654000,33.0,33.0,33.05,18518953.0
2018-01-24 10:42:36.534000,33.0,33.0,33.05,18518953.0
2018-01-24 10:42:39.441000,33.0,33.0,33.05,18518953.0
2018-01-24 10:42:42.357000,33.0,33.0,33.05,18518953.0
2018-01-24 10:42:45.369000,33.0,33.0,33.05,18518953.0
2018-01-24 10:42:48.433000,33.0,33.0,33.05,18518953.0
2018-01-24 10:42:51.546000,33.0,33.0,33.05,18542453.0
2018-01-24 10:42:54.731000,33.0,33.0,33.05,18542453.0
2018-01-24 10:42:57.859000,33.0,33.0,33.05,18542453.0
2018-01-24 10:43:00.766000,33.0,33.0,33.05,18542453.0
2018-01-24 10:43:03.701000,33.0,33.0,33.05,18542453.0
2018-01-24 10:43:06.689000,33.0,33.0,33.05,18542453.0
2018-01-24 10:43:09.565000,33.0,33.0,33.05,18542453.0
2018-01-24 10:43:12.412000,33.0,33.0,33.05,18542453.0
2018-01-24 10:43:15.533000,33.0,33.0,33.05,18542453.0
2018-01-24 10:43:18.544000,33.0,33.0,33.05,18542453.0
2018-01-24 10:43:21.438000,33.0,32.95,33.0,18557453.0
2018-01-24 10:43:24.298000,33.0,32.95,33.0,18557453.0
2018-01-24 10:43:27.412000,33.0,32.95,33.0,18557453.0
2018-01-24 10:43:30.284000,33.0,32.95,33.0,18557453.0
2018-01-24 10:43:33.116000,33.0,32.95,33.0,18557453.0
2018-01-24 10:43:36.096000,33.0,32.95,33.0,18557453.0
2018-01-24 10:43:39.047000,33.0,32.95,33.0,18557453.0
2018-01-24 10:43:41.957000,33.0,32.95,33.0,18557453.0
2018-01-24 10:43:44.907000,33.0,32.95,33.0,18557453.0
2018-01-24 10:43:47.961000,33.0,32.95,33.0,18557453.0
2018-01-24 10:43:50.969000,33.0,32.95,33.0,18557453.0
2018-01-24 10:43:53.920000,33.0,32.95,33.0,18557453.0
2018-01-24 10:43:56.842000,33.0,32.95,33.0,18557453.0
2018-01-24 10:43:59.749000,33.0,32.95,33.0,18557453.0
2018-01-24 10:44:02.626000,33.0,32.95,33.0,18557453.0
2018-01-24 10:44:05.592000,33.0,32.95,33.0,18557453.0
2018-01-24 10:44:08.625000,33.0,32.95,33.0,18557453.0
2018-01-24 10:44:11.706000,33.0,32.95,33.0,18557453.0
2018-01-24 10:44:14.608000,33.0,32.95,33.0,18557453.0
2018-01-24 10:44:17.472000,33.0,32.95,33.0,18557453.0
2018-01-24 10:44:20.582000,33.0,32.95,33.0,18557453.0
2018-01-24 10:44:23.734000,33.0,32.95,33.0,18557453.0
2018-01-24 10:44:26.675000,33.0,32.95,33.0,18557453.0
2018-01-24 10:44:29.861000,33.0,32.95,33.0,18557453.0
2018-01-24 10:44:32.708000,33.0,32.95,33.0,18557453.0
2018-01-24 10:44:35.675000,33.0,32.95,33.0,18557453.0
2018-01-24 10:44:38.419000,33.0,32.95,33.0,18557453.0
2018-01-24 10:44:41.309000,33.0,32.95,33.0,18557453.0
2018-01-24 10:44:44.065000,33.0,32.95,33.0,18557453.0
2018-01-24 10:44:46.921000,33.0,32.95,33.0,18557453.0
2018-01-24 10:44:49.640000,33.0,32.95,33.0,18557453.0
2018-01-24 10:44:52.514000,33.0,32.95,33.0,18557453.0
2018-01-24 10:44:55.133000,33.0,32.95,33.0,18557453.0
2018-01-24 10:44:57.794000,33.0,32.95,33.0,18557453.0
2018-01-24 10:45:00.661000,33.0,32.95,33.0,18557453.0
2018-01-24 10:45:03.642000,33.0,32.95,33.0,18557453.0
2018-01-24 10:45:06.348000,33.0,32.95,33.0,18557453.0
2018-01-24 10:45:09.189000,33.0,32.95,33.0,18557453.0
2018-01-24 10:45:11.939000,33.0,32.95,33.0,18557453.0
2018-01-24 10:45:14.721000,33.0,32.95,33.0,18557453.0
2018-01-24 10:45:17.447000,33.0,32.95,33.0,18557453.0
2018-01-24 10:45:20.041000,33.0,32.95,33.0,18557453.0
2018-01-24 10:45:22.685000,33.0,32.95,33.0,18557453.0
2018-01-24 10:45:25.406000,33.0,32.95,33.0,18557453.0
2018-01-24 10:45:28.274000,33.0,32.95,33.0,18557453.0
2018-01-24 10:45:31.314000,33.0,32.95,33.0,18557453.0
2018-01-24 10:45:34.025000,33.0,32.95,33.0,18557453.0
2018-01-24 10:45:36.709000,33.0,32.95,33.0,18557453.0
2018-01-24 10:45:39.566000,33.0,32.95,33.0,18557453.0
2018-01-24 10:45:42.522000,33.0,32.95,33.0,18557453.0
2018-01-24 10:45:45.230000,33.0,32.95,33.0,18557453.0
2018-01-24 10:45:47.999000,33.0,32.95,33.0,18557453.0
2018-01-24 10:45:50.671000,33.0,32.95,33.0,18557453.0
2018-01-24 10:45:53.417000,33.0,32.95,33.0,18557453.0
2018-01-24 10:45:56.348000,33.0,33.0,33.05,18567453.0
2018-01-24 10:45:59.119000,33.0,33.0,33.05,18567453.0
2018-01-24 10:46:01.850000,33.0,33.0,33.05,18567453.0
2018-01-24 10:46:05.098000,33.0,33.0,33.05,18567453.0
2018-01-24 10:46:08.106000,33.0,33.0,33.05,18567453.0
2018-01-24 10:46:10.945000,33.0,33.0,33.05,18567453.0
2018-01-24 10:46:13.879000,33.0,33.0,33.05,18567453.0
2018-01-24 10:46:16.640000,33.0,33.0,33.05,18567453.0
2018-01-24 10:46:19.283000,33.0,33.0,33.05,18567453.0
2018-01-24 10:46:22.097000,33.0,33.0,33.05,18567453.0
2018-01-24 10:46:24.743000,33.0,33.0,33.05,18567453.0
2018-01-24 10:46:27.432000,33.0,33.0,33.05,18567453.0
2018-01-24 10:46:30.307000,33.0,33.0,33.05,18567453.0
2018-01-24 10:46:33.132000,33.0,33.0,33.05,18567453.0
2018-01-24 10:46:36.302000,33.0,33.0,33.05,18567453.0
2018-01-24 10:46:39.458000,33.0,33.0,33.05,18567453.0
2018-01-24 10:46:42.290000,33.0,33.0,33.05,18567453.0
2018-01-24 10:46:45.100000,33.0,33.0,33.05,18567453.0
2018-01-24 10:46:48.150000,33.0,33.0,33.05,18567453.0
2018-01-24 10:46:50.929000,33.0,33.0,33.05,18567453.0
2018-01-24 10:46:53.862000,33.0,33.0,33.05,18567453.0
2018-01-24 10:46:56.794000,33.0,33.0,33.05,18567453.0
2018-01-24 10:46:59.612000,33.0,33.0,33.05,18567453.0
2018-01-24 10:47:02.506000,33.0,33.0,33.05,18567453.0
2018-01-24 10:47:05.417000,33.0,33.0,33.05,18567953.0
2018-01-24 10:47:08.296000,33.0,33.0,33.05,18567953.0
2018-01-24 10:47:11.175000,33.0,33.0,33.05,18567953.0
2018-01-24 10:47:14.050000,33.0,33.0,33.05,18567953.0
2018-01-24 10:47:16.726000,33.0,33.0,33.05,18567953.0
2018-01-24 10:47:19.586000,33.0,33.0,33.05,18567953.0
2018-01-24 10:47:22.249000,33.0,33.0,33.05,18567953.0
2018-01-24 10:47:25.191000,33.0,33.0,33.05,18567953.0
2018-01-24 10:47:27.844000,33.0,33.0,33.05,18567953.0
2018-01-24 10:47:30.686000,33.0,33.0,33.05,18567953.0
2018-01-24 10:47:33.443000,33.0,33.0,33.05,18567953.0
2018-01-24 10:47:36.048000,33.0,33.0,33.05,18567953.0
2018-01-24 10:47:38.692000,33.0,33.0,33.05,18567953.0
2018-01-24 10:47:41.259000,33.0,33.0,33.05,18567953.0
2018-01-24 10:47:43.775000,33.0,33.0,33.05,18567953.0
2018-01-24 10:47:46.372000,33.0,33.0,33.05,18567953.0
2018-01-24 10:47:49.266000,33.0,33.0,33.05,18567953.0
2018-01-24 10:47:52.148000,33.0,33.0,33.05,18567953.0
2018-01-24 10:47:54.974000,33.0,33.0,33.05,18567953.0
2018-01-24 10:47:58.056000,33.0,33.0,33.05,18567953.0
2018-01-24 10:48:00.742000,33.0,33.0,33.05,18567953.0
2018-01-24 10:48:03.804000,33.0,33.0,33.05,18567953.0
2018-01-24 10:48:07.165000,33.0,33.0,33.05,18567953.0
2018-01-24 10:48:10.095000,33.0,33.0,33.05,18567953.0
2018-01-24 10:48:12.978000,33.0,33.0,33.05,18567953.0
2018-01-24 10:48:15.758000,33.0,33.0,33.05,18567953.0
2018-01-24 10:48:18.708000,33.0,33.0,33.05,18567953.0
2018-01-24 10:48:21.556000,33.0,33.0,33.05,18567953.0
2018-01-24 10:48:24.318000,33.0,33.0,33.05,18567953.0
2018-01-24 10:48:27.169000,33.0,33.0,33.05,18567953.0
2018-01-24 10:48:30.100000,33.0,33.0,33.05,18567953.0
2018-01-24 10:48:33.057000,33.0,33.0,33.05,18567953.0
2018-01-24 10:48:35.927000,33.0,33.0,33.05,18567953.0
2018-01-24 10:48:38.805000,33.0,33.0,33.05,18567953.0
2018-01-24 10:48:41.691000,33.0,33.0,33.05,18567953.0
2018-01-24 10:48:44.569000,33.0,33.0,33.05,18567953.0
2018-01-24 10:48:47.401000,33.0,33.0,33.05,18567953.0
2018-01-24 10:48:50.468000,33.0,33.0,33.05,18567953.0
2018-01-24 10:48:53.348000,33.0,33.0,33.05,18567953.0
2018-01-24 10:48:56.229000,33.0,33.0,33.05,18567953.0
2018-01-24 10:48:59.289000,33.0,33.0,33.05,18567953.0
2018-01-24 10:49:02.182000,33.0,33.0,33.05,18567953.0
2018-01-24 10:49:05.406000,33.0,33.0,33.05,18567953.0
2018-01-24 10:49:08.159000,33.0,33.0,33.05,18567953.0
2018-01-24 10:49:11.041000,33.0,33.0,33.05,18567953.0
2018-01-24 10:49:14.054000,33.0,33.0,33.05,18567953.0
2018-01-24 10:49:17.075000,33.0,33.0,33.05,18567953.0
2018-01-24 10:49:20.167000,33.0,33.0,33.05,18567953.0
2018-01-24 10:49:22.982000,33.0,33.0,33.05,18567953.0
2018-01-24 10:49:25.873000,33.0,33.0,33.05,18567953.0
2018-01-24 10:49:28.722000,33.0,33.0,33.05,18567953.0
2018-01-24 10:49:31.572000,33.0,33.0,33.05,18567953.0
2018-01-24 10:49:34.415000,33.0,33.0,33.05,18567953.0
2018-01-24 10:49:37.324000,33.0,33.0,33.05,18567953.0
2018-01-24 10:49:40.200000,33.0,33.0,33.05,18567953.0
2018-01-24 10:49:43.036000,33.0,33.0,33.05,18567953.0
2018-01-24 10:49:46.033000,33.0,33.0,33.05,18567953.0
2018-01-24 10:49:48.840000,33.0,33.0,33.05,18567953.0
2018-01-24 10:49:51.930000,33.0,33.0,33.05,18567953.0
2018-01-24 10:49:54.757000,33.0,33.0,33.05,18567953.0
2018-01-24 10:49:57.554000,33.0,33.0,33.05,18567953.0
2018-01-24 10:50:00.556000,33.0,33.0,33.05,18567953.0
2018-01-24 10:50:03.336000,33.0,33.0,33.05,18567953.0
2018-01-24 10:50:06.342000,33.0,33.0,33.05,18567953.0
2018-01-24 10:50:09.151000,33.0,33.0,33.05,18567953.0
2018-01-24 10:50:12.135000,33.0,33.0,33.05,18567953.0
2018-01-24 10:50:14.991000,33.0,33.0,33.05,18567953.0
2018-01-24 10:50:17.839000,33.0,33.0,33.05,18567953.0
2018-01-24 10:50:20.777000,33.0,33.0,33.05,18567953.0
2018-01-24 10:50:23.608000,33.0,33.0,33.05,18567953.0
2018-01-24 10:50:26.293000,33.0,33.0,33.05,18567953.0
2018-01-24 10:50:29.259000,33.0,33.0,33.05,18567953.0
2018-01-24 10:50:32.232000,33.0,33.0,33.05,18567953.0
2018-01-24 10:50:35.057000,33.0,33.0,33.05,18567953.0
2018-01-24 10:50:38.096000,33.0,33.0,33.05,18567953.0
2018-01-24 10:50:40.997000,33.0,33.0,33.05,18567953.0
2018-01-24 10:50:43.751000,33.0,33.0,33.05,18567953.0
2018-01-24 10:50:46.624000,33.0,33.0,33.05,18567953.0
2018-01-24 10:50:49.510000,33.0,33.0,33.05,18567953.0
2018-01-24 10:50:52.319000,33.0,33.0,33.05,18567953.0
2018-01-24 10:50:55.574000,33.0,33.0,33.05,18567953.0
2018-01-24 10:50:58.815000,33.0,33.0,33.05,18567953.0
2018-01-24 10:51:01.672000,33.0,33.0,33.05,18571103.0
2018-01-24 10:51:04.618000,33.0,33.0,33.05,18571103.0
2018-01-24 10:51:07.700000,33.0,33.0,33.05,18571103.0
2018-01-24 10:51:10.716000,33.0,33.0,33.05,18571103.0
2018-01-24 10:51:13.548000,33.0,33.0,33.05,18571103.0
2018-01-24 10:51:16.379000,33.0,33.0,33.05,18571103.0
2018-01-24 10:51:19.651000,33.0,33.0,33.05,18571103.0
2018-01-24 10:51:22.707000,33.0,33.0,33.05,18571103.0
2018-01-24 10:51:25.572000,33.0,33.0,33.05,18571103.0
2018-01-24 10:51:28.279000,33.0,33.0,33.05,18571103.0
2018-01-24 10:51:31.231000,33.0,33.0,33.05,18571103.0
2018-01-24 10:51:34.142000,33.0,33.0,33.05,18571103.0
2018-01-24 10:51:37.108000,33.0,33.0,33.05,18571103.0
2018-01-24 10:51:40.153000,33.0,33.0,33.05,18571103.0
2018-01-24 10:51:43.024000,33.0,33.0,33.05,18571103.0
2018-01-24 10:51:45.763000,33.0,33.0,33.05,18571103.0
2018-01-24 10:51:48.600000,33.0,33.0,33.05,18571103.0
2018-01-24 10:51:51.408000,33.0,33.0,33.05,18571103.0
2018-01-24 10:51:54.213000,33.0,33.0,33.05,18571103.0
2018-01-24 10:51:57.107000,33.0,33.0,33.05,18571103.0
2018-01-24 10:52:00.141000,33.0,33.0,33.05,18574108.0
2018-01-24 10:52:03.085000,33.0,33.0,33.05,18574108.0
2018-01-24 10:52:05.948000,33.0,33.0,33.05,18574108.0
2018-01-24 10:52:08.878000,33.0,33.0,33.05,18574108.0
2018-01-24 10:52:11.943000,33.0,33.0,33.05,18574108.0
2018-01-24 10:52:14.981000,33.0,33.0,33.05,18574108.0
2018-01-24 10:52:17.921000,33.0,33.0,33.05,18574108.0
2018-01-24 10:52:20.892000,33.0,33.0,33.05,18574108.0
2018-01-24 10:52:23.723000,33.0,33.0,33.05,18574108.0
2018-01-24 10:52:26.670000,33.0,33.0,33.05,18574108.0
2018-01-24 10:52:29.622000,33.0,33.0,33.05,18574108.0
2018-01-24 10:52:32.556000,33.0,33.0,33.05,18574108.0
2018-01-24 10:52:35.558000,33.0,33.0,33.05,18574108.0
2018-01-24 10:52:38.562000,33.0,33.0,33.05,18574108.0
2018-01-24 10:52:41.470000,33.0,33.0,33.05,18574108.0
2018-01-24 10:52:44.465000,33.0,33.0,33.05,18574108.0
2018-01-24 10:52:47.359000,33.0,33.0,33.05,18574108.0
2018-01-24 10:52:50.246000,33.0,33.0,33.05,18574108.0
2018-01-24 10:52:53.158000,33.0,33.0,33.05,18574108.0
2018-01-24 10:52:56.046000,33.0,33.0,33.05,18574108.0
2018-01-24 10:52:59.107000,33.0,33.0,33.05,18574108.0
2018-01-24 10:53:01.984000,33.0,33.0,33.05,18574108.0
2018-01-24 10:53:04.950000,33.0,33.0,33.05,18574108.0
2018-01-24 10:53:07.845000,33.0,33.0,33.05,18574108.0
2018-01-24 10:53:10.591000,33.0,33.0,33.05,18574108.0
2018-01-24 10:53:13.676000,33.0,33.0,33.05,18574108.0
2018-01-24 10:53:16.554000,33.0,33.0,33.05,18574108.0
2018-01-24 10:53:19.529000,33.0,33.0,33.05,18574108.0
2018-01-24 10:53:22.579000,33.0,33.0,33.05,18574108.0
2018-01-24 10:53:25.608000,33.0,33.0,33.05,18574108.0
2018-01-24 10:53:28.697000,33.0,33.0,33.05,18574108.0
2018-01-24 10:53:31.537000,33.0,33.0,33.05,18574108.0
2018-01-24 10:53:34.340000,33.0,33.0,33.05,18574108.0
2018-01-24 10:53:37.288000,33.0,33.0,33.05,18574108.0
2018-01-24 10:53:40.157000,33.0,33.0,33.05,18574108.0
2018-01-24 10:53:43.082000,33.0,33.0,33.05,18574108.0
2018-01-24 10:53:46.033000,33.0,33.0,33.05,18574108.0
2018-01-24 10:53:48.943000,33.0,33.0,33.05,18590108.0
2018-01-24 10:53:51.767000,33.0,33.0,33.05,18590108.0
2018-01-24 10:53:54.732000,33.0,33.0,33.05,18590108.0
2018-01-24 10:53:57.736000,33.0,32.95,33.05,18615108.0
2018-01-24 10:54:00.436000,33.0,32.95,33.05,18615108.0
2018-01-24 10:54:03.283000,33.0,32.95,33.05,18615108.0
2018-01-24 10:54:06.164000,33.0,32.95,33.05,18615108.0
2018-01-24 10:54:09.105000,33.0,32.95,33.05,18615108.0
2018-01-24 10:54:11.765000,33.0,32.95,33.05,18615108.0
2018-01-24 10:54:14.514000,33.0,32.95,33.05,18615108.0
2018-01-24 10:54:17.830000,33.0,32.95,33.05,18615108.0
2018-01-24 10:54:20.780000,33.0,32.95,33.05,18615108.0
2018-01-24 10:54:23.675000,33.0,32.95,33.05,18615108.0
2018-01-24 10:54:26.498000,33.0,32.95,33.05,18615108.0
2018-01-24 10:54:29.480000,33.0,32.95,33.05,18615108.0
2018-01-24 10:54:32.471000,33.0,32.95,33.05,18615108.0
2018-01-24 10:54:35.389000,33.0,32.95,33.05,18615108.0
2018-01-24 10:54:38.227000,33.0,32.95,33.05,18615108.0
2018-01-24 10:54:41.095000,33.0,32.95,33.05,18615108.0
2018-01-24 10:54:43.995000,33.0,32.95,33.05,18615108.0
2018-01-24 10:54:46.770000,33.0,32.95,33.05,18615108.0
2018-01-24 10:54:49.578000,33.0,32.95,33.05,18615108.0
2018-01-24 10:54:52.328000,33.0,32.95,33.05,18615108.0
2018-01-24 10:54:55.391000,33.05,33.0,33.05,18622108.0
2018-01-24 10:54:58.228000,33.05,33.0,33.05,18622108.0
2018-01-24 10:55:01.138000,33.05,33.0,33.05,18622108.0
2018-01-24 10:55:04.305000,33.05,33.0,33.05,18622108.0
2018-01-24 10:55:07.109000,33.05,33.0,33.05,18622108.0
2018-01-24 10:55:10.119000,33.05,33.0,33.05,18622108.0
2018-01-24 10:55:13.877000,33.05,33.0,33.05,18622108.0
2018-01-24 10:55:16.875000,33.05,33.0,33.05,18622108.0
2018-01-24 10:55:19.816000,33.05,33.0,33.05,18622108.0
2018-01-24 10:55:22.814000,33.05,33.0,33.05,18622108.0
2018-01-24 10:55:25.598000,33.05,33.0,33.05,18622108.0
2018-01-24 10:55:28.415000,33.05,33.0,33.05,18622108.0
2018-01-24 10:55:31.207000,33.05,33.0,33.05,18622108.0
2018-01-24 10:55:34.086000,33.05,33.0,33.05,18622108.0
2018-01-24 10:55:37.176000,33.05,33.0,33.05,18622108.0
2018-01-24 10:55:40.110000,33.05,33.0,33.05,18622108.0
2018-01-24 10:55:43.176000,33.05,33.0,33.05,18622108.0
2018-01-24 10:55:46.021000,33.05,33.0,33.05,18622108.0
2018-01-24 10:55:48.953000,33.05,33.0,33.05,18622108.0
2018-01-24 10:55:51.713000,33.05,33.0,33.05,18622108.0
2018-01-24 10:55:54.507000,33.05,33.0,33.05,18622108.0
2018-01-24 10:55:57.385000,33.05,33.0,33.05,18622108.0
2018-01-24 10:56:00.235000,33.05,33.0,33.05,18622108.0
2018-01-24 10:56:02.973000,33.05,33.0,33.05,18627653.0
2018-01-24 10:56:06.395000,33.05,33.0,33.05,18627653.0
2018-01-24 10:56:09.477000,33.05,33.0,33.05,18627653.0
2018-01-24 10:56:12.349000,33.05,33.0,33.05,18627653.0
2018-01-24 10:56:15.332000,33.05,33.0,33.05,18627653.0
2018-01-24 10:56:18.009000,33.05,33.0,33.05,18627653.0
2018-01-24 10:56:21.067000,33.05,33.0,33.05,18627653.0
2018-01-24 10:56:23.857000,33.05,33.0,33.05,18627653.0
2018-01-24 10:56:26.826000,33.05,33.0,33.05,18627653.0
2018-01-24 10:56:29.619000,33.05,33.0,33.05,18627653.0
2018-01-24 10:56:32.731000,33.05,33.0,33.05,18627653.0
2018-01-24 10:56:35.692000,33.05,33.0,33.05,18627653.0
2018-01-24 10:56:38.601000,33.05,33.0,33.05,18627653.0
2018-01-24 10:56:41.532000,33.05,33.0,33.05,18627653.0
2018-01-24 10:56:44.291000,33.05,33.0,33.05,18627653.0
2018-01-24 10:56:47.099000,33.05,33.0,33.05,18627653.0
2018-01-24 10:56:49.973000,33.05,33.0,33.05,18627653.0
2018-01-24 10:56:52.867000,33.05,33.0,33.05,18627653.0
2018-01-24 10:56:55.677000,33.05,33.0,33.05,18627653.0
2018-01-24 10:56:58.602000,33.05,33.0,33.05,18627653.0
2018-01-24 10:57:01.354000,33.05,33.0,33.05,18627653.0
2018-01-24 10:57:04.177000,33.05,33.0,33.05,18627653.0
2018-01-24 10:57:07.115000,33.05,33.0,33.05,18627653.0
2018-01-24 10:57:10.056000,33.05,33.0,33.05,18627653.0
2018-01-24 10:57:12.885000,33.05,33.0,33.05,18627653.0
2018-01-24 10:57:15.724000,33.05,33.0,33.05,18627653.0
2018-01-24 10:57:18.531000,33.05,33.0,33.05,18627653.0
2018-01-24 10:57:21.365000,33.05,33.0,33.05,18627653.0
2018-01-24 10:57:24.234000,33.05,33.0,33.05,18627653.0
2018-01-24 10:57:27.367000,33.05,33.0,33.05,18627653.0
2018-01-24 10:57:30.317000,33.05,33.0,33.05,18627653.0
2018-01-24 10:57:33.243000,33.05,33.0,33.05,18627653.0
2018-01-24 10:57:36.080000,33.05,33.0,33.05,18627653.0
2018-01-24 10:57:38.913000,33.05,33.0,33.05,18627653.0
2018-01-24 10:57:41.983000,33.05,33.0,33.05,18627653.0
2018-01-24 10:57:44.895000,33.0,33.0,33.05,18632218.0
2018-01-24 10:57:48.086000,33.0,33.0,33.05,18632218.0
2018-01-24 10:57:50.913000,33.0,33.0,33.05,18632218.0
2018-01-24 10:57:53.977000,33.0,33.0,33.05,18632218.0
2018-01-24 10:57:56.882000,33.0,33.0,33.05,18632218.0
2018-01-24 10:57:59.667000,33.0,33.0,33.05,18632218.0
2018-01-24 10:58:02.317000,33.0,33.0,33.05,18632218.0
2018-01-24 10:58:05.287000,33.0,33.0,33.05,18632218.0
2018-01-24 10:58:08.196000,33.0,33.0,33.05,18632218.0
2018-01-24 10:58:11.112000,33.0,33.0,33.05,18632218.0
2018-01-24 10:58:13.965000,33.0,33.0,33.05,18632218.0
2018-01-24 10:58:16.748000,33.0,33.0,33.05,18632218.0
2018-01-24 10:58:19.502000,33.0,33.0,33.05,18632218.0
2018-01-24 10:58:22.480000,33.0,33.0,33.05,18632218.0
2018-01-24 10:58:25.286000,33.0,33.0,33.05,18632218.0
2018-01-24 10:58:28.242000,33.0,33.0,33.05,18632218.0
2018-01-24 10:58:30.977000,33.0,33.0,33.05,18632218.0
2018-01-24 10:58:33.746000,33.0,33.0,33.05,18632218.0
2018-01-24 10:58:36.634000,33.0,33.0,33.05,18632218.0
2018-01-24 10:58:39.516000,33.0,33.0,33.05,18632218.0
2018-01-24 10:58:42.270000,33.0,33.0,33.05,18632218.0
2018-01-24 10:58:45.114000,33.0,33.0,33.05,18632218.0
2018-01-24 10:58:47.961000,33.0,33.0,33.05,18632218.0
2018-01-24 10:58:50.759000,32.95,32.95,33.0,18647718.0
2018-01-24 10:58:53.612000,32.95,32.95,33.0,18647718.0
2018-01-24 10:58:56.618000,32.95,32.95,33.0,18647718.0
2018-01-24 10:58:59.535000,32.95,32.95,33.0,18647718.0
2018-01-24 10:59:02.477000,32.95,32.95,33.0,18647718.0
2018-01-24 10:59:05.350000,32.95,32.95,33.0,18647718.0
2018-01-24 10:59:08.060000,32.95,32.95,33.0,18647718.0
2018-01-24 10:59:11.039000,32.95,32.95,33.0,18647718.0
2018-01-24 10:59:13.988000,32.95,32.95,33.0,18647718.0
2018-01-24 10:59:16.867000,32.95,32.95,33.0,18647718.0
2018-01-24 10:59:19.832000,32.95,32.95,33.0,18647718.0
2018-01-24 10:59:22.758000,32.95,32.95,33.0,18647718.0
2018-01-24 10:59:25.619000,32.95,32.95,33.0,18647718.0
2018-01-24 10:59:28.629000,32.95,32.95,33.0,18647718.0
2018-01-24 10:59:31.540000,32.95,32.95,33.0,18647718.0
2018-01-24 10:59:34.497000,32.95,32.95,33.0,18647718.0
2018-01-24 10:59:37.415000,32.95,32.95,33.0,18647718.0
2018-01-24 10:59:40.242000,32.95,32.95,33.0,18647718.0
2018-01-24 10:59:42.870000,32.95,32.95,33.0,18647718.0
2018-01-24 10:59:45.618000,32.95,32.95,33.0,18647718.0
2018-01-24 10:59:48.696000,32.95,32.95,33.0,18647718.0
2018-01-24 10:59:51.436000,32.95,32.95,33.0,18647718.0
2018-01-24 10:59:54.115000,32.95,32.95,33.0,18647718.0
2018-01-24 10:59:57.072000,32.95,32.95,33.0,18647718.0
2018-01-24 10:59:59.877000,32.95,32.95,33.0,18647718.0
2018-01-24 11:00:02.695000,32.95,32.95,33.0,18647718.0
2018-01-24 11:00:06.897000,33.0,32.95,33.0,18674218.0
2018-01-24 11:00:10.068000,33.0,32.95,33.0,18674218.0
2018-01-24 11:00:12.900000,33.0,32.95,33.0,18674218.0
2018-01-24 11:00:15.713000,33.0,32.95,33.0,18674218.0
2018-01-24 11:00:18.857000,33.0,32.95,33.0,18674218.0
2018-01-24 11:00:21.931000,33.0,32.95,33.0,18674218.0
2018-01-24 11:00:24.767000,33.0,32.95,33.0,18674218.0
2018-01-24 11:00:27.714000,33.0,32.95,33.0,18674218.0
2018-01-24 11:00:30.684000,33.0,32.95,33.0,18674218.0
2018-01-24 11:00:33.646000,33.0,32.95,33.0,18674218.0
2018-01-24 11:00:36.381000,33.0,32.95,33.0,18674218.0
2018-01-24 11:00:39.244000,33.0,32.95,33.0,18674218.0
2018-01-24 11:00:42.171000,33.0,32.95,33.0,18674218.0
2018-01-24 11:00:45.087000,33.0,32.95,33.0,18674218.0
2018-01-24 11:00:47.975000,33.0,32.95,33.0,18674218.0
2018-01-24 11:00:50.813000,33.0,32.95,33.0,18674218.0
2018-01-24 11:00:53.551000,33.0,32.95,33.0,18680718.0
2018-01-24 11:00:56.477000,33.0,32.95,33.0,18680718.0
2018-01-24 11:00:59.417000,33.0,32.95,33.0,18680718.0
2018-01-24 11:01:02.444000,33.0,32.95,33.0,18680718.0
2018-01-24 11:01:05.476000,33.0,32.95,33.0,18680718.0
2018-01-24 11:01:08.917000,33.0,32.95,33.0,18680718.0
2018-01-24 11:01:12.042000,33.0,32.95,33.0,18680718.0
2018-01-24 11:01:14.991000,33.0,32.95,33.0,18680718.0
2018-01-24 11:01:17.856000,33.0,32.95,33.0,18680718.0
2018-01-24 11:01:20.617000,33.0,32.95,33.0,18680718.0
2018-01-24 11:01:23.407000,33.0,32.95,33.0,18680718.0
2018-01-24 11:01:26.351000,33.0,32.95,33.0,18680718.0
2018-01-24 11:01:29.526000,33.0,32.95,33.0,18680718.0
2018-01-24 11:01:32.492000,33.0,32.95,33.0,18680718.0
2018-01-24 11:01:35.430000,33.0,32.95,33.0,18680718.0
2018-01-24 11:01:38.286000,33.0,32.95,33.0,18680718.0
2018-01-24 11:01:41.134000,33.0,32.95,33.0,18680718.0
2018-01-24 11:01:44.044000,33.0,32.95,33.0,18710218.0
2018-01-24 11:01:46.837000,33.0,32.95,33.0,18710218.0
2018-01-24 11:01:49.669000,33.0,32.95,33.0,18710218.0
2018-01-24 11:01:52.333000,33.0,32.95,33.0,18710218.0
2018-01-24 11:01:55.151000,33.0,32.95,33.0,18710218.0
2018-01-24 11:01:57.967000,33.0,32.95,33.0,18710218.0
2018-01-24 11:02:00.619000,33.0,32.95,33.0,18710218.0
2018-01-24 11:02:03.638000,33.0,32.95,33.0,18710218.0
2018-01-24 11:02:06.985000,33.0,32.95,33.0,18710218.0
2018-01-24 11:02:09.876000,33.0,32.95,33.0,18710218.0
2018-01-24 11:02:13.409000,33.0,32.95,33.0,18710218.0
2018-01-24 11:02:16.602000,33.0,32.95,33.0,18710218.0
2018-01-24 11:02:19.599000,33.0,32.95,33.0,18710218.0
2018-01-24 11:02:22.534000,33.0,32.95,33.0,18710218.0
2018-01-24 11:02:25.417000,33.0,32.95,33.0,18710218.0
2018-01-24 11:02:28.382000,33.0,32.95,33.0,18710218.0
2018-01-24 11:02:31.604000,33.0,32.95,33.0,18710218.0
2018-01-24 11:02:34.527000,33.0,32.95,33.0,18710218.0
2018-01-24 11:02:37.479000,33.0,32.95,33.0,18710218.0
2018-01-24 11:02:40.542000,33.0,32.95,33.0,18710218.0
2018-01-24 11:02:43.420000,33.0,32.95,33.0,18710218.0
2018-01-24 11:02:46.419000,33.0,32.95,33.0,18710218.0
2018-01-24 11:02:49.407000,33.0,32.95,33.0,18710218.0
2018-01-24 11:02:52.373000,32.95,32.95,33.0,18713218.0
2018-01-24 11:02:55.370000,32.95,32.95,33.0,18713218.0
2018-01-24 11:02:58.123000,32.95,32.95,33.0,18713218.0
2018-01-24 11:03:01.088000,32.95,32.95,33.0,18713218.0
2018-01-24 11:03:04.154000,32.95,32.95,33.0,18713218.0
2018-01-24 11:03:06.917000,32.95,32.95,33.0,18713218.0
2018-01-24 11:03:09.615000,32.95,32.95,33.0,18713218.0
2018-01-24 11:03:12.340000,32.95,32.95,33.0,18713218.0
2018-01-24 11:03:15.212000,32.95,32.95,33.0,18713218.0
2018-01-24 11:03:18.184000,32.95,32.95,33.0,18713218.0
2018-01-24 11:03:21.134000,32.95,32.95,33.0,18713218.0
2018-01-24 11:03:23.981000,32.95,32.95,33.0,18713218.0
2018-01-24 11:03:26.887000,33.0,32.95,33.0,18737218.0
2018-01-24 11:03:29.800000,33.0,32.95,33.0,18737218.0
2018-01-24 11:03:32.679000,33.0,32.95,33.0,18737218.0
2018-01-24 11:03:35.713000,33.0,32.95,33.0,18737218.0
2018-01-24 11:03:38.724000,33.0,32.95,33.0,18737218.0
2018-01-24 11:03:41.716000,33.0,32.95,33.0,18737218.0
2018-01-24 11:03:44.595000,33.0,32.95,33.0,18737218.0
2018-01-24 11:03:47.522000,33.0,32.95,33.0,18737218.0
2018-01-24 11:03:50.385000,33.0,32.95,33.0,18737218.0
2018-01-24 11:03:53.218000,33.0,32.95,33.0,18737218.0
2018-01-24 11:03:56.433000,33.0,32.95,33.0,18737218.0
2018-01-24 11:03:59.298000,33.0,32.95,33.0,18737218.0
2018-01-24 11:04:02.374000,33.0,32.95,33.0,18737218.0
2018-01-24 11:04:05.356000,33.0,32.95,33.0,18737218.0
2018-01-24 11:04:08.187000,33.0,32.95,33.0,18737218.0
2018-01-24 11:04:11.328000,33.0,32.95,33.0,18737218.0
2018-01-24 11:04:14.207000,33.0,32.95,33.0,18737218.0
2018-01-24 11:04:17.201000,33.0,32.95,33.0,18737218.0
2018-01-24 11:04:20.052000,33.0,32.95,33.0,18737218.0
2018-01-24 11:04:22.997000,33.0,32.95,33.0,18737218.0
2018-01-24 11:04:25.839000,33.0,32.95,33.0,18737218.0
2018-01-24 11:04:28.717000,33.0,32.95,33.0,18737218.0
2018-01-24 11:04:31.514000,33.0,32.95,33.0,18737218.0
2018-01-24 11:04:34.393000,33.0,32.95,33.0,18737218.0
2018-01-24 11:04:37.389000,33.0,32.95,33.0,18737218.0
2018-01-24 11:04:40.495000,33.0,32.95,33.0,18737218.0
2018-01-24 11:04:43.358000,33.0,32.95,33.0,18737218.0
2018-01-24 11:04:46.390000,32.95,32.95,33.0,18740718.0
2018-01-24 11:04:49.181000,32.95,32.95,33.0,18740718.0
2018-01-24 11:04:52.279000,32.95,32.95,33.0,18740718.0
2018-01-24 11:04:55.309000,32.95,32.95,33.0,18740718.0
2018-01-24 11:04:58.032000,32.95,32.95,33.0,18740718.0
2018-01-24 11:05:00.886000,32.95,32.95,33.0,18740718.0
2018-01-24 11:05:03.655000,32.95,32.95,33.0,18740718.0
2018-01-24 11:05:06.730000,32.95,32.95,33.0,18740718.0
2018-01-24 11:05:09.687000,32.95,32.95,33.0,18740718.0
2018-01-24 11:05:12.548000,32.95,32.95,33.0,18740718.0
2018-01-24 11:05:15.451000,32.95,32.95,33.0,18740718.0
2018-01-24 11:05:18.344000,32.95,32.95,33.0,18740718.0
2018-01-24 11:05:21.168000,32.95,32.95,33.0,18740718.0
2018-01-24 11:05:24.111000,32.95,32.95,33.0,18740718.0
2018-01-24 11:05:27.031000,32.95,32.95,33.0,18740718.0
2018-01-24 11:05:29.907000,32.95,32.95,33.0,18740718.0
2018-01-24 11:05:32.968000,32.95,32.95,33.0,18740718.0
2018-01-24 11:05:35.826000,32.95,32.95,33.0,18740718.0
2018-01-24 11:05:39.048000,32.95,32.95,33.0,18740718.0
2018-01-24 11:05:42,32.95,32.95,33.0,18740718.0
2018-01-24 11:05:44.782000,32.95,32.95,33.0,18740718.0
2018-01-24 11:05:47.633000,32.95,32.95,33.0,18740718.0
2018-01-24 11:05:51.030000,32.95,32.95,33.0,18740718.0
2018-01-24 11:05:53.909000,32.95,32.95,33.0,18740718.0
2018-01-24 11:05:56.733000,32.95,32.95,33.0,18740718.0
2018-01-24 11:05:59.669000,32.95,32.95,33.0,18740718.0
2018-01-24 11:06:02.490000,32.95,32.95,33.0,18740718.0
2018-01-24 11:06:05.451000,32.95,32.95,33.0,18740718.0
2018-01-24 11:06:08.400000,32.95,32.95,33.0,18740718.0
2018-01-24 11:06:11.248000,32.95,32.95,33.0,18740718.0
2018-01-24 11:06:14.495000,32.95,32.95,33.0,18740718.0
2018-01-24 11:06:17.519000,32.95,32.95,33.0,18740718.0
2018-01-24 11:06:20.368000,32.95,32.95,33.0,18740718.0
2018-01-24 11:06:23.329000,32.95,32.95,33.0,18740718.0
2018-01-24 11:06:26.156000,32.95,32.95,33.0,18740718.0
2018-01-24 11:06:29.097000,32.95,32.95,33.0,18740718.0
2018-01-24 11:06:31.811000,32.95,32.95,33.0,18740718.0
2018-01-24 11:06:34.643000,32.95,32.95,33.0,18740718.0
2018-01-24 11:06:37.656000,32.95,32.95,33.0,18762718.0
2018-01-24 11:06:40.624000,32.95,32.95,33.0,18762718.0
2018-01-24 11:06:43.572000,32.95,32.95,33.0,18762718.0
2018-01-24 11:06:46.377000,32.95,32.95,33.0,18762718.0
2018-01-24 11:06:49.276000,32.95,32.95,33.0,18762718.0
2018-01-24 11:06:52.044000,32.95,32.95,33.0,18762718.0
2018-01-24 11:06:54.860000,32.95,32.95,33.0,18762718.0
2018-01-24 11:06:57.830000,32.95,32.95,33.0,18762718.0
2018-01-24 11:07:00.576000,32.95,32.95,33.0,18762718.0
2018-01-24 11:07:03.327000,32.95,32.95,33.0,18762718.0
2018-01-24 11:07:06.422000,32.95,32.95,33.0,18762718.0
2018-01-24 11:07:09.683000,32.95,32.95,33.0,18762718.0
2018-01-24 11:07:12.579000,32.95,32.95,33.0,18762718.0
2018-01-24 11:07:15.163000,32.95,32.95,33.0,18762718.0
2018-01-24 11:07:17.959000,32.95,32.95,33.0,18762718.0
2018-01-24 11:07:20.829000,32.95,32.95,33.0,18762718.0
2018-01-24 11:07:23.582000,32.95,32.95,33.0,18762718.0
2018-01-24 11:07:26.498000,32.95,32.95,33.0,18762718.0
2018-01-24 11:07:29.517000,32.95,32.95,33.0,18762718.0
2018-01-24 11:07:32.620000,32.95,32.95,33.0,18762718.0
2018-01-24 11:07:35.547000,32.95,32.95,33.0,18762718.0
2018-01-24 11:07:38.566000,32.95,32.95,33.0,18762718.0
2018-01-24 11:07:41.409000,32.95,32.95,33.0,18762718.0
2018-01-24 11:07:44.170000,32.95,32.95,33.0,18762718.0
2018-01-24 11:07:47.151000,32.95,32.95,33.0,18769218.0
2018-01-24 11:07:50.093000,32.95,32.95,33.0,18769218.0
2018-01-24 11:07:53.098000,32.95,32.95,33.0,18769218.0
2018-01-24 11:07:55.969000,32.95,32.95,33.0,18769218.0
2018-01-24 11:07:59.007000,32.95,32.95,33.0,18769218.0
2018-01-24 11:08:01.733000,32.95,32.95,33.0,18769218.0
2018-01-24 11:08:04.611000,32.95,32.95,33.0,18769218.0
2018-01-24 11:08:07.515000,32.95,32.95,33.0,18769218.0
2018-01-24 11:08:10.554000,32.95,32.95,33.0,18769218.0
2018-01-24 11:08:13.316000,32.95,32.95,33.0,18769218.0
2018-01-24 11:08:16.452000,32.95,32.95,33.0,18769218.0
2018-01-24 11:08:19.300000,32.95,32.95,33.0,18769218.0
2018-01-24 11:08:22.286000,32.95,32.95,33.0,18769218.0
2018-01-24 11:08:25.133000,32.95,32.95,33.0,18769218.0
2018-01-24 11:08:28.105000,32.95,32.95,33.0,18769218.0
2018-01-24 11:08:31.047000,32.95,32.95,33.0,18769218.0
2018-01-24 11:08:33.800000,32.95,32.95,33.0,18769218.0
2018-01-24 11:08:36.708000,32.95,32.95,33.0,18769218.0
2018-01-24 11:08:39.618000,32.95,32.95,33.0,18769218.0
2018-01-24 11:08:42.690000,32.95,32.95,33.0,18769218.0
2018-01-24 11:08:46.109000,32.95,32.95,33.0,18769218.0
2018-01-24 11:08:49.269000,32.95,32.95,33.0,18769218.0
2018-01-24 11:08:52.188000,32.95,32.95,33.0,18769218.0
2018-01-24 11:08:54.987000,32.95,32.95,33.0,18769218.0
2018-01-24 11:08:57.957000,32.95,32.95,33.0,18769218.0
2018-01-24 11:09:00.797000,32.95,32.95,33.0,18769218.0
2018-01-24 11:09:03.660000,32.95,32.95,33.0,18769218.0
2018-01-24 11:09:06.798000,32.95,32.95,33.0,18769218.0
2018-01-24 11:09:09.645000,32.95,32.95,33.0,18769218.0
2018-01-24 11:09:12.439000,32.95,32.95,33.0,18769218.0
2018-01-24 11:09:15.318000,32.95,32.95,33.0,18769218.0
2018-01-24 11:09:18.411000,32.95,32.95,33.0,18769218.0
2018-01-24 11:09:21.705000,32.95,32.95,33.0,18769218.0
2018-01-24 11:09:24.648000,32.95,32.95,33.0,18769218.0
2018-01-24 11:09:27.675000,32.95,32.95,33.0,18769218.0
2018-01-24 11:09:30.860000,32.95,32.95,33.0,18769218.0
2018-01-24 11:09:34.044000,32.95,32.95,33.0,18769218.0
2018-01-24 11:09:36.708000,32.95,32.95,33.0,18769218.0
2018-01-24 11:09:39.649000,32.95,32.95,33.0,18769218.0
2018-01-24 11:09:42.444000,32.95,32.95,33.0,18769218.0
2018-01-24 11:09:45.307000,33.0,32.95,33.0,18771218.0
2018-01-24 11:09:48.208000,33.0,32.95,33.0,18771218.0
2018-01-24 11:09:51.115000,33.0,32.95,33.0,18771218.0
2018-01-24 11:09:54.385000,33.0,32.95,33.0,18771218.0
2018-01-24 11:09:57.178000,33.0,32.95,33.0,18771218.0
2018-01-24 11:10:00.266000,33.0,32.95,33.0,18771218.0
2018-01-24 11:10:03.137000,33.0,32.95,33.0,18771218.0
2018-01-24 11:10:06.050000,33.0,32.95,33.0,18771218.0
2018-01-24 11:10:08.887000,33.0,32.95,33.0,18771218.0
2018-01-24 11:10:11.708000,33.0,32.95,33.0,18771218.0
2018-01-24 11:10:14.556000,33.0,32.95,33.0,18771218.0
2018-01-24 11:10:17.351000,33.0,32.95,33.0,18771218.0
2018-01-24 11:10:20.201000,33.0,32.95,33.0,18771218.0
2018-01-24 11:10:22.986000,33.0,32.95,33.0,18771218.0
2018-01-24 11:10:25.847000,33.0,32.95,33.0,18771218.0
2018-01-24 11:10:28.538000,33.0,32.95,33.0,18771218.0
2018-01-24 11:10:31.347000,33.0,32.95,33.0,18771218.0
2018-01-24 11:10:34.306000,33.0,32.95,33.0,18771218.0
2018-01-24 11:10:37.368000,33.0,32.95,33.0,18771218.0
2018-01-24 11:10:40.246000,33.0,32.95,33.0,18771218.0
2018-01-24 11:10:43.068000,33.0,32.95,33.0,18771218.0
2018-01-24 11:10:45.845000,33.0,32.95,33.0,18771218.0
2018-01-24 11:10:48.473000,33.0,32.95,33.0,18771218.0
2018-01-24 11:10:51.473000,33.0,32.95,33.0,18771218.0
2018-01-24 11:10:54.429000,33.0,32.95,33.0,18771218.0
2018-01-24 11:10:57.519000,33.0,32.95,33.0,18771218.0
2018-01-24 11:11:00.524000,33.0,32.95,33.0,18771218.0
2018-01-24 11:11:03.459000,33.0,32.95,33.0,18771218.0
2018-01-24 11:11:06.365000,33.0,32.95,33.0,18771218.0
2018-01-24 11:11:09.165000,33.0,32.95,33.0,18771218.0
2018-01-24 11:11:12.232000,33.0,32.95,33.0,18771218.0
2018-01-24 11:11:15.223000,33.0,32.95,33.0,18771218.0
2018-01-24 11:11:18.131000,33.0,32.95,33.0,18771218.0
2018-01-24 11:11:20.859000,33.0,32.95,33.0,18771218.0
2018-01-24 11:11:23.794000,33.0,32.95,33.0,18771218.0
2018-01-24 11:11:27.066000,33.0,32.95,33.0,18771218.0
2018-01-24 11:11:30.132000,33.0,32.95,33.0,18771218.0
2018-01-24 11:11:32.930000,33.0,32.95,33.0,18771218.0
2018-01-24 11:11:35.795000,33.0,32.95,33.0,18771218.0
2018-01-24 11:11:38.836000,33.0,32.95,33.0,18771218.0
2018-01-24 11:11:41.791000,33.0,32.95,33.0,18771218.0
2018-01-24 11:11:44.567000,33.0,32.95,33.0,18771218.0
2018-01-24 11:11:47.387000,33.0,32.95,33.0,18771218.0
2018-01-24 11:11:50.363000,33.0,32.95,33.0,18771218.0
2018-01-24 11:11:53.330000,33.0,32.95,33.0,18771218.0
2018-01-24 11:11:56.287000,33.0,32.95,33.0,18771698.0
2018-01-24 11:11:59.072000,33.0,32.95,33.0,18771698.0
2018-01-24 11:12:01.992000,33.0,32.95,33.0,18771698.0
2018-01-24 11:12:05.026000,33.0,32.95,33.0,18771698.0
2018-01-24 11:12:08.022000,33.0,32.95,33.0,18771698.0
2018-01-24 11:12:10.949000,33.0,32.95,33.0,18771698.0
2018-01-24 11:12:13.811000,33.0,32.95,33.0,18771698.0
2018-01-24 11:12:16.820000,33.0,32.95,33.0,18771698.0
2018-01-24 11:12:19.645000,33.0,32.95,33.0,18771698.0
2018-01-24 11:12:22.504000,33.0,32.95,33.0,18771698.0
2018-01-24 11:12:25.460000,33.0,32.95,33.0,18771698.0
2018-01-24 11:12:28.450000,33.0,32.95,33.0,18771698.0
2018-01-24 11:12:31.380000,33.0,32.95,33.0,18771698.0
2018-01-24 11:12:34.254000,33.0,32.95,33.0,18771698.0
2018-01-24 11:12:37.193000,33.0,32.95,33.0,18771698.0
2018-01-24 11:12:40.134000,33.0,32.95,33.0,18771698.0
2018-01-24 11:12:42.898000,33.0,32.95,33.0,18771698.0
2018-01-24 11:12:45.968000,33.0,32.95,33.0,18771698.0
2018-01-24 11:12:48.748000,33.0,32.95,33.0,18771698.0
2018-01-24 11:12:51.681000,33.0,32.95,33.0,18771698.0
2018-01-24 11:12:54.362000,33.0,32.95,33.0,18771698.0
2018-01-24 11:12:57.392000,33.0,32.95,33.0,18771698.0
2018-01-24 11:13:00.255000,33.0,32.95,33.0,18771698.0
2018-01-24 11:13:03.276000,33.0,32.95,33.0,18771698.0
2018-01-24 11:13:06.083000,33.0,32.95,33.0,18771698.0
2018-01-24 11:13:08.821000,33.0,32.95,33.0,18771698.0
2018-01-24 11:13:11.725000,33.0,32.95,33.0,18777464.0
2018-01-24 11:13:14.960000,33.0,32.95,33.0,18777464.0
2018-01-24 11:13:17.943000,33.0,32.95,33.0,18777464.0
2018-01-24 11:13:20.906000,33.0,32.95,33.0,18777464.0
2018-01-24 11:13:23.759000,33.0,32.95,33.0,18777464.0
2018-01-24 11:13:26.583000,33.0,32.95,33.0,18777464.0
2018-01-24 11:13:29.461000,33.0,32.95,33.0,18777464.0
2018-01-24 11:13:32.351000,33.0,32.95,33.0,18777464.0
2018-01-24 11:13:35.304000,33.0,32.95,33.0,18777464.0
2018-01-24 11:13:38.163000,33.0,32.95,33.0,18777464.0
2018-01-24 11:13:41.117000,33.0,32.95,33.0,18777464.0
2018-01-24 11:13:44.182000,33.0,32.95,33.0,18777464.0
2018-01-24 11:13:47.336000,33.0,32.95,33.0,18777464.0
2018-01-24 11:13:50.111000,33.0,32.95,33.0,18777464.0
2018-01-24 11:13:53.133000,33.0,32.95,33.0,18777464.0
2018-01-24 11:13:56.163000,33.0,32.95,33.0,18777464.0
2018-01-24 11:13:59.017000,33.0,32.95,33.0,18777464.0
2018-01-24 11:14:02.025000,33.0,32.95,33.0,18777464.0
2018-01-24 11:14:05.018000,33.0,32.95,33.0,18777464.0
2018-01-24 11:14:07.885000,33.0,32.95,33.0,18777464.0
2018-01-24 11:14:10.763000,33.0,32.95,33.0,18777464.0
2018-01-24 11:14:14.009000,33.0,32.95,33.0,18777464.0
2018-01-24 11:14:16.916000,33.0,32.95,33.0,18777464.0
2018-01-24 11:14:19.931000,33.0,32.95,33.0,18777464.0
2018-01-24 11:14:22.760000,33.0,32.95,33.0,18777464.0
2018-01-24 11:14:25.841000,33.0,32.95,33.0,18777464.0
2018-01-24 11:14:28.675000,33.0,32.95,33.0,18777464.0
2018-01-24 11:14:31.591000,33.0,32.95,33.0,18777464.0
2018-01-24 11:14:34.875000,33.0,32.95,33.0,18777464.0
2018-01-24 11:14:37.696000,33.0,32.95,33.0,18777464.0
2018-01-24 11:14:40.511000,32.95,32.95,33.0,18779964.0
2018-01-24 11:14:43.206000,32.95,32.95,33.0,18779964.0
2018-01-24 11:14:46.152000,32.95,32.95,33.0,18779964.0
2018-01-24 11:14:48.979000,32.95,32.95,33.0,18779964.0
2018-01-24 11:14:51.850000,32.95,32.95,33.0,18779964.0
2018-01-24 11:14:54.873000,32.95,32.95,33.0,18779964.0
2018-01-24 11:14:57.681000,32.95,32.95,33.0,18779964.0
2018-01-24 11:15:00.606000,32.95,32.95,33.0,18779964.0
2018-01-24 11:15:03.409000,32.95,32.95,33.0,18779964.0
2018-01-24 11:15:06.570000,32.95,32.95,33.0,18779964.0
2018-01-24 11:15:09.542000,32.95,32.95,33.0,18779964.0
2018-01-24 11:15:12.398000,32.95,32.95,33.0,18779964.0
2018-01-24 11:15:15.154000,32.95,32.95,33.0,18779964.0
2018-01-24 11:15:18.214000,32.95,32.95,33.0,18779964.0
2018-01-24 11:15:21.063000,32.95,32.95,33.0,18779964.0
2018-01-24 11:15:23.848000,32.95,32.95,33.0,18779964.0
2018-01-24 11:15:26.619000,32.95,32.95,33.0,18779964.0
2018-01-24 11:15:29.437000,32.95,32.95,33.0,18779964.0
2018-01-24 11:15:32.323000,32.95,32.95,33.0,18779964.0
2018-01-24 11:15:35.368000,32.95,32.95,33.0,18779964.0
2018-01-24 11:15:38.376000,32.95,32.95,33.0,18779964.0
2018-01-24 11:15:41.368000,32.95,32.95,33.0,18779964.0
2018-01-24 11:15:44.312000,32.95,32.95,33.0,18779964.0
2018-01-24 11:15:47.117000,32.95,32.95,33.0,18779964.0
2018-01-24 11:15:49.918000,32.95,32.95,33.0,18779964.0
2018-01-24 11:15:52.714000,32.95,32.95,33.0,18779964.0
2018-01-24 11:15:55.682000,32.95,32.95,33.0,18779964.0
2018-01-24 11:15:58.529000,32.95,32.95,33.0,18779964.0
2018-01-24 11:16:01.262000,32.95,32.95,33.0,18779964.0
2018-01-24 11:16:04.103000,32.95,32.95,33.0,18779964.0
2018-01-24 11:16:06.790000,32.95,32.95,33.0,18779964.0
2018-01-24 11:16:09.736000,32.95,32.95,33.0,18779964.0
2018-01-24 11:16:16.416000,32.95,32.95,33.0,18779964.0
2018-01-24 11:16:19.466000,32.95,32.95,33.0,18779964.0
2018-01-24 11:16:22.450000,32.95,32.95,33.0,18779964.0
2018-01-24 11:16:25.484000,32.95,32.95,33.0,18779964.0
2018-01-24 11:16:28.925000,32.95,32.95,33.0,18779964.0
2018-01-24 11:16:31.871000,32.95,32.95,33.0,18779964.0
2018-01-24 11:16:34.750000,32.95,32.95,33.0,18779964.0
2018-01-24 11:16:37.839000,33.0,33.0,33.05,18846464.0
2018-01-24 11:16:40.673000,33.0,33.0,33.05,18846464.0
2018-01-24 11:16:43.478000,33.0,33.0,33.05,18846464.0
2018-01-24 11:16:46.510000,33.0,33.0,33.05,18846464.0
2018-01-24 11:16:49.439000,33.0,33.0,33.05,18846464.0
2018-01-24 11:16:52.362000,33.0,33.0,33.05,18846464.0
2018-01-24 11:16:55.200000,33.0,33.0,33.05,18846464.0
2018-01-24 11:16:58.270000,33.0,33.0,33.05,18846464.0
2018-01-24 11:17:01.338000,33.0,33.0,33.05,18846464.0
2018-01-24 11:17:04.254000,33.0,33.0,33.05,18846464.0
2018-01-24 11:17:07.143000,33.0,33.0,33.05,18846464.0
2018-01-24 11:17:10.153000,33.0,33.0,33.05,18846464.0
2018-01-24 11:17:12.997000,33.0,33.0,33.05,18846464.0
2018-01-24 11:17:15.937000,33.0,33.0,33.05,18846464.0
2018-01-24 11:17:18.888000,33.0,33.0,33.05,18846464.0
2018-01-24 11:17:21.994000,33.0,33.0,33.05,18846464.0
2018-01-24 11:17:24.873000,33.0,33.0,33.05,18846464.0
2018-01-24 11:17:27.653000,33.0,33.0,33.05,18846464.0
2018-01-24 11:17:30.565000,33.0,33.0,33.05,18846464.0
2018-01-24 11:17:33.422000,33.0,33.0,33.05,18846464.0
2018-01-24 11:17:36.335000,33.0,33.0,33.05,18846464.0
2018-01-24 11:17:39.293000,33.0,33.0,33.05,18846464.0
2018-01-24 11:17:42.151000,,,,
2018-01-24 11:17:44.967000,33.0,33.0,33.05,18881964.0
2018-01-24 11:17:47.854000,33.0,33.0,33.05,18881964.0
2018-01-24 11:17:50.790000,33.0,33.0,33.05,18881964.0
2018-01-24 11:17:53.735000,33.0,33.0,33.05,18881964.0
2018-01-24 11:17:56.653000,33.0,33.0,33.05,18881964.0
2018-01-24 11:17:59.688000,33.0,33.0,33.05,18881964.0
2018-01-24 11:18:02.464000,33.0,33.0,33.05,18881964.0
2018-01-24 11:18:05.611000,33.0,33.0,33.05,18881964.0
2018-01-24 11:18:08.467000,33.0,33.0,33.05,18881964.0
2018-01-24 11:18:11.463000,33.0,33.0,33.05,18881964.0
2018-01-24 11:18:14.203000,33.0,33.0,33.05,18881964.0
2018-01-24 11:18:17.106000,33.0,33.0,33.05,18881964.0
2018-01-24 11:18:19.954000,33.0,33.0,33.05,18881964.0
2018-01-24 11:18:22.606000,33.0,33.0,33.05,18881964.0
2018-01-24 11:18:25.391000,33.0,33.0,33.05,18881964.0
2018-01-24 11:18:28.288000,33.0,33.0,33.05,18881964.0
2018-01-24 11:18:31.343000,33.0,33.0,33.05,18881964.0
2018-01-24 11:18:34.236000,33.0,33.0,33.05,18881964.0
2018-01-24 11:18:37.142000,33.0,33.0,33.05,18881964.0
2018-01-24 11:18:39.884000,33.0,33.0,33.05,18881964.0
2018-01-24 11:18:42.734000,33.0,33.0,33.05,18881964.0
2018-01-24 11:18:45.300000,33.0,33.0,33.05,18881964.0
2018-01-24 11:18:47.773000,33.0,33.0,33.05,18881964.0
2018-01-24 11:18:50.375000,33.0,33.0,33.05,18881964.0
2018-01-24 11:18:53.188000,33.0,33.0,33.05,18881964.0
2018-01-24 11:18:55.847000,33.0,33.0,33.05,18881964.0
2018-01-24 11:18:58.811000,33.0,33.0,33.05,18881964.0
2018-01-24 11:19:01.543000,33.0,33.0,33.05,18881964.0
2018-01-24 11:19:04.360000,33.0,33.0,33.05,18881964.0
2018-01-24 11:19:06.980000,33.0,33.0,33.05,18881964.0
2018-01-24 11:19:09.577000,33.0,33.0,33.05,18881964.0
2018-01-24 11:19:12.247000,33.0,33.0,33.05,18881964.0
2018-01-24 11:19:14.866000,33.0,33.0,33.05,18881964.0
2018-01-24 11:19:17.328000,33.0,33.0,33.05,18881964.0
2018-01-24 11:19:20.017000,33.0,33.0,33.05,18881964.0
2018-01-24 11:19:22.624000,33.0,33.0,33.05,18881964.0
2018-01-24 11:19:25.471000,33.0,33.0,33.05,18881964.0
2018-01-24 11:19:28.273000,33.0,33.0,33.05,18881964.0
2018-01-24 11:19:30.917000,33.0,33.0,33.05,18881964.0
2018-01-24 11:19:33.430000,33.0,33.0,33.05,18881964.0
2018-01-24 11:19:36.183000,33.0,33.0,33.05,18881964.0
2018-01-24 11:19:39.132000,33.0,33.0,33.05,18881964.0
2018-01-24 11:19:42.015000,33.0,33.0,33.05,18881964.0
2018-01-24 11:19:44.706000,33.0,33.0,33.05,18881964.0
2018-01-24 11:19:47.575000,33.0,33.0,33.05,18881964.0
2018-01-24 11:19:50.266000,33.0,33.0,33.05,18890464.0
2018-01-24 11:19:52.923000,33.0,33.0,33.05,18890464.0
2018-01-24 11:19:55.500000,33.0,33.0,33.05,18890464.0
2018-01-24 11:19:58.269000,33.0,33.0,33.05,18890464.0
2018-01-24 11:20:00.916000,33.0,33.0,33.05,18890464.0
2018-01-24 11:20:03.815000,33.0,33.0,33.05,18890464.0
2018-01-24 11:20:06.492000,33.0,33.0,33.05,18890464.0
2018-01-24 11:20:09.191000,33.0,33.0,33.05,18890464.0
2018-01-24 11:20:11.733000,33.0,33.0,33.05,18890464.0
2018-01-24 11:20:14.627000,33.0,33.0,33.05,18890464.0
2018-01-24 11:20:17.138000,33.0,33.0,33.05,18890464.0
2018-01-24 11:20:20.133000,33.0,33.0,33.05,18890464.0
2018-01-24 11:20:22.687000,33.0,33.0,33.05,18890464.0
2018-01-24 11:20:25.179000,33.0,33.0,33.05,18890464.0
2018-01-24 11:20:27.764000,33.0,33.0,33.05,18890464.0
2018-01-24 11:20:30.456000,33.0,33.0,33.05,18890464.0
2018-01-24 11:20:33.125000,33.0,33.0,33.05,18890464.0
2018-01-24 11:20:35.738000,33.0,33.0,33.05,18890464.0
2018-01-24 11:20:38.416000,33.0,33.0,33.05,18890464.0
2018-01-24 11:20:41.149000,33.0,33.0,33.05,18890464.0
2018-01-24 11:20:44.084000,33.0,33.0,33.05,18890464.0
2018-01-24 11:20:46.781000,33.0,33.0,33.05,18890464.0
2018-01-24 11:20:49.418000,33.0,33.0,33.05,18890464.0
2018-01-24 11:20:52.520000,33.0,33.0,33.05,18890464.0
2018-01-24 11:20:55.288000,33.0,33.0,33.05,18890464.0
2018-01-24 11:20:57.861000,33.0,33.0,33.05,18890464.0
2018-01-24 11:21:00.619000,33.0,33.0,33.05,18912874.0
2018-01-24 11:21:03.097000,33.0,33.0,33.05,18912874.0
2018-01-24 11:21:06.007000,33.0,33.0,33.05,18912874.0
2018-01-24 11:21:08.836000,33.0,33.0,33.05,18912874.0
2018-01-24 11:21:11.526000,33.0,33.0,33.05,18912874.0
2018-01-24 11:21:14.096000,33.0,33.0,33.05,18912874.0
2018-01-24 11:21:16.984000,33.0,33.0,33.05,18912874.0
2018-01-24 11:21:19.731000,33.0,33.0,33.05,18912874.0
2018-01-24 11:21:22.295000,33.0,33.0,33.05,18912874.0
2018-01-24 11:21:25.018000,33.0,33.0,33.05,18912874.0
2018-01-24 11:21:27.471000,33.0,33.0,33.05,18912874.0
2018-01-24 11:21:30.199000,33.0,33.0,33.05,18912874.0
2018-01-24 11:21:32.894000,33.0,33.0,33.05,18912874.0
2018-01-24 11:21:35.513000,33.0,33.0,33.05,18912874.0
2018-01-24 11:21:38.659000,33.0,33.0,33.05,18912874.0
2018-01-24 11:21:41.522000,33.0,33.0,33.05,18912874.0
2018-01-24 11:21:44.240000,33.0,33.0,33.05,18912874.0
2018-01-24 11:21:47.142000,33.0,33.0,33.05,18912874.0
2018-01-24 11:21:49.808000,33.0,33.0,33.05,18912874.0
2018-01-24 11:21:52.891000,33.0,33.0,33.05,18912874.0
2018-01-24 11:21:55.758000,33.0,33.0,33.05,18912874.0
2018-01-24 11:21:58.457000,33.0,33.0,33.05,18912874.0
2018-01-24 11:22:01.351000,33.0,33.0,33.05,18912874.0
2018-01-24 11:22:04.185000,33.0,33.0,33.05,18912874.0
2018-01-24 11:22:06.594000,33.0,33.0,33.05,18912874.0
2018-01-24 11:22:09.401000,33.0,33.0,33.05,18912874.0
2018-01-24 11:22:12.174000,33.0,33.0,33.05,18912874.0
2018-01-24 11:22:14.982000,33.0,33.0,33.05,18912874.0
2018-01-24 11:22:17.704000,33.0,33.0,33.05,18912874.0
2018-01-24 11:22:20.210000,33.0,33.0,33.05,18912874.0
2018-01-24 11:22:22.775000,33.0,33.0,33.05,18912874.0
2018-01-24 11:22:25.478000,33.0,33.0,33.05,18912874.0
2018-01-24 11:22:28.156000,33.0,33.0,33.05,18912874.0
2018-01-24 11:22:30.910000,33.0,33.0,33.05,18912874.0
2018-01-24 11:22:33.947000,33.0,33.0,33.05,18912874.0
2018-01-24 11:22:36.576000,33.0,33.0,33.05,18912874.0
2018-01-24 11:22:39.401000,33.0,33.0,33.05,18912874.0
2018-01-24 11:22:42.230000,33.0,33.0,33.05,18912874.0
2018-01-24 11:22:44.856000,33.0,33.0,33.05,18912874.0
2018-01-24 11:22:47.674000,33.0,33.0,33.05,18912874.0
2018-01-24 11:22:50.173000,33.0,33.0,33.05,18912874.0
2018-01-24 11:22:52.847000,33.0,33.0,33.05,18912874.0
2018-01-24 11:22:55.722000,33.0,33.0,33.05,18912874.0
2018-01-24 11:22:58.316000,33.0,33.0,33.05,18912874.0
2018-01-24 11:23:01.398000,33.05,33.0,33.05,18916374.0
2018-01-24 11:23:04.005000,33.05,33.0,33.05,18916374.0
2018-01-24 11:23:06.679000,33.05,33.0,33.05,18916374.0
2018-01-24 11:23:09.349000,33.05,33.0,33.05,18916374.0
2018-01-24 11:23:12.065000,33.05,33.0,33.05,18916374.0
2018-01-24 11:23:14.803000,33.05,33.0,33.05,18916374.0
2018-01-24 11:23:17.720000,33.05,33.0,33.05,18916374.0
2018-01-24 11:23:20.482000,33.05,33.0,33.05,18916374.0
2018-01-24 11:23:23.003000,33.05,33.0,33.05,18916374.0
2018-01-24 11:23:25.819000,33.05,33.0,33.05,18916374.0
2018-01-24 11:23:28.598000,33.05,33.0,33.05,18916374.0
2018-01-24 11:23:31.454000,33.05,33.0,33.05,18916374.0
2018-01-24 11:23:34.379000,33.05,33.0,33.05,18916374.0
2018-01-24 11:23:37.008000,33.05,33.0,33.05,18916374.0
2018-01-24 11:23:39.560000,33.05,33.0,33.05,18916374.0
2018-01-24 11:23:42.224000,33.05,33.05,33.1,18996374.0
2018-01-24 11:23:44.837000,33.05,33.05,33.1,18996374.0
2018-01-24 11:23:47.330000,33.05,33.05,33.1,18996374.0
2018-01-24 11:23:50.208000,33.05,33.05,33.1,18996374.0
2018-01-24 11:23:53.025000,33.05,33.05,33.1,18996374.0
2018-01-24 11:23:55.701000,33.05,33.05,33.1,18996374.0
2018-01-24 11:23:58.210000,33.05,33.05,33.1,18996374.0
2018-01-24 11:24:00.854000,33.05,33.05,33.1,18996374.0
2018-01-24 11:24:03.503000,33.05,33.05,33.1,18996374.0
2018-01-24 11:24:06.147000,33.05,33.05,33.1,18996374.0
2018-01-24 11:24:08.815000,33.05,33.05,33.1,18996374.0
2018-01-24 11:24:11.187000,33.05,33.05,33.1,18996374.0
2018-01-24 11:24:13.785000,33.05,33.05,33.1,18996374.0
2018-01-24 11:24:16.476000,33.05,33.05,33.1,18996374.0
2018-01-24 11:24:19.242000,33.05,33.05,33.1,18996374.0
2018-01-24 11:24:21.951000,33.05,33.05,33.1,18996374.0
2018-01-24 11:24:24.429000,33.05,33.05,33.1,18996374.0
2018-01-24 11:24:27.080000,33.05,33.05,33.1,18996374.0
2018-01-24 11:24:29.815000,33.05,33.0,33.05,19148374.0
2018-01-24 11:24:32.302000,33.05,33.0,33.05,19148374.0
2018-01-24 11:24:35.031000,33.05,33.0,33.05,19148374.0
2018-01-24 11:24:37.881000,33.05,33.0,33.05,19148374.0
2018-01-24 11:24:40.540000,33.05,33.0,33.05,19148374.0
2018-01-24 11:24:43.177000,33.05,33.0,33.05,19148374.0
2018-01-24 11:24:45.727000,33.05,33.0,33.05,19148374.0
2018-01-24 11:24:48.531000,33.05,33.0,33.05,19148374.0
2018-01-24 11:24:51.347000,33.05,33.0,33.05,19148374.0
2018-01-24 11:24:53.990000,33.05,33.0,33.05,19148374.0
2018-01-24 11:24:56.806000,33.05,33.0,33.05,19148374.0
2018-01-24 11:24:59.443000,33.05,33.0,33.05,19148374.0
2018-01-24 11:25:02.206000,33.05,33.0,33.05,19148374.0
2018-01-24 11:25:04.961000,33.05,33.0,33.05,19148374.0
2018-01-24 11:25:07.818000,33.05,33.0,33.05,19148374.0
2018-01-24 11:25:10.540000,33.05,33.0,33.05,19148374.0
2018-01-24 11:25:13.209000,33.05,33.0,33.05,19148374.0
2018-01-24 11:25:15.587000,33.05,33.0,33.05,19148374.0
2018-01-24 11:25:18.066000,33.05,33.0,33.05,19148374.0
2018-01-24 11:25:20.851000,33.05,33.0,33.05,19148374.0
2018-01-24 11:25:23.321000,33.0,33.0,33.05,19538874.0
2018-01-24 11:25:26.123000,33.0,33.0,33.05,19538874.0
2018-01-24 11:25:28.666000,33.0,33.0,33.05,19538874.0
2018-01-24 11:25:31.134000,33.0,33.0,33.05,19538874.0
2018-01-24 11:25:33.741000,33.0,33.0,33.05,19538874.0
2018-01-24 11:25:36.291000,33.0,33.0,33.05,19538874.0
2018-01-24 11:25:39.029000,33.0,33.0,33.05,19538874.0
2018-01-24 11:25:41.703000,33.0,33.0,33.05,19538874.0
2018-01-24 11:25:44.588000,33.0,33.0,33.05,19538874.0
2018-01-24 11:25:47.303000,33.0,33.0,33.05,19538874.0
2018-01-24 11:25:49.963000,33.0,33.0,33.05,19538874.0
2018-01-24 11:25:52.660000,33.0,33.0,33.05,19538874.0
2018-01-24 11:25:55.198000,33.0,33.0,33.05,19538874.0
2018-01-24 11:25:57.724000,33.0,33.0,33.05,19538874.0
2018-01-24 11:26:00.478000,33.0,33.0,33.05,19538874.0
2018-01-24 11:26:03.239000,33.0,33.0,33.05,19538874.0
2018-01-24 11:26:05.840000,33.0,33.0,33.05,19538874.0
2018-01-24 11:26:08.398000,33.0,33.0,33.05,19538874.0
2018-01-24 11:26:11.104000,33.0,33.0,33.05,19538874.0
2018-01-24 11:26:13.835000,33.0,33.0,33.05,19538874.0
2018-01-24 11:26:16.620000,33.0,33.0,33.05,19538874.0
2018-01-24 11:26:19.330000,33.0,33.0,33.05,19538874.0
2018-01-24 11:26:21.848000,33.0,33.0,33.05,19538874.0
2018-01-24 11:26:24.479000,33.0,33.0,33.05,19538874.0
2018-01-24 11:26:27.252000,33.0,33.0,33.05,19538874.0
2018-01-24 11:26:30.217000,33.0,33.0,33.05,19538874.0
2018-01-24 11:26:33.068000,33.0,33.0,33.05,19538874.0
2018-01-24 11:26:35.759000,33.0,33.0,33.05,19538874.0
2018-01-24 11:26:38.392000,33.0,33.0,33.05,19538874.0
2018-01-24 11:26:41.114000,33.0,33.0,33.05,19538874.0
2018-01-24 11:26:43.586000,33.0,33.0,33.05,19538874.0
2018-01-24 11:26:46.136000,33.0,33.0,33.05,19538874.0
2018-01-24 11:26:48.884000,33.0,33.0,33.05,19538874.0
2018-01-24 11:26:51.512000,33.0,33.0,33.05,19538874.0
2018-01-24 11:26:54.454000,33.0,33.0,33.05,19538874.0
2018-01-24 11:26:57.125000,33.05,33.05,33.1,19588374.0
2018-01-24 11:26:59.776000,33.05,33.05,33.1,19588374.0
2018-01-24 11:27:02.316000,33.05,33.05,33.1,19588374.0
2018-01-24 11:27:04.777000,33.05,33.05,33.1,19588374.0
2018-01-24 11:27:07.331000,33.05,33.05,33.1,19588374.0
2018-01-24 11:27:09.992000,33.05,33.05,33.1,19588374.0
2018-01-24 11:27:12.711000,33.05,33.05,33.1,19588374.0
2018-01-24 11:27:15.276000,33.05,33.05,33.1,19588374.0
2018-01-24 11:27:17.914000,33.05,33.05,33.1,19588374.0
2018-01-24 11:27:20.589000,33.05,33.05,33.1,19588374.0
2018-01-24 11:27:23.183000,33.05,33.05,33.1,19588374.0
2018-01-24 11:27:25.870000,33.05,33.05,33.1,19588374.0
2018-01-24 11:27:28.681000,33.05,33.05,33.1,19588374.0
2018-01-24 11:27:31.871000,33.05,33.05,33.1,19792159.0
2018-01-24 11:27:35.653000,33.05,33.05,33.1,19792159.0
2018-01-24 11:27:38.915000,33.05,33.05,33.1,19792159.0
2018-01-24 11:27:42.461000,33.05,33.05,33.1,19792159.0
2018-01-24 11:27:46.003000,33.05,33.05,33.1,19792159.0
2018-01-24 11:27:49.307000,33.05,33.05,33.1,19792159.0
2018-01-24 11:27:52.666000,33.05,33.05,33.1,19792159.0
2018-01-24 11:27:55.935000,33.05,33.05,33.1,19792159.0
2018-01-24 11:27:59.176000,33.05,33.05,33.1,19792159.0
2018-01-24 11:28:02.507000,33.05,33.05,33.1,19792159.0
2018-01-24 11:28:05.766000,33.05,33.05,33.1,19792159.0
2018-01-24 11:28:09.166000,33.05,33.05,33.1,19792159.0
2018-01-24 11:28:12.329000,33.05,33.05,33.1,19792159.0
2018-01-24 11:28:15.800000,33.05,33.05,33.1,19792159.0
2018-01-24 11:28:19.199000,33.05,33.05,33.1,19792159.0
2018-01-24 11:28:22.617000,33.05,33.05,33.1,19792159.0
2018-01-24 11:28:26.231000,33.05,33.05,33.1,19792159.0
2018-01-24 11:28:29.689000,33.05,33.05,33.1,19792159.0
2018-01-24 11:28:33.294000,33.05,33.05,33.1,19792159.0
2018-01-24 11:28:36.535000,33.05,33.05,33.1,19792159.0
2018-01-24 11:28:40.008000,33.05,33.05,33.1,19792159.0
2018-01-24 11:28:43.183000,33.05,33.05,33.1,19792159.0
2018-01-24 11:28:46.859000,33.05,33.05,33.1,19792159.0
2018-01-24 11:28:49.890000,33.05,33.05,33.1,19792159.0
2018-01-24 11:28:53.009000,33.05,33.05,33.1,19792159.0
2018-01-24 11:28:56.186000,33.05,33.05,33.1,19792159.0
2018-01-24 11:28:59.347000,33.05,33.05,33.1,19792159.0
2018-01-24 11:29:02.712000,33.05,33.05,33.1,19792159.0
2018-01-24 11:29:06.124000,33.05,33.05,33.1,19792159.0
2018-01-24 11:29:09.387000,33.05,33.05,33.1,19792159.0
2018-01-24 11:29:12.513000,33.05,33.05,33.1,19792159.0
2018-01-24 11:29:15.814000,33.05,33.05,33.1,19792159.0
2018-01-24 11:29:19.075000,33.05,33.0,33.05,19860259.0
2018-01-24 11:29:22.181000,33.05,33.0,33.05,19860259.0
2018-01-24 11:29:25.444000,33.05,33.0,33.05,19860259.0
2018-01-24 11:29:29.027000,33.05,33.0,33.05,19860259.0
2018-01-24 11:29:32.321000,33.05,33.0,33.05,19860259.0
2018-01-24 11:29:35.376000,33.05,33.0,33.05,19860259.0
2018-01-24 11:29:38.640000,33.05,33.0,33.05,19860259.0
2018-01-24 11:29:42.246000,33.05,33.0,33.05,19860259.0
2018-01-24 11:29:45.502000,33.05,33.0,33.05,19860259.0
2018-01-24 11:29:48.712000,33.05,33.0,33.05,19860259.0
2018-01-24 11:29:52.228000,33.05,33.0,33.05,19860259.0
2018-01-24 11:29:55.582000,33.05,33.0,33.05,19860259.0
2018-01-24 11:29:58.900000,33.05,33.0,33.05,19860259.0
2018-01-24 11:30:02.141000,33.05,33.0,33.05,19860259.0
2018-01-24 11:30:05.165000,33.05,33.0,33.05,19860259.0
2018-01-24 11:30:08.448000,33.05,33.0,33.05,19860259.0
2018-01-24 11:30:11.686000,33.05,33.0,33.05,19860259.0
2018-01-24 11:30:15.010000,33.05,33.0,33.05,19860259.0
2018-01-24 11:30:18.212000,33.05,33.0,33.05,19860259.0
2018-01-24 11:30:21.387000,33.05,33.0,33.05,19860259.0
2018-01-24 11:30:24.699000,33.05,33.0,33.05,19860259.0
2018-01-24 11:30:27.932000,33.05,33.0,33.05,19860259.0
2018-01-24 11:30:31.208000,33.05,33.05,33.1,20073759.0
2018-01-24 11:30:34.513000,33.05,33.05,33.1,20073759.0
2018-01-24 11:30:37.950000,33.05,33.05,33.1,20073759.0
2018-01-24 11:30:41.109000,33.05,33.05,33.1,20073759.0
2018-01-24 11:30:44.107000,33.05,33.05,33.1,20073759.0
2018-01-24 11:30:47.401000,33.05,33.05,33.1,20073759.0
2018-01-24 11:30:51.201000,33.05,33.05,33.1,20073759.0
2018-01-24 11:30:56.046000,33.05,33.05,33.1,20073759.0
2018-01-24 11:30:59.827000,33.05,33.05,33.1,20073759.0
2018-01-24 11:31:03.479000,33.05,33.05,33.1,20073759.0
2018-01-24 11:31:07.185000,33.05,33.05,33.1,20073759.0
2018-01-24 11:31:10.560000,33.05,33.05,33.1,20073759.0
2018-01-24 11:31:13.952000,33.05,33.05,33.1,20073759.0
2018-01-24 11:31:17.249000,33.05,33.05,33.1,20073759.0
2018-01-24 11:31:20.703000,33.05,33.05,33.1,20073759.0
2018-01-24 11:31:23.778000,33.05,33.05,33.1,20073759.0
2018-01-24 11:31:27.081000,33.05,33.05,33.1,20073759.0
2018-01-24 11:31:30.329000,33.05,33.05,33.1,20073759.0
2018-01-24 11:31:34.170000,33.05,33.05,33.1,20073759.0
2018-01-24 11:31:37.189000,33.05,33.05,33.1,20073759.0
2018-01-24 11:31:40.437000,33.05,33.05,33.1,20073759.0
2018-01-24 11:31:43.621000,33.05,33.05,33.1,20073759.0
2018-01-24 11:31:46.735000,33.1,33.05,33.1,20085981.0
2018-01-24 11:31:49.633000,33.1,33.05,33.1,20085981.0
2018-01-24 11:31:52.761000,33.1,33.05,33.1,20085981.0
2018-01-24 11:31:55.920000,33.1,33.05,33.1,20085981.0
2018-01-24 11:31:59.153000,33.1,33.05,33.1,20085981.0
2018-01-24 11:32:02.464000,33.1,33.05,33.1,20085981.0
2018-01-24 11:32:05.485000,33.1,33.05,33.1,20085981.0
2018-01-24 11:32:08.670000,33.1,33.05,33.1,20085981.0
2018-01-24 11:32:12.102000,33.1,33.05,33.1,20085981.0
2018-01-24 11:32:15.204000,33.1,33.05,33.1,20085981.0
2018-01-24 11:32:18.294000,33.1,33.05,33.1,20085981.0
2018-01-24 11:32:21.634000,33.1,33.05,33.1,20085981.0
2018-01-24 11:32:24.812000,33.1,33.05,33.1,20085981.0
2018-01-24 11:32:28.078000,33.1,33.05,33.1,20085981.0
2018-01-24 11:32:31.581000,33.1,33.05,33.1,20085981.0
2018-01-24 11:32:34.793000,33.1,33.05,33.1,20085981.0
2018-01-24 11:32:38.043000,33.1,33.05,33.1,20085981.0
2018-01-24 11:32:41.083000,33.1,33.05,33.1,20085981.0
2018-01-24 11:32:44.283000,33.1,33.05,33.1,20085981.0
2018-01-24 11:32:47.459000,33.1,33.05,33.1,20085981.0
2018-01-24 11:32:51.032000,33.1,33.05,33.1,20085981.0
2018-01-24 11:32:54.062000,33.1,33.05,33.1,20085981.0
2018-01-24 11:32:57.300000,33.1,33.05,33.1,20085981.0
2018-01-24 11:33:00.603000,33.1,33.05,33.1,20085981.0
2018-01-24 11:33:04.038000,33.1,33.05,33.1,20085981.0
2018-01-24 11:33:07.207000,33.1,33.05,33.1,20085981.0
2018-01-24 11:33:10.470000,33.1,33.05,33.1,20085981.0
2018-01-24 11:33:13.747000,33.1,33.05,33.1,20085981.0
2018-01-24 11:33:16.895000,33.1,33.05,33.1,20085981.0
2018-01-24 11:33:20.456000,33.1,33.05,33.1,20095981.0
2018-01-24 11:33:23.718000,33.1,33.05,33.1,20095981.0
2018-01-24 11:33:26.877000,33.1,33.05,33.1,20095981.0
2018-01-24 11:33:29.939000,33.1,33.05,33.1,20095981.0
2018-01-24 11:33:33.186000,33.1,33.05,33.1,20095981.0
2018-01-24 11:33:36.362000,33.1,33.05,33.1,20095981.0
2018-01-24 11:33:39.548000,33.1,33.05,33.1,20095981.0
2018-01-24 11:33:42.872000,33.1,33.05,33.1,20095981.0
2018-01-24 11:33:46.175000,33.1,33.05,33.1,20095981.0
2018-01-24 11:33:49.361000,33.1,33.05,33.1,20096076.0
2018-01-24 11:33:52.555000,33.1,33.05,33.1,20096076.0
2018-01-24 11:33:55.985000,33.1,33.05,33.1,20096076.0
2018-01-24 11:33:59.345000,33.1,33.05,33.1,20096076.0
2018-01-24 11:34:03.125000,33.1,33.05,33.1,20096076.0
2018-01-24 11:34:06.363000,33.1,33.05,33.1,20096076.0
2018-01-24 11:34:09.515000,33.1,33.05,33.1,20096076.0
2018-01-24 11:34:12.697000,33.1,33.05,33.1,20096076.0
2018-01-24 11:34:15.754000,33.1,33.05,33.1,20096076.0
2018-01-24 11:34:18.952000,33.1,33.05,33.1,20096076.0
2018-01-24 11:34:22.296000,33.1,33.05,33.1,20096076.0
2018-01-24 11:34:25.440000,33.1,33.05,33.1,20096076.0
2018-01-24 11:34:28.552000,33.1,33.05,33.1,20096076.0
2018-01-24 11:34:32.011000,33.1,33.05,33.1,20096076.0
2018-01-24 11:34:35.347000,33.1,33.05,33.1,20096076.0
2018-01-24 11:34:38.469000,33.1,33.05,33.1,20096076.0
2018-01-24 11:34:41.744000,33.1,33.05,33.1,20096076.0
2018-01-24 11:34:45.175000,33.1,33.05,33.1,20096076.0
2018-01-24 11:34:48.660000,33.1,33.05,33.1,20096076.0
2018-01-24 11:34:51.920000,33.1,33.05,33.1,20096076.0
2018-01-24 11:34:55.111000,33.1,33.05,33.1,20096076.0
2018-01-24 11:34:58.439000,33.1,33.05,33.1,20096076.0
2018-01-24 11:35:01.677000,33.1,33.05,33.1,20096076.0
2018-01-24 11:35:05.017000,33.1,33.05,33.1,20096076.0
2018-01-24 11:35:08.283000,33.1,33.05,33.1,20096076.0
2018-01-24 11:35:11.755000,33.1,33.05,33.1,20096076.0
2018-01-24 11:35:14.846000,33.1,33.05,33.1,20096076.0
2018-01-24 11:35:18.145000,33.1,33.05,33.1,20096076.0
2018-01-24 11:35:21.335000,33.1,33.05,33.1,20096076.0
2018-01-24 11:35:24.583000,33.05,33.05,33.1,20100177.0
2018-01-24 11:35:27.603000,33.05,33.05,33.1,20100177.0
2018-01-24 11:35:30.728000,33.05,33.05,33.1,20100177.0
2018-01-24 11:35:33.924000,33.05,33.05,33.1,20100177.0
2018-01-24 11:35:37.122000,33.05,33.05,33.1,20100177.0
2018-01-24 11:35:40.223000,33.05,33.05,33.1,20100177.0
2018-01-24 11:35:43.487000,33.05,33.05,33.1,20100177.0
2018-01-24 11:35:46.523000,33.05,33.05,33.1,20100177.0
2018-01-24 11:35:49.690000,33.05,33.05,33.1,20100177.0
2018-01-24 11:35:52.902000,33.05,33.05,33.1,20100177.0
2018-01-24 11:35:56.019000,33.05,33.05,33.1,20100177.0
2018-01-24 11:35:59.142000,33.05,33.05,33.1,20100177.0
2018-01-24 11:36:02.665000,33.05,33.05,33.1,20100177.0
2018-01-24 11:36:06.005000,33.05,33.05,33.1,20100177.0
2018-01-24 11:36:09.176000,33.05,33.05,33.1,20100177.0
2018-01-24 11:36:12.608000,33.05,33.05,33.1,20100177.0
2018-01-24 11:36:15.730000,33.05,33.05,33.1,20100177.0
2018-01-24 11:36:19.621000,33.05,33.05,33.1,20100177.0
2018-01-24 11:36:23.236000,33.05,33.05,33.1,20100177.0
2018-01-24 11:36:26.255000,33.05,33.05,33.1,20100177.0
2018-01-24 11:36:29.666000,33.05,33.05,33.1,20100177.0
2018-01-24 11:36:32.910000,33.05,33.05,33.1,20100177.0
2018-01-24 11:36:36.338000,33.1,33.05,33.1,20103257.0
2018-01-24 11:36:39.691000,33.1,33.05,33.1,20103257.0
2018-01-24 11:36:42.944000,33.1,33.05,33.1,20103257.0
2018-01-24 11:36:46.444000,33.1,33.05,33.1,20103257.0
2018-01-24 11:36:49.407000,33.1,33.05,33.1,20103257.0
2018-01-24 11:36:52.550000,33.1,33.05,33.1,20103257.0
2018-01-24 11:36:55.924000,33.1,33.05,33.1,20103257.0
2018-01-24 11:36:59.396000,33.1,33.05,33.1,20103257.0
2018-01-24 11:37:02.572000,33.1,33.05,33.1,20103257.0
2018-01-24 11:37:05.741000,33.1,33.05,33.1,20103257.0
2018-01-24 11:37:08.862000,33.1,33.05,33.1,20103257.0
2018-01-24 11:37:11.878000,33.1,33.05,33.1,20103257.0
2018-01-24 11:37:14.757000,33.1,33.05,33.1,20103257.0
2018-01-24 11:37:18.007000,33.1,33.05,33.1,20103257.0
2018-01-24 11:37:21.208000,33.1,33.05,33.1,20103257.0
2018-01-24 11:37:24.488000,33.1,33.05,33.1,20103257.0
2018-01-24 11:37:27.681000,33.1,33.05,33.1,20103257.0
2018-01-24 11:37:30.669000,33.1,33.05,33.1,20103257.0
2018-01-24 11:37:33.564000,33.1,33.05,33.1,20103257.0
2018-01-24 11:37:36.714000,33.1,33.05,33.1,20103257.0
2018-01-24 11:37:39.822000,33.1,33.05,33.1,20103257.0
2018-01-24 11:37:43.156000,33.1,33.05,33.1,20103257.0
2018-01-24 11:37:46.303000,33.1,33.05,33.1,20133757.0
2018-01-24 11:37:49.696000,33.1,33.05,33.1,20133757.0
2018-01-24 11:37:52.794000,33.1,33.05,33.1,20133757.0
2018-01-24 11:37:56.046000,33.1,33.05,33.1,20133757.0
2018-01-24 11:37:59.300000,33.1,33.05,33.1,20133757.0
2018-01-24 11:38:02.417000,33.1,33.05,33.1,20133757.0
2018-01-24 11:38:06.103000,33.1,33.05,33.1,20133757.0
2018-01-24 11:38:09.365000,33.1,33.05,33.1,20133757.0
2018-01-24 11:38:12.368000,33.1,33.05,33.1,20133757.0
2018-01-24 11:38:15.863000,33.1,33.05,33.1,20133757.0
2018-01-24 11:38:18.943000,33.1,33.05,33.1,20133757.0
2018-01-24 11:38:22.105000,33.1,33.05,33.1,20133757.0
2018-01-24 11:38:25.168000,33.1,33.05,33.1,20133757.0
2018-01-24 11:38:28.411000,33.1,33.05,33.1,20133757.0
2018-01-24 11:38:31.558000,33.1,33.05,33.1,20133757.0
2018-01-24 11:38:34.726000,33.1,33.05,33.1,20133757.0
2018-01-24 11:38:37.886000,33.1,33.05,33.1,20133757.0
2018-01-24 11:38:40.857000,33.1,33.05,33.1,20133757.0
2018-01-24 11:38:44.069000,33.1,33.05,33.1,20133757.0
2018-01-24 11:38:47.357000,33.1,33.05,33.1,20133757.0
2018-01-24 11:38:50.383000,33.1,33.05,33.1,20133757.0
2018-01-24 11:38:53.521000,33.1,33.05,33.1,20135822.0
2018-01-24 11:38:56.682000,33.1,33.05,33.1,20135822.0
2018-01-24 11:38:59.958000,33.1,33.05,33.1,20135822.0
2018-01-24 11:39:03.241000,33.1,33.05,33.1,20135822.0
2018-01-24 11:39:06.337000,33.1,33.05,33.1,20135822.0
2018-01-24 11:39:09.802000,33.1,33.05,33.1,20135822.0
2018-01-24 11:39:12.868000,33.1,33.05,33.1,20135822.0
2018-01-24 11:39:16.095000,33.1,33.05,33.1,20135822.0
2018-01-24 11:39:19.288000,33.1,33.05,33.1,20135822.0
2018-01-24 11:39:22.478000,33.1,33.05,33.1,20135822.0
2018-01-24 11:39:25.617000,33.1,33.05,33.1,20135822.0
2018-01-24 11:39:28.522000,33.1,33.05,33.1,20135822.0
2018-01-24 11:39:31.380000,33.1,33.05,33.1,20135822.0
2018-01-24 11:39:34.490000,33.1,33.05,33.1,20135822.0
2018-01-24 11:39:37.586000,33.1,33.05,33.1,20135822.0
2018-01-24 11:39:40.709000,33.1,33.05,33.1,20135822.0
2018-01-24 11:39:44.056000,33.1,33.05,33.1,20135822.0
2018-01-24 11:39:47.579000,33.1,33.05,33.1,20135822.0
2018-01-24 11:39:50.635000,33.1,33.05,33.1,20135822.0
2018-01-24 11:39:53.754000,33.1,33.05,33.1,20135822.0
2018-01-24 11:39:56.831000,33.1,33.05,33.1,20135822.0
2018-01-24 11:39:59.881000,33.05,33.05,33.1,20147282.0
2018-01-24 11:40:02.932000,33.05,33.05,33.1,20147282.0
2018-01-24 11:40:06.419000,33.05,33.05,33.1,20147282.0
2018-01-24 11:40:09.584000,33.05,33.05,33.1,20147282.0
2018-01-24 11:40:12.589000,33.05,33.05,33.1,20147282.0
2018-01-24 11:40:16.009000,33.05,33.05,33.1,20147282.0
2018-01-24 11:40:19.134000,33.05,33.05,33.1,20147282.0
2018-01-24 11:40:22.253000,33.05,33.05,33.1,20147282.0
2018-01-24 11:40:25.290000,33.05,33.05,33.1,20147282.0
2018-01-24 11:40:28.412000,33.05,33.05,33.1,20147282.0
2018-01-24 11:40:31.429000,33.05,33.05,33.1,20147282.0
2018-01-24 11:40:34.885000,33.05,33.05,33.1,20147282.0
2018-01-24 11:40:38.758000,33.05,33.05,33.1,20147282.0
2018-01-24 11:40:42.270000,33.05,33.05,33.1,20147282.0
2018-01-24 11:40:45.651000,33.05,33.05,33.1,20147282.0
2018-01-24 11:40:48.975000,33.05,33.05,33.1,20147282.0
2018-01-24 11:40:52.368000,33.05,33.05,33.1,20147282.0
2018-01-24 11:40:55.652000,33.05,33.0,33.1,20147282.0
2018-01-24 11:40:58.974000,33.05,33.0,33.1,20147282.0
2018-01-24 11:41:02.214000,33.05,33.0,33.1,20147282.0
2018-01-24 11:41:05.634000,33.05,33.0,33.1,20147282.0
2018-01-24 11:41:08.818000,33.05,33.0,33.1,20147282.0
2018-01-24 11:41:12.088000,33.05,33.0,33.1,20147282.0
2018-01-24 11:41:15.664000,33.05,33.0,33.1,20147282.0
2018-01-24 11:41:18.994000,33.05,33.0,33.1,20147282.0
2018-01-24 11:41:22.704000,33.05,33.0,33.1,20147282.0
2018-01-24 11:41:26.261000,33.05,33.05,33.1,20256282.0
2018-01-24 11:41:29.460000,33.05,33.05,33.1,20256282.0
2018-01-24 11:41:32.920000,33.05,33.05,33.1,20256282.0
2018-01-24 11:41:36.229000,33.05,33.05,33.1,20256282.0
2018-01-24 11:41:39.556000,33.05,33.05,33.1,20256282.0
2018-01-24 11:41:42.996000,33.05,33.05,33.1,20256282.0
2018-01-24 11:41:46.151000,33.05,33.05,33.1,20256282.0
2018-01-24 11:41:49.293000,33.05,33.05,33.1,20256282.0
2018-01-24 11:41:52.906000,33.05,33.05,33.1,20256282.0
2018-01-24 11:41:55.981000,33.05,33.05,33.1,20256282.0
2018-01-24 11:41:59.043000,33.05,33.05,33.1,20256282.0
2018-01-24 11:42:02.101000,33.05,33.05,33.1,20256282.0
2018-01-24 11:42:05.152000,33.05,33.05,33.1,20256282.0
2018-01-24 11:42:08.665000,33.05,33.05,33.1,20256282.0
2018-01-24 11:42:12.077000,33.05,33.05,33.1,20256282.0
2018-01-24 11:42:15.461000,33.05,33.05,33.1,20256282.0
2018-01-24 11:42:18.649000,33.05,33.05,33.1,20256282.0
2018-01-24 11:42:21.746000,33.05,33.05,33.1,20256282.0
2018-01-24 11:42:24.873000,33.05,33.05,33.1,20256282.0
2018-01-24 11:42:27.924000,33.05,33.05,33.1,20256282.0
2018-01-24 11:42:30.966000,33.05,33.05,33.1,20256282.0
2018-01-24 11:42:34.229000,33.05,33.0,33.05,20256782.0
2018-01-24 11:42:37.507000,33.05,33.0,33.05,20256782.0
2018-01-24 11:42:40.650000,33.05,33.0,33.05,20256782.0
2018-01-24 11:42:44.136000,33.05,33.0,33.05,20256782.0
2018-01-24 11:42:47.270000,33.05,33.0,33.05,20256782.0
2018-01-24 11:42:50.590000,33.05,33.0,33.05,20256782.0
2018-01-24 11:42:53.487000,33.05,33.0,33.05,20256782.0
2018-01-24 11:42:56.653000,33.05,33.0,33.05,20256782.0
2018-01-24 11:42:59.675000,33.05,33.0,33.05,20256782.0
2018-01-24 11:43:02.569000,33.05,33.0,33.05,20256782.0
2018-01-24 11:43:05.903000,33.05,33.0,33.05,20256782.0
2018-01-24 11:43:09.399000,33.05,33.0,33.05,20256782.0
2018-01-24 11:43:12.736000,33.05,33.0,33.05,20256782.0
2018-01-24 11:43:15.947000,33.05,33.0,33.05,20256782.0
2018-01-24 11:43:19.134000,33.05,33.0,33.05,20256782.0
2018-01-24 11:43:22.269000,33.05,33.0,33.05,20256782.0
2018-01-24 11:43:25.644000,33.05,33.0,33.05,20256782.0
2018-01-24 11:43:28.644000,33.05,33.0,33.05,20256782.0
2018-01-24 11:43:31.764000,33.05,33.0,33.05,20256782.0
2018-01-24 11:43:34.965000,33.05,33.0,33.05,20256782.0
2018-01-24 11:43:38.026000,33.05,33.0,33.05,20256782.0
2018-01-24 11:43:41.560000,33.0,33.0,33.1,20313782.0
2018-01-24 11:43:45.388000,33.0,33.0,33.1,20313782.0
2018-01-24 11:43:48.697000,33.0,33.0,33.1,20313782.0
2018-01-24 11:43:51.988000,33.0,33.0,33.1,20313782.0
2018-01-24 11:43:55.107000,33.0,33.0,33.1,20313782.0
2018-01-24 11:43:58.376000,33.0,33.0,33.1,20313782.0
2018-01-24 11:44:01.420000,33.0,33.0,33.1,20313782.0
2018-01-24 11:44:04.729000,33.0,33.0,33.1,20313782.0
2018-01-24 11:44:08.007000,33.0,33.0,33.1,20313782.0
2018-01-24 11:44:11.219000,33.0,33.0,33.1,20313782.0
2018-01-24 11:44:14.432000,33.0,33.0,33.1,20313782.0
2018-01-24 11:44:17.773000,33.0,33.0,33.1,20313782.0
2018-01-24 11:44:20.878000,33.0,33.0,33.1,20313782.0
2018-01-24 11:44:23.981000,33.0,33.0,33.1,20313782.0
2018-01-24 11:44:27.193000,33.0,33.0,33.1,20313782.0
2018-01-24 11:44:30.163000,33.0,33.0,33.1,20313782.0
2018-01-24 11:44:33.398000,33.05,33.0,33.05,20518782.0
2018-01-24 11:44:36.429000,33.05,33.0,33.05,20518782.0
2018-01-24 11:44:39.687000,33.05,33.0,33.05,20518782.0
2018-01-24 11:44:42.784000,33.05,33.0,33.05,20518782.0
2018-01-24 11:44:46.016000,33.05,33.0,33.05,20518782.0
2018-01-24 11:44:49.391000,33.05,33.0,33.05,20518782.0
2018-01-24 11:44:52.742000,33.05,33.0,33.05,20518782.0
2018-01-24 11:44:55.897000,33.05,33.0,33.05,20518782.0
2018-01-24 11:44:58.949000,33.05,33.0,33.05,20518782.0
2018-01-24 11:45:02.231000,33.05,33.0,33.05,20518782.0
2018-01-24 11:45:05.265000,33.05,33.0,33.05,20518782.0
2018-01-24 11:45:08.618000,33.05,33.0,33.05,20518782.0
2018-01-24 11:45:11.804000,33.05,33.0,33.05,20518782.0
2018-01-24 11:45:15.455000,33.05,33.0,33.05,20518782.0
2018-01-24 11:45:18.458000,33.05,33.0,33.05,20518782.0
2018-01-24 11:45:21.715000,33.05,33.0,33.05,20518782.0
2018-01-24 11:45:24.809000,33.05,33.0,33.05,20518782.0
2018-01-24 11:45:28.024000,33.05,33.0,33.05,20518782.0
2018-01-24 11:45:31.320000,33.05,33.0,33.05,20518782.0
2018-01-24 11:45:34.691000,33.05,33.0,33.05,20518782.0
2018-01-24 11:45:37.803000,33.05,33.0,33.05,20518782.0
2018-01-24 11:45:41.314000,33.05,33.0,33.05,20518782.0
2018-01-24 11:45:44.436000,33.05,33.05,33.1,20532282.0
2018-01-24 11:45:47.585000,33.05,33.05,33.1,20532282.0
2018-01-24 11:45:50.700000,33.05,33.05,33.1,20532282.0
2018-01-24 11:45:54.012000,33.05,33.05,33.1,20532282.0
2018-01-24 11:45:56.875000,33.05,33.05,33.1,20532282.0
2018-01-24 11:45:59.985000,33.05,33.05,33.1,20532282.0
2018-01-24 11:46:03.035000,33.05,33.05,33.1,20532282.0
2018-01-24 11:46:06.031000,33.05,33.05,33.1,20532282.0
2018-01-24 11:46:09.359000,33.05,33.05,33.1,20532282.0
2018-01-24 11:46:12.753000,33.05,33.05,33.1,20532282.0
2018-01-24 11:46:15.778000,33.05,33.05,33.1,20532282.0
2018-01-24 11:46:19.096000,33.05,33.05,33.1,20532282.0
2018-01-24 11:46:22.224000,33.05,33.05,33.1,20532282.0
2018-01-24 11:46:25.313000,33.05,33.05,33.1,20532282.0
2018-01-24 11:46:28.457000,33.05,33.05,33.1,20532282.0
2018-01-24 11:46:32.062000,33.05,33.05,33.1,20532282.0
2018-01-24 11:46:35.220000,33.05,33.05,33.1,20532282.0
2018-01-24 11:46:38.306000,33.05,33.05,33.1,20532282.0
2018-01-24 11:46:41.555000,33.05,33.05,33.1,20532282.0
2018-01-24 11:46:44.842000,33.05,33.05,33.1,20532282.0
2018-01-24 11:46:48.167000,33.05,33.05,33.1,20532282.0
2018-01-24 11:46:51.658000,33.05,33.05,33.1,20532282.0
2018-01-24 11:46:54.748000,33.05,33.05,33.1,20532282.0
2018-01-24 11:46:57.855000,33.05,33.05,33.1,20532282.0
2018-01-24 11:47:00.888000,33.05,33.05,33.1,20532282.0
2018-01-24 11:47:03.954000,33.05,33.05,33.1,20532282.0
2018-01-24 11:47:07.288000,33.05,33.05,33.1,20532282.0
2018-01-24 11:47:10.394000,33.05,33.05,33.1,20532282.0
2018-01-24 11:47:13.424000,33.05,33.05,33.1,20532282.0
2018-01-24 11:47:16.492000,33.05,33.05,33.1,20532282.0
2018-01-24 11:47:19.750000,33.05,33.05,33.1,20532282.0
2018-01-24 11:47:22.856000,33.05,33.05,33.1,20532282.0
2018-01-24 11:47:26.208000,33.05,33.05,33.1,20532282.0
2018-01-24 11:47:29.456000,33.05,33.05,33.1,20532282.0
2018-01-24 11:47:33.985000,33.05,33.05,33.1,20532282.0
2018-01-24 11:47:37.520000,33.05,33.05,33.1,20532282.0
2018-01-24 11:47:40.924000,33.05,33.05,33.1,20532282.0
2018-01-24 11:47:44.437000,33.05,33.05,33.1,20532282.0
2018-01-24 11:47:47.822000,33.05,33.05,33.1,20532282.0
2018-01-24 11:47:51.115000,33.05,33.05,33.1,20532282.0
2018-01-24 11:47:54.359000,33.05,33.05,33.1,20532282.0
2018-01-24 11:47:57.852000,33.05,33.05,33.1,20532282.0
2018-01-24 11:48:01.534000,33.05,33.05,33.1,20532282.0
2018-01-24 11:48:04.894000,33.05,33.05,33.1,20532282.0
2018-01-24 11:48:07.960000,33.05,33.05,33.1,20532282.0
2018-01-24 11:48:11.587000,33.05,33.05,33.1,20532282.0
2018-01-24 11:48:15.174000,33.05,33.05,33.1,20532282.0
2018-01-24 11:48:18.466000,33.05,33.05,33.1,20532282.0
2018-01-24 11:48:21.752000,33.05,33.05,33.1,20541782.0
2018-01-24 11:48:25.001000,33.05,33.05,33.1,20541782.0
