time,price,bid,ask,volume
2018-01-26 09:51:27.011000,4.99,4.98,4.99,889500.0
2018-01-26 09:51:29.540000,4.99,4.98,4.99,889500.0
2018-01-26 09:51:32.150000,4.99,4.98,4.99,889500.0
2018-01-26 09:51:34.729000,4.99,4.98,4.99,889500.0
2018-01-26 09:51:37.528000,4.99,4.98,4.99,889500.0
2018-01-26 09:51:40.066000,4.99,4.98,4.99,889500.0
2018-01-26 09:51:42.848000,4.99,4.98,4.99,889500.0
2018-01-26 09:51:45.475000,4.99,4.98,4.99,889500.0
2018-01-26 09:51:48.331000,4.99,4.98,4.99,889500.0
2018-01-26 09:51:50.867000,4.99,4.98,4.99,889500.0
2018-01-26 09:51:53.573000,4.99,4.98,4.99,889500.0
2018-01-26 09:51:56.155000,4.99,4.98,4.99,889500.0
2018-01-26 09:51:58.643000,4.99,4.98,4.99,889500.0
2018-01-26 09:52:01.477000,4.99,4.98,4.99,889500.0
2018-01-26 09:52:04.195000,4.99,4.98,4.99,889500.0
2018-01-26 09:52:06.931000,4.99,4.98,4.99,889500.0
2018-01-26 09:52:09.371000,4.99,4.98,4.99,889500.0
2018-01-26 09:52:12.192000,4.99,4.98,4.99,889500.0
2018-01-26 09:52:15.217000,4.99,4.98,4.99,889500.0
2018-01-26 09:52:17.886000,4.99,4.98,4.99,889500.0
2018-01-26 09:52:20.359000,4.99,4.98,4.99,889500.0
2018-01-26 09:52:22.869000,4.99,4.98,4.99,889500.0
2018-01-26 09:52:25.507000,4.99,4.98,4.99,889500.0
2018-01-26 09:52:28.288000,4.99,4.98,4.99,889500.0
2018-01-26 09:52:30.976000,4.99,4.98,4.99,889500.0
2018-01-26 09:52:34.185000,4.99,4.98,4.99,889500.0
2018-01-26 09:52:36.794000,4.99,4.98,4.99,889500.0
2018-01-26 09:52:39.451000,4.99,4.98,4.99,889500.0
2018-01-26 09:52:41.978000,4.99,4.98,4.99,889500.0
2018-01-26 09:52:44.572000,4.99,4.98,4.99,889500.0
2018-01-26 09:52:47.194000,4.99,4.98,4.99,889500.0
2018-01-26 09:52:49.808000,4.99,4.98,4.99,889500.0
2018-01-26 09:52:52.590000,4.99,4.98,4.99,889500.0
2018-01-26 09:52:55.245000,4.99,4.98,4.99,889500.0
2018-01-26 09:52:57.946000,4.99,4.98,4.99,889500.0
2018-01-26 09:53:00.667000,4.99,4.98,4.99,889500.0
2018-01-26 09:53:03.183000,4.99,4.98,4.99,889500.0
2018-01-26 09:53:05.791000,4.99,4.98,4.99,889500.0
2018-01-26 09:53:08.479000,4.99,4.98,4.99,889500.0
2018-01-26 09:53:11.122000,4.99,4.98,4.99,889500.0
2018-01-26 09:53:13.669000,4.99,4.98,4.99,889500.0
2018-01-26 09:53:16.166000,4.99,4.98,4.99,889500.0
2018-01-26 09:53:18.730000,4.99,4.98,4.99,889500.0
2018-01-26 09:53:21.461000,4.99,4.98,4.99,889500.0
2018-01-26 09:53:24.683000,4.99,4.98,4.99,889500.0
2018-01-26 09:53:27.368000,4.99,4.98,4.99,889500.0
2018-01-26 09:53:30.035000,4.99,4.98,4.99,889500.0
2018-01-26 09:53:32.775000,4.99,4.98,4.99,889500.0
2018-01-26 09:53:35.297000,4.99,4.98,4.99,889500.0
2018-01-26 09:53:37.793000,4.99,4.98,4.99,889500.0
2018-01-26 09:53:40.587000,4.99,4.98,4.99,889500.0
2018-01-26 09:53:43.180000,4.99,4.98,4.99,889500.0
2018-01-26 09:53:45.760000,4.99,4.98,4.99,889500.0
2018-01-26 09:53:48.166000,4.99,4.98,4.99,889500.0
2018-01-26 09:53:50.838000,4.99,4.98,4.99,889500.0
2018-01-26 09:53:53.294000,4.99,4.98,4.99,889500.0
2018-01-26 09:53:56.005000,4.99,4.98,4.99,889500.0
2018-01-26 09:53:58.508000,4.99,4.98,4.99,889500.0
2018-01-26 09:54:01.088000,4.99,4.98,4.99,889500.0
2018-01-26 09:54:03.685000,4.99,4.98,4.99,889500.0
2018-01-26 09:54:06.244000,4.99,4.98,4.99,889500.0
2018-01-26 09:54:09.030000,4.99,4.98,4.99,889500.0
2018-01-26 09:54:11.700000,4.99,4.98,4.99,889500.0
2018-01-26 09:54:14.328000,4.99,4.98,4.99,889500.0
2018-01-26 09:54:16.916000,4.99,4.98,4.99,889500.0
2018-01-26 09:54:19.529000,4.99,4.98,4.99,889500.0
2018-01-26 09:54:21.957000,4.99,4.98,4.99,889500.0
2018-01-26 09:54:24.862000,4.99,4.98,4.99,889500.0
2018-01-26 09:54:27.506000,4.99,4.98,4.99,889500.0
2018-01-26 09:54:33.374000,4.99,4.98,4.99,889500.0
2018-01-26 09:54:36.327000,4.99,4.98,4.99,889500.0
2018-01-26 09:54:39.033000,4.99,4.98,4.99,889500.0
2018-01-26 09:54:41.465000,4.99,4.98,4.99,889500.0
2018-01-26 09:54:44.005000,4.99,4.98,4.99,889500.0
2018-01-26 09:54:46.949000,4.99,4.98,4.99,889500.0
2018-01-26 09:54:56.910000,4.99,4.98,4.99,889500.0
2018-01-26 09:55:02.185000,4.99,4.98,4.99,889500.0
2018-01-26 09:55:04.962000,4.99,4.98,4.99,889500.0
2018-01-26 09:55:07.750000,4.99,4.98,4.99,889500.0
2018-01-26 09:55:10.422000,4.99,4.98,4.99,889500.0
2018-01-26 09:55:13.032000,4.99,4.98,4.99,889500.0
2018-01-26 09:55:21.904000,4.99,4.98,4.99,889500.0
2018-01-26 09:55:33.300000,4.99,4.98,4.99,889500.0
2018-01-26 09:55:41.438000,4.99,4.98,4.99,889500.0
2018-01-26 09:55:45.733000,4.99,4.99,5.0,920900.0
2018-01-26 09:55:49.044000,4.99,4.99,5.0,920900.0
2018-01-26 09:55:52.374000,4.99,4.99,5.0,920900.0
2018-01-26 09:55:55.452000,4.99,4.99,5.0,920900.0
2018-01-26 09:55:59.562000,4.99,4.99,5.0,920900.0
2018-01-26 09:56:02.942000,4.99,4.99,5.0,920900.0
2018-01-26 09:56:06.123000,4.99,4.99,5.0,920900.0
2018-01-26 09:56:09.619000,4.99,4.99,5.0,920900.0
2018-01-26 09:56:13.165000,4.99,4.98,5.0,961900.0
2018-01-26 09:56:16.219000,4.99,4.98,5.0,961900.0
2018-01-26 09:56:19.845000,4.99,4.98,5.0,961900.0
2018-01-26 09:56:23.024000,4.99,4.98,5.0,961900.0
2018-01-26 09:56:26.157000,4.99,4.98,5.0,961900.0
2018-01-26 09:56:29.391000,4.99,4.98,5.0,961900.0
2018-01-26 09:56:32.334000,4.99,4.98,5.0,961900.0
2018-01-26 09:56:35.636000,4.99,4.98,5.0,961900.0
2018-01-26 09:56:38.705000,4.99,4.98,5.0,961900.0
2018-01-26 09:56:41.612000,4.99,4.98,5.0,961900.0
2018-01-26 09:56:44.720000,4.99,4.98,5.0,961900.0
2018-01-26 09:56:48.096000,4.99,4.98,5.0,961900.0
2018-01-26 09:56:51.640000,4.99,4.98,5.0,961900.0
2018-01-26 09:56:54.970000,4.99,4.98,5.0,961900.0
2018-01-26 09:56:58.085000,4.99,4.98,5.0,961900.0
2018-01-26 09:57:01.031000,4.99,4.98,5.0,961900.0
2018-01-26 09:57:04.426000,4.99,4.98,5.0,961900.0
2018-01-26 09:57:07.734000,4.99,4.98,5.0,961900.0
2018-01-26 09:57:11.150000,4.99,4.98,5.0,961900.0
2018-01-26 09:57:14.320000,4.99,4.98,5.0,961900.0
2018-01-26 09:57:17.702000,4.99,4.98,5.0,961900.0
2018-01-26 09:57:20.940000,4.99,4.98,5.0,961900.0
2018-01-26 09:57:23.997000,4.99,4.98,5.0,961900.0
2018-01-26 09:57:27.153000,4.99,4.98,5.0,961900.0
2018-01-26 09:57:30.382000,4.99,4.98,5.0,961900.0
2018-01-26 09:57:33.460000,4.99,4.98,5.0,961900.0
2018-01-26 09:57:36.665000,4.99,4.98,5.0,961900.0
2018-01-26 09:57:39.834000,4.99,4.98,5.0,961900.0
2018-01-26 09:57:42.912000,4.99,4.98,5.0,961900.0
2018-01-26 09:57:46.124000,4.99,4.98,5.0,961900.0
2018-01-26 09:57:49.219000,4.99,4.98,5.0,961900.0
2018-01-26 09:57:52.298000,4.99,4.98,5.0,961900.0
2018-01-26 09:57:56.040000,4.99,4.98,5.0,961900.0
2018-01-26 09:57:59.139000,4.99,4.98,5.0,961900.0
2018-01-26 09:58:02.346000,4.99,4.98,5.0,961900.0
2018-01-26 09:58:05.425000,4.99,4.98,5.0,961900.0
2018-01-26 09:58:08.409000,4.99,4.98,5.0,961900.0
2018-01-26 09:58:11.754000,4.99,4.98,5.0,961900.0
2018-01-26 09:58:14.832000,4.99,4.98,5.0,961900.0
2018-01-26 09:58:17.940000,4.99,4.98,5.0,961900.0
2018-01-26 09:58:21.719000,4.99,4.98,4.99,1062000.0
2018-01-26 09:58:25.052000,4.99,4.98,4.99,1062000.0
2018-01-26 09:58:28.241000,4.99,4.98,4.99,1062000.0
2018-01-26 09:58:31.362000,4.99,4.98,4.99,1062000.0
2018-01-26 09:58:34.504000,4.99,4.98,4.99,1062000.0
2018-01-26 09:58:37.810000,4.99,4.98,4.99,1062000.0
2018-01-26 09:58:41.067000,4.99,4.98,4.99,1062000.0
2018-01-26 09:58:44.301000,4.99,4.98,4.99,1062000.0
2018-01-26 09:58:47.863000,4.99,4.98,4.99,1062000.0
2018-01-26 09:58:50.916000,4.99,4.98,4.99,1062000.0
2018-01-26 09:58:53.909000,4.99,4.98,4.99,1062000.0
2018-01-26 09:58:57.003000,4.99,4.98,4.99,1062000.0
2018-01-26 09:59:00.259000,4.99,4.98,4.99,1062000.0
2018-01-26 09:59:03.702000,4.99,4.98,4.99,1062000.0
2018-01-26 09:59:06.959000,4.99,4.98,4.99,1062000.0
2018-01-26 09:59:10.103000,4.99,4.98,4.99,1062000.0
2018-01-26 09:59:13.257000,4.99,4.98,4.99,1062000.0
2018-01-26 09:59:16.316000,4.99,4.98,4.99,1062000.0
2018-01-26 09:59:19.928000,4.99,4.98,4.99,1062000.0
2018-01-26 09:59:22.994000,4.99,4.98,4.99,1062000.0
2018-01-26 09:59:26.326000,4.99,4.98,4.99,1062000.0
2018-01-26 09:59:29.435000,4.99,4.98,4.99,1062000.0
2018-01-26 09:59:32.787000,4.99,4.98,4.99,1062000.0
2018-01-26 09:59:35.822000,4.99,4.98,4.99,1062000.0
2018-01-26 09:59:38.959000,4.99,4.98,4.99,1062000.0
2018-01-26 09:59:42.029000,4.99,4.98,4.99,1062000.0
2018-01-26 09:59:45.381000,4.99,4.98,4.99,1062000.0
2018-01-26 09:59:48.416000,4.99,4.98,4.99,1062000.0
2018-01-26 09:59:51.597000,4.99,4.98,4.99,1062000.0
2018-01-26 09:59:54.588000,4.99,4.98,4.99,1062000.0
2018-01-26 09:59:57.755000,4.99,4.98,4.99,1062000.0
2018-01-26 10:00:01.055000,4.99,4.98,4.99,1062000.0
2018-01-26 10:00:04.343000,4.99,4.98,4.99,1062000.0
2018-01-26 10:00:07.928000,4.99,4.98,4.99,1062000.0
2018-01-26 10:00:11.238000,4.99,4.98,4.99,1062000.0
2018-01-26 10:00:14.438000,4.99,4.99,5.0,1067000.0
2018-01-26 10:00:17.601000,4.99,4.99,5.0,1067000.0
2018-01-26 10:00:20.605000,4.99,4.99,5.0,1067000.0
2018-01-26 10:00:24,4.99,4.99,5.0,1067000.0
2018-01-26 10:00:27.208000,4.99,4.99,5.0,1067000.0
2018-01-26 10:00:30.438000,4.99,4.99,5.0,1067000.0
2018-01-26 10:00:33.726000,4.99,4.99,5.0,1067000.0
2018-01-26 10:00:36.771000,4.99,4.98,4.99,1067000.0
2018-01-26 10:00:40.040000,4.99,4.98,4.99,1067000.0
2018-01-26 10:00:43.306000,4.99,4.98,4.99,1067000.0
2018-01-26 10:00:46.551000,4.99,4.98,4.99,1067000.0
2018-01-26 10:00:49.965000,4.99,4.98,4.99,1067000.0
2018-01-26 10:00:53.075000,4.99,4.98,4.99,1067000.0
2018-01-26 10:00:56.474000,4.99,4.98,4.99,1067000.0
2018-01-26 10:00:59.572000,4.99,4.98,4.99,1067000.0
2018-01-26 10:01:02.702000,4.99,4.98,4.99,1067000.0
2018-01-26 10:01:05.732000,4.99,4.98,4.99,1067000.0
2018-01-26 10:01:09.043000,4.99,4.98,4.99,1067000.0
2018-01-26 10:01:12.218000,4.99,4.98,4.99,1067000.0
2018-01-26 10:01:15.704000,4.99,4.98,4.99,1067000.0
2018-01-26 10:01:19.145000,4.99,4.98,4.99,1067000.0
2018-01-26 10:01:22.202000,4.99,4.98,4.99,1067000.0
2018-01-26 10:01:25.571000,4.99,4.98,5.0,1078000.0
2018-01-26 10:01:28.867000,4.99,4.98,5.0,1078000.0
2018-01-26 10:01:32.012000,4.99,4.98,5.0,1078000.0
2018-01-26 10:01:35.118000,4.99,4.98,5.0,1078000.0
2018-01-26 10:01:38.357000,4.99,4.98,5.0,1078000.0
2018-01-26 10:01:41.806000,4.99,4.98,5.0,1078000.0
2018-01-26 10:01:44.846000,4.99,4.98,5.0,1078000.0
2018-01-26 10:01:48.309000,4.99,4.98,5.0,1078000.0
2018-01-26 10:01:51.353000,4.99,4.98,5.0,1078000.0
2018-01-26 10:01:54.739000,4.99,4.98,5.0,1078000.0
2018-01-26 10:01:58.040000,4.99,4.98,5.0,1078000.0
2018-01-26 10:02:01.221000,4.99,4.98,5.0,1078000.0
2018-01-26 10:02:04.409000,4.99,4.98,5.0,1078000.0
2018-01-26 10:02:07.665000,4.99,4.98,5.0,1078000.0
2018-01-26 10:02:10.716000,4.99,4.98,5.0,1097000.0
2018-01-26 10:02:13.854000,4.99,4.98,5.0,1097000.0
2018-01-26 10:02:16.985000,4.99,4.98,5.0,1097000.0
2018-01-26 10:02:20.223000,4.99,4.98,5.0,1097000.0
2018-01-26 10:02:23.248000,4.99,4.98,5.0,1097000.0
2018-01-26 10:02:26.616000,4.99,4.98,5.0,1097000.0
2018-01-26 10:02:29.854000,4.99,4.98,5.0,1097000.0
2018-01-26 10:02:32.842000,4.99,4.98,5.0,1097000.0
2018-01-26 10:02:36.211000,4.99,4.98,5.0,1097000.0
2018-01-26 10:02:39.344000,4.99,4.98,5.0,1097000.0
2018-01-26 10:02:42.409000,4.99,4.98,5.0,1097000.0
2018-01-26 10:02:45.888000,4.99,4.98,5.0,1097000.0
2018-01-26 10:02:49.057000,4.99,4.98,5.0,1097000.0
2018-01-26 10:02:52.180000,4.99,4.98,5.0,1097000.0
2018-01-26 10:02:55.457000,4.99,4.98,5.0,1097000.0
2018-01-26 10:02:58.558000,4.99,4.98,5.0,1097000.0
2018-01-26 10:03:01.540000,4.99,4.98,5.0,1097000.0
2018-01-26 10:03:04.778000,4.99,4.98,5.0,1097000.0
2018-01-26 10:03:08.063000,4.99,4.98,5.0,1097000.0
2018-01-26 10:03:11.242000,4.99,4.98,5.0,1097000.0
2018-01-26 10:03:14.752000,4.99,4.98,5.0,1097000.0
2018-01-26 10:03:18.134000,4.99,4.98,5.0,1097000.0
2018-01-26 10:03:21.461000,4.99,4.98,5.0,1097000.0
2018-01-26 10:03:24.788000,4.99,4.98,5.0,1097000.0
2018-01-26 10:03:27.982000,4.99,4.98,5.0,1097000.0
2018-01-26 10:03:31.152000,4.99,4.98,5.0,1097000.0
2018-01-26 10:03:34.398000,4.99,4.98,5.0,1097000.0
2018-01-26 10:03:37.769000,4.99,4.98,5.0,1097000.0
2018-01-26 10:03:40.969000,4.99,4.98,5.0,1097000.0
2018-01-26 10:03:44.114000,4.99,4.98,5.0,1097000.0
2018-01-26 10:03:47.141000,4.99,4.98,5.0,1097000.0
2018-01-26 10:03:50.245000,4.99,4.98,5.0,1097000.0
2018-01-26 10:03:53.567000,4.99,4.98,5.0,1097000.0
2018-01-26 10:03:56.634000,4.99,4.98,5.0,1097000.0
2018-01-26 10:04:00.201000,4.99,4.98,5.0,1097000.0
2018-01-26 10:04:03.622000,4.99,4.98,5.0,1097000.0
2018-01-26 10:04:06.744000,4.99,4.99,5.0,1107000.0
2018-01-26 10:04:10.183000,4.99,4.99,5.0,1107000.0
2018-01-26 10:04:13.575000,4.99,4.99,5.0,1107000.0
2018-01-26 10:04:17.357000,4.99,4.99,5.0,1107000.0
2018-01-26 10:04:20.951000,4.99,4.99,5.0,1107000.0
2018-01-26 10:04:24.201000,4.99,4.99,5.0,1107000.0
2018-01-26 10:04:27.433000,4.99,4.99,5.0,1107000.0
2018-01-26 10:04:30.591000,4.99,4.99,5.0,1107000.0
2018-01-26 10:04:33.870000,4.99,4.99,5.0,1107000.0
2018-01-26 10:04:37.012000,4.99,4.99,5.0,1107000.0
2018-01-26 10:04:40.063000,4.99,4.99,5.0,1107000.0
2018-01-26 10:04:43.407000,4.99,4.99,5.0,1107000.0
2018-01-26 10:04:46.484000,4.99,4.99,5.0,1107000.0
2018-01-26 10:04:49.734000,4.99,4.99,5.0,1107000.0
2018-01-26 10:04:53.254000,4.99,4.99,5.0,1107000.0
2018-01-26 10:04:56.383000,4.99,4.99,5.0,1107000.0
2018-01-26 10:04:59.627000,4.99,4.99,5.0,1107000.0
2018-01-26 10:05:02.834000,4.99,4.99,5.0,1107000.0
2018-01-26 10:05:06.014000,4.99,4.99,5.0,1107000.0
2018-01-26 10:05:09.128000,4.99,4.99,5.0,1107000.0
2018-01-26 10:05:12.411000,4.99,4.99,5.0,1107000.0
2018-01-26 10:05:15.502000,4.99,4.99,5.0,1107000.0
2018-01-26 10:05:18.809000,4.99,4.99,5.0,1107000.0
2018-01-26 10:05:21.871000,4.99,4.99,5.0,1107000.0
2018-01-26 10:05:25.392000,4.99,4.99,5.0,1107000.0
2018-01-26 10:05:28.705000,4.99,4.99,5.0,1107000.0
2018-01-26 10:05:32.300000,4.99,4.99,5.0,1107000.0
2018-01-26 10:05:35.929000,4.99,4.99,5.0,1107000.0
2018-01-26 10:05:39.688000,4.99,4.99,5.0,1107000.0
2018-01-26 10:05:42.922000,5.0,4.99,5.0,1167800.0
2018-01-26 10:05:46.255000,5.0,4.99,5.0,1167800.0
2018-01-26 10:05:49.465000,5.0,4.99,5.0,1167800.0
2018-01-26 10:05:52.519000,5.0,4.99,5.0,1167800.0
2018-01-26 10:05:55.738000,5.0,4.99,5.0,1167800.0
2018-01-26 10:05:58.744000,5.0,4.99,5.0,1167800.0
2018-01-26 10:06:01.998000,5.0,4.99,5.0,1167800.0
2018-01-26 10:06:05.088000,5.0,4.99,5.0,1167800.0
2018-01-26 10:06:08.147000,5.0,4.99,5.0,1167800.0
2018-01-26 10:06:11.298000,5.0,4.99,5.0,1167800.0
2018-01-26 10:06:14.483000,5.0,4.99,5.0,1167800.0
2018-01-26 10:06:17.848000,5.0,4.99,5.0,1167800.0
2018-01-26 10:06:20.688000,5.0,4.99,5.0,1167800.0
2018-01-26 10:06:24.109000,5.0,4.99,5.0,1167800.0
2018-01-26 10:06:27.201000,5.0,4.99,5.0,1167800.0
2018-01-26 10:06:30.375000,5.0,4.99,5.0,1167800.0
2018-01-26 10:06:33.395000,5.0,4.99,5.0,1167800.0
2018-01-26 10:06:36.411000,5.0,4.99,5.0,1167800.0
2018-01-26 10:06:39.623000,5.0,4.99,5.0,1167800.0
2018-01-26 10:06:42.704000,5.0,4.99,5.0,1167800.0
2018-01-26 10:06:45.897000,5.0,4.99,5.0,1167800.0
2018-01-26 10:06:49.046000,5.0,4.99,5.0,1239000.0
2018-01-26 10:06:52.108000,5.0,4.99,5.0,1239000.0
2018-01-26 10:06:55.134000,5.0,4.99,5.0,1239000.0
2018-01-26 10:06:58.377000,5.0,4.99,5.0,1239000.0
2018-01-26 10:07:01.439000,5.0,4.99,5.0,1239000.0
2018-01-26 10:07:04.433000,5.0,4.99,5.0,1239000.0
2018-01-26 10:07:07.393000,5.0,4.99,5.0,1239000.0
2018-01-26 10:07:10.841000,5.0,4.99,5.0,1239000.0
2018-01-26 10:07:13.905000,5.0,4.99,5.0,1239000.0
2018-01-26 10:07:16.969000,5.0,4.99,5.0,1239000.0
2018-01-26 10:07:20.224000,5.0,4.99,5.0,1239000.0
2018-01-26 10:07:23.826000,5.0,4.99,5.0,1239000.0
2018-01-26 10:07:26.812000,5.0,4.99,5.0,1239000.0
2018-01-26 10:07:29.913000,5.0,4.99,5.0,1239000.0
2018-01-26 10:07:32.997000,5.0,4.99,5.0,1239000.0
2018-01-26 10:07:36.034000,5.0,4.99,5.0,1239000.0
2018-01-26 10:07:39.019000,5.0,4.99,5.0,1239000.0
2018-01-26 10:07:41.953000,5.0,4.99,5.0,1239000.0
2018-01-26 10:07:45.034000,5.0,4.99,5.0,1239000.0
2018-01-26 10:07:48.260000,5.0,4.99,5.0,1239000.0
2018-01-26 10:07:51.575000,5.0,4.99,5.0,1239000.0
2018-01-26 10:07:54.666000,5.0,4.99,5.0,1239000.0
2018-01-26 10:07:57.799000,5.0,4.99,5.0,1239000.0
2018-01-26 10:08:01.115000,5.0,4.99,5.0,1239000.0
2018-01-26 10:08:04.031000,5.0,4.99,5.0,1289600.0
2018-01-26 10:08:07.046000,5.0,4.99,5.0,1289600.0
2018-01-26 10:08:10.265000,5.0,4.99,5.0,1289600.0
2018-01-26 10:08:13.442000,5.0,4.99,5.0,1289600.0
2018-01-26 10:08:16.455000,5.0,4.99,5.0,1289600.0
2018-01-26 10:08:19.427000,5.0,4.99,5.0,1289600.0
2018-01-26 10:08:22.579000,5.0,4.99,5.0,1289600.0
2018-01-26 10:08:25.948000,5.0,4.99,5.0,1289600.0
2018-01-26 10:08:28.866000,5.0,4.99,5.0,1289600.0
2018-01-26 10:08:31.940000,5.0,4.99,5.0,1289600.0
2018-01-26 10:08:35.140000,5.0,4.99,5.0,1289600.0
2018-01-26 10:08:38.291000,5.0,4.99,5.0,1289600.0
2018-01-26 10:08:41.425000,5.0,4.99,5.0,1289600.0
2018-01-26 10:08:44.590000,5.0,4.99,5.0,1289600.0
2018-01-26 10:08:47.836000,5.0,4.99,5.0,1289600.0
2018-01-26 10:08:51.116000,5.0,4.99,5.0,1289600.0
2018-01-26 10:08:54.269000,5.0,4.99,5.0,1289600.0
2018-01-26 10:08:57.220000,5.0,4.99,5.0,1289600.0
2018-01-26 10:09:00.375000,5.0,4.99,5.0,1291600.0
2018-01-26 10:09:03.400000,5.0,4.99,5.0,1291600.0
2018-01-26 10:09:06.636000,5.0,4.99,5.0,1291600.0
2018-01-26 10:09:09.773000,5.0,4.99,5.0,1291600.0
2018-01-26 10:09:12.892000,5.0,4.99,5.0,1291600.0
2018-01-26 10:09:15.768000,5.0,4.99,5.0,1291600.0
2018-01-26 10:09:18.978000,5.0,4.99,5.0,1291600.0
2018-01-26 10:09:22.208000,5.0,4.99,5.0,1291600.0
2018-01-26 10:09:25.269000,5.0,4.99,5.0,1291600.0
2018-01-26 10:09:28.490000,5.0,4.99,5.0,1291600.0
2018-01-26 10:09:31.547000,5.0,4.99,5.0,1291600.0
2018-01-26 10:09:34.746000,5.0,4.99,5.0,1291600.0
2018-01-26 10:09:37.785000,5.0,4.99,5.0,1291600.0
2018-01-26 10:09:40.982000,5.0,4.99,5.0,1291600.0
2018-01-26 10:09:44.020000,5.0,4.99,5.0,1291600.0
2018-01-26 10:09:47.261000,5.0,4.99,5.0,1291600.0
2018-01-26 10:09:50.146000,5.0,4.99,5.0,1291600.0
2018-01-26 10:09:53.335000,5.0,4.99,5.0,1291600.0
2018-01-26 10:09:56.319000,5.0,4.99,5.0,1291600.0
2018-01-26 10:09:59.397000,5.0,4.99,5.0,1291600.0
2018-01-26 10:10:02.412000,5.0,4.99,5.0,1291600.0
2018-01-26 10:10:05.495000,5.0,4.99,5.0,1291600.0
2018-01-26 10:10:08.745000,5.0,4.99,5.0,1291600.0
2018-01-26 10:10:12.020000,5.0,4.99,5.0,1291600.0
2018-01-26 10:10:15.589000,5.0,4.99,5.0,1291600.0
2018-01-26 10:10:18.801000,5.0,4.99,5.0,1291600.0
2018-01-26 10:10:22.200000,5.0,4.99,5.0,1291600.0
2018-01-26 10:10:25.311000,5.0,4.99,5.0,1291600.0
2018-01-26 10:10:28.255000,5.0,4.99,5.0,1291600.0
2018-01-26 10:10:31.399000,5.0,4.99,5.0,1291600.0
2018-01-26 10:10:34.332000,5.0,4.99,5.0,1291600.0
2018-01-26 10:10:37.633000,5.0,4.99,5.0,1291600.0
2018-01-26 10:10:40.756000,5.0,4.99,5.0,1291600.0
2018-01-26 10:10:43.741000,5.0,4.99,5.0,1291600.0
2018-01-26 10:10:46.778000,5.0,4.99,5.0,1291600.0
2018-01-26 10:10:49.639000,5.0,4.99,5.0,1291600.0
2018-01-26 10:10:52.599000,5.0,4.99,5.0,1291600.0
2018-01-26 10:10:55.676000,5.0,4.99,5.0,1291600.0
2018-01-26 10:10:58.778000,5.0,4.99,5.0,1291600.0
2018-01-26 10:11:01.927000,5.0,4.99,5.0,1291600.0
2018-01-26 10:11:04.899000,5.0,4.99,5.0,1291600.0
2018-01-26 10:11:07.901000,5.0,4.99,5.0,1291600.0
2018-01-26 10:11:10.974000,5.0,4.99,5.0,1291600.0
2018-01-26 10:11:13.981000,5.0,4.99,5.0,1291600.0
2018-01-26 10:11:17.135000,5.0,4.99,5.0,1291600.0
2018-01-26 10:11:20.235000,5.0,4.99,5.0,1291600.0
2018-01-26 10:11:23.271000,5.0,4.99,5.0,1291600.0
2018-01-26 10:11:26.387000,5.0,4.99,5.0,1291600.0
2018-01-26 10:11:29.163000,5.0,4.99,5.0,1291600.0
2018-01-26 10:11:32.133000,5.0,4.99,5.0,1291600.0
2018-01-26 10:11:35.278000,5.0,4.99,5.0,1291600.0
2018-01-26 10:11:38.491000,5.0,4.99,5.0,1291600.0
2018-01-26 10:11:41.830000,5.0,4.99,5.0,1291600.0
2018-01-26 10:11:45.181000,5.0,4.99,5.0,1291600.0
2018-01-26 10:11:48.291000,5.0,4.99,5.0,1291600.0
2018-01-26 10:11:51.510000,5.0,4.99,5.0,1291600.0
2018-01-26 10:11:54.698000,5.0,4.99,5.0,1291600.0
2018-01-26 10:11:57.898000,5.0,4.99,5.0,1291600.0
2018-01-26 10:12:01.029000,5.0,4.99,5.0,1291600.0
2018-01-26 10:12:04.196000,5.0,4.99,5.0,1291600.0
2018-01-26 10:12:07.417000,5.0,4.99,5.0,1291600.0
2018-01-26 10:12:10.433000,5.0,4.99,5.0,1291600.0
2018-01-26 10:12:13.591000,5.0,4.99,5.0,1291600.0
2018-01-26 10:12:16.813000,5.0,4.99,5.0,1291600.0
2018-01-26 10:12:20.061000,5.0,4.99,5.0,1291600.0
2018-01-26 10:12:23.264000,5.0,4.99,5.0,1291600.0
2018-01-26 10:12:26.395000,5.0,4.99,5.0,1291600.0
2018-01-26 10:12:29.498000,5.0,4.99,5.0,1291600.0
2018-01-26 10:12:32.631000,5.0,4.99,5.0,1291600.0
2018-01-26 10:12:35.775000,5.0,4.99,5.0,1291600.0
2018-01-26 10:12:38.889000,5.0,4.99,5.01,1311600.0
2018-01-26 10:12:41.968000,5.0,4.99,5.01,1311600.0
2018-01-26 10:12:45.148000,5.0,4.99,5.01,1311600.0
2018-01-26 10:12:48.246000,5.0,4.99,5.01,1311600.0
2018-01-26 10:12:51.278000,5.0,4.99,5.01,1311600.0
2018-01-26 10:12:54.517000,5.0,4.99,5.01,1311600.0
2018-01-26 10:12:57.570000,5.0,4.99,5.01,1311600.0
2018-01-26 10:13:00.819000,5.0,4.99,5.01,1311600.0
2018-01-26 10:13:03.852000,5.0,4.99,5.01,1311600.0
2018-01-26 10:13:07.065000,5.0,4.99,5.01,1311600.0
2018-01-26 10:13:10.323000,5.0,4.99,5.0,1400700.0
2018-01-26 10:13:13.575000,5.0,4.99,5.0,1400700.0
2018-01-26 10:13:16.824000,5.0,4.99,5.0,1400700.0
2018-01-26 10:13:20.007000,5.0,4.99,5.0,1400700.0
2018-01-26 10:13:23.394000,5.0,4.99,5.0,1400700.0
2018-01-26 10:13:26.576000,5.0,5.0,5.01,1400700.0
2018-01-26 10:13:29.661000,5.0,5.0,5.01,1400700.0
2018-01-26 10:13:32.618000,5.0,5.0,5.01,1400700.0
2018-01-26 10:13:35.688000,5.0,5.0,5.01,1400700.0
2018-01-26 10:13:39.020000,5.0,5.0,5.01,1400700.0
2018-01-26 10:13:42.305000,5.0,4.99,5.0,1400700.0
2018-01-26 10:13:45.326000,5.0,4.99,5.0,1400700.0
2018-01-26 10:13:48.352000,5.0,4.99,5.0,1400700.0
2018-01-26 10:13:51.392000,5.0,4.99,5.0,1400700.0
2018-01-26 10:13:54.797000,5.0,4.99,5.01,1420700.0
2018-01-26 10:13:57.904000,5.0,4.99,5.01,1420700.0
2018-01-26 10:14:01.141000,5.0,4.99,5.01,1420700.0
2018-01-26 10:14:04.418000,5.0,4.99,5.01,1420700.0
2018-01-26 10:14:07.588000,5.0,4.99,5.01,1420700.0
2018-01-26 10:14:10.544000,5.0,4.99,5.01,1420700.0
2018-01-26 10:14:13.808000,5.0,4.99,5.01,1420700.0
2018-01-26 10:14:17.370000,5.0,4.99,5.01,1420700.0
2018-01-26 10:14:20.248000,5.0,4.99,5.01,1420700.0
2018-01-26 10:14:23.294000,5.0,4.99,5.01,1420700.0
2018-01-26 10:14:26.389000,5.0,4.99,5.01,1420700.0
2018-01-26 10:14:29.435000,5.0,4.99,5.01,1420700.0
2018-01-26 10:14:32.386000,5.0,4.99,5.01,1420700.0
2018-01-26 10:14:35.605000,5.0,4.99,5.01,1420700.0
2018-01-26 10:14:38.879000,5.0,4.99,5.01,1420700.0
2018-01-26 10:14:42.126000,5.0,4.99,5.01,1420700.0
2018-01-26 10:14:45.169000,5.0,4.99,5.01,1420700.0
2018-01-26 10:14:48.527000,5.0,4.99,5.01,1420700.0
2018-01-26 10:14:51.560000,5.0,4.99,5.01,1420700.0
2018-01-26 10:14:54.750000,5.0,4.99,5.01,1420700.0
2018-01-26 10:14:57.809000,5.0,4.99,5.01,1420700.0
2018-01-26 10:15:00.828000,5.0,4.99,5.01,1420700.0
2018-01-26 10:15:04.122000,5.0,4.99,5.01,1420700.0
2018-01-26 10:15:07.574000,5.0,4.99,5.01,1420700.0
2018-01-26 10:15:10.748000,5.0,4.99,5.01,1420700.0
2018-01-26 10:15:13.808000,5.0,4.99,5.01,1420700.0
2018-01-26 10:15:16.935000,5.0,4.99,5.01,1420700.0
2018-01-26 10:15:20.066000,5.0,4.99,5.01,1420700.0
2018-01-26 10:15:23.260000,5.0,4.99,5.01,1420700.0
2018-01-26 10:15:26.513000,5.0,4.99,5.01,1420700.0
2018-01-26 10:15:29.842000,5.0,4.99,5.01,1420700.0
2018-01-26 10:15:33.278000,5.0,4.99,5.01,1420700.0
2018-01-26 10:15:36.460000,5.0,4.99,5.01,1420700.0
2018-01-26 10:15:39.663000,5.0,4.99,5.01,1420700.0
2018-01-26 10:15:43.059000,5.0,4.99,5.01,1420700.0
2018-01-26 10:15:46.043000,5.0,4.99,5.01,1420700.0
2018-01-26 10:15:48.882000,5.0,4.99,5.01,1420700.0
2018-01-26 10:15:52.231000,5.0,4.99,5.01,1420700.0
2018-01-26 10:15:55.463000,5.0,4.99,5.01,1420700.0
2018-01-26 10:15:58.802000,5.0,4.99,5.01,1420700.0
2018-01-26 10:16:02.231000,5.0,4.99,5.01,1420700.0
2018-01-26 10:16:05.712000,5.0,4.99,5.01,1420700.0
2018-01-26 10:16:09.218000,5.0,4.99,5.01,1420700.0
2018-01-26 10:16:12.746000,5.0,4.99,5.0,1421700.0
2018-01-26 10:16:16.497000,5.0,4.99,5.0,1421700.0
2018-01-26 10:16:20.702000,5.0,4.99,5.0,1421700.0
2018-01-26 10:16:23.781000,5.0,4.99,5.0,1421700.0
2018-01-26 10:16:26.901000,5.0,4.99,5.0,1421700.0
2018-01-26 10:16:30.375000,5.0,4.99,5.0,1421700.0
2018-01-26 10:16:34.169000,5.0,4.99,5.0,1421700.0
2018-01-26 10:16:37.653000,5.0,4.99,5.0,1421700.0
2018-01-26 10:16:40.730000,5.0,4.99,5.0,1421700.0
2018-01-26 10:16:43.908000,5.0,4.99,5.0,1421700.0
2018-01-26 10:16:47.639000,5.0,4.99,5.0,1421700.0
2018-01-26 10:16:50.791000,5.0,4.99,5.0,1421700.0
2018-01-26 10:16:53.988000,5.0,4.99,5.0,1421700.0
2018-01-26 10:16:57.200000,5.0,4.99,5.0,1421700.0
2018-01-26 10:17:00.516000,5.0,4.99,5.0,1421700.0
2018-01-26 10:17:03.825000,5.0,4.99,5.0,1421700.0
2018-01-26 10:17:07.017000,5.0,4.99,5.0,1421700.0
2018-01-26 10:17:10.099000,5.0,4.99,5.0,1421700.0
2018-01-26 10:17:13.326000,5.0,4.99,5.0,1421700.0
2018-01-26 10:17:16.875000,5.0,4.99,5.0,1421700.0
2018-01-26 10:17:20.067000,5.0,4.99,5.0,1421700.0
2018-01-26 10:17:23.314000,5.0,4.99,5.0,1421700.0
2018-01-26 10:17:26.513000,5.0,4.99,5.0,1421700.0
2018-01-26 10:17:29.702000,5.0,4.99,5.0,1421700.0
2018-01-26 10:17:32.874000,5.0,4.99,5.0,1421700.0
2018-01-26 10:17:35.844000,5.0,4.99,5.0,1421700.0
2018-01-26 10:17:39.001000,5.0,4.99,5.0,1421700.0
2018-01-26 10:17:42.064000,5.0,4.99,5.0,1421700.0
2018-01-26 10:17:45.266000,5.0,4.99,5.0,1421700.0
2018-01-26 10:17:48.471000,5.0,4.99,5.0,1421700.0
2018-01-26 10:17:51.693000,5.0,4.99,5.0,1421700.0
2018-01-26 10:17:55.082000,5.0,4.99,5.0,1421700.0
2018-01-26 10:17:58.467000,5.0,4.99,5.0,1421700.0
2018-01-26 10:18:01.592000,5.0,4.99,5.0,1421700.0
2018-01-26 10:18:05.095000,5.0,4.99,5.0,1421700.0
2018-01-26 10:18:08.314000,5.0,4.99,5.0,1421700.0
2018-01-26 10:18:12.001000,5.0,4.98,5.0,1421700.0
2018-01-26 10:18:15.147000,5.0,4.98,5.0,1421700.0
2018-01-26 10:18:18.236000,5.0,4.98,5.0,1421700.0
2018-01-26 10:18:21.302000,5.0,4.98,5.0,1421700.0
2018-01-26 10:18:24.437000,5.0,4.98,5.0,1421700.0
2018-01-26 10:18:27.781000,5.0,4.98,5.0,1421700.0
2018-01-26 10:18:31.114000,5.0,4.98,5.0,1421700.0
2018-01-26 10:18:34.173000,5.0,4.98,5.0,1421700.0
2018-01-26 10:18:37.259000,5.0,4.98,5.0,1421700.0
2018-01-26 10:18:40.412000,4.99,4.98,4.99,1523700.0
2018-01-26 10:18:43.343000,4.99,4.98,4.99,1523700.0
2018-01-26 10:18:46.430000,4.99,4.98,4.99,1523700.0
2018-01-26 10:18:49.204000,4.99,4.98,4.99,1523700.0
2018-01-26 10:18:52.406000,4.99,4.98,4.99,1523700.0
2018-01-26 10:18:55.371000,4.99,4.98,4.99,1523700.0
2018-01-26 10:18:58.655000,4.99,4.98,4.99,1523700.0
2018-01-26 10:19:01.496000,4.99,4.98,4.99,1523700.0
2018-01-26 10:19:04.525000,4.99,4.98,4.99,1523700.0
2018-01-26 10:19:07.736000,4.99,4.98,4.99,1523700.0
2018-01-26 10:19:10.897000,4.99,4.98,4.99,1523700.0
2018-01-26 10:19:14.148000,4.99,4.98,4.99,1523700.0
2018-01-26 10:19:17.261000,4.99,4.98,4.99,1523700.0
2018-01-26 10:19:20.455000,4.99,4.98,4.99,1523700.0
2018-01-26 10:19:23.441000,4.99,4.98,4.99,1523700.0
2018-01-26 10:19:26.520000,4.99,4.98,4.99,1523700.0
2018-01-26 10:19:29.617000,4.99,4.98,4.99,1523700.0
2018-01-26 10:19:32.735000,4.99,4.98,4.99,1523700.0
2018-01-26 10:19:35.580000,4.99,4.98,4.99,1523700.0
2018-01-26 10:19:38.410000,4.99,4.98,4.99,1523700.0
2018-01-26 10:19:41.645000,4.99,4.98,4.99,1523700.0
2018-01-26 10:19:44.659000,4.99,4.98,4.99,1523700.0
2018-01-26 10:19:47.740000,4.99,4.98,4.99,1523700.0
2018-01-26 10:19:51.098000,4.99,4.98,4.99,1523700.0
2018-01-26 10:19:54.488000,4.99,4.98,4.99,1523700.0
2018-01-26 10:19:57.710000,4.99,4.98,4.99,1523700.0
2018-01-26 10:20:00.767000,4.99,4.98,4.99,1523700.0
2018-01-26 10:20:03.752000,4.99,4.98,4.99,1523700.0
2018-01-26 10:20:07.006000,4.99,4.98,4.99,1523700.0
2018-01-26 10:20:10.129000,4.99,4.98,4.99,1523700.0
2018-01-26 10:20:13.345000,4.99,4.98,4.99,1523700.0
2018-01-26 10:20:16.293000,4.99,4.98,4.99,1523700.0
2018-01-26 10:20:19.506000,4.99,4.98,4.99,1523700.0
2018-01-26 10:20:22.447000,4.99,4.98,4.99,1523700.0
2018-01-26 10:20:25.496000,4.99,4.98,4.99,1523700.0
2018-01-26 10:20:28.573000,4.99,4.98,4.99,1523700.0
2018-01-26 10:20:31.710000,4.99,4.98,4.99,1523700.0
2018-01-26 10:20:34.763000,4.99,4.98,4.99,1523700.0
2018-01-26 10:20:37.941000,4.99,4.98,4.99,1523700.0
2018-01-26 10:20:41.057000,4.99,4.98,5.0,1523700.0
2018-01-26 10:20:44.092000,4.99,4.98,5.0,1523700.0
2018-01-26 10:20:47.245000,4.99,4.98,5.0,1523700.0
2018-01-26 10:20:50.414000,4.99,4.98,5.0,1523700.0
2018-01-26 10:20:53.428000,4.99,4.98,5.0,1523700.0
2018-01-26 10:20:56.490000,4.99,4.98,5.0,1523700.0
2018-01-26 10:20:59.599000,4.99,4.98,5.0,1523700.0
2018-01-26 10:21:02.774000,4.99,4.98,5.0,1553700.0
2018-01-26 10:21:05.662000,4.99,4.98,5.0,1553700.0
2018-01-26 10:21:08.772000,4.99,4.98,5.0,1553700.0
2018-01-26 10:21:11.928000,4.99,4.98,5.0,1553700.0
2018-01-26 10:21:14.976000,4.99,4.98,5.0,1553700.0
2018-01-26 10:21:17.958000,4.99,4.98,5.0,1553700.0
2018-01-26 10:21:20.960000,4.99,4.98,5.0,1553700.0
2018-01-26 10:21:24.077000,4.99,4.98,5.0,1553700.0
2018-01-26 10:21:27.061000,4.99,4.98,5.0,1553700.0
2018-01-26 10:21:30.273000,4.99,4.98,5.0,1553700.0
2018-01-26 10:21:33.630000,4.99,4.98,5.0,1553700.0
2018-01-26 10:21:36.844000,4.99,4.98,5.0,1553700.0
2018-01-26 10:21:39.964000,4.99,4.98,5.0,1553700.0
2018-01-26 10:21:43.209000,4.99,4.98,5.0,1553700.0
2018-01-26 10:21:46.180000,4.99,4.98,5.0,1553700.0
2018-01-26 10:21:49.289000,4.99,4.98,5.0,1553700.0
2018-01-26 10:21:52.477000,4.99,4.98,5.0,1553700.0
2018-01-26 10:21:55.810000,4.99,4.98,5.0,1553700.0
2018-01-26 10:21:58.867000,4.99,4.98,5.0,1553700.0
2018-01-26 10:22:01.894000,4.99,4.98,5.0,1553700.0
2018-01-26 10:22:08.569000,4.99,4.98,5.0,1553700.0
2018-01-26 10:22:11.839000,4.99,4.98,5.0,1553700.0
2018-01-26 10:22:14.921000,4.99,4.98,5.0,1553700.0
2018-01-26 10:22:17.938000,4.99,4.98,5.0,1553700.0
2018-01-26 10:22:21.045000,4.99,4.98,5.0,1553700.0
2018-01-26 10:22:24.091000,4.99,4.98,5.0,1553700.0
2018-01-26 10:22:27.074000,4.99,4.98,5.0,1553700.0
2018-01-26 10:22:30.388000,4.99,4.98,5.0,1553700.0
2018-01-26 10:22:33.506000,4.99,4.98,5.0,1553700.0
2018-01-26 10:22:36.499000,4.99,4.98,5.0,1553700.0
2018-01-26 10:22:46.656000,4.99,4.98,5.0,1553700.0
2018-01-26 10:22:49.734000,4.99,4.98,5.0,1553700.0
2018-01-26 10:22:52.851000,4.99,4.98,5.0,1553700.0
2018-01-26 10:22:55.793000,4.99,4.98,5.0,1553700.0
2018-01-26 10:22:58.735000,4.99,4.98,5.0,1553700.0
2018-01-26 10:23:01.743000,4.99,4.98,5.0,1553700.0
2018-01-26 10:23:04.808000,4.99,4.98,5.0,1553700.0
2018-01-26 10:23:07.820000,4.99,4.98,5.0,1553700.0
2018-01-26 10:23:11.027000,4.99,4.98,5.0,1553700.0
2018-01-26 10:23:14.115000,4.99,4.98,5.0,1553700.0
2018-01-26 10:23:17.243000,4.99,4.98,5.0,1553700.0
2018-01-26 10:23:20.325000,4.99,4.98,5.0,1553700.0
2018-01-26 10:23:23.507000,4.99,4.98,5.0,1553700.0
2018-01-26 10:23:26.508000,4.99,4.98,5.0,1553700.0
2018-01-26 10:23:29.381000,4.99,4.98,5.0,1553700.0
2018-01-26 10:23:32.416000,4.99,4.98,5.0,1553700.0
2018-01-26 10:23:35.500000,4.99,4.98,5.0,1553700.0
2018-01-26 10:23:38.756000,4.99,4.98,5.0,1553700.0
2018-01-26 10:23:41.869000,4.99,4.98,5.0,1553700.0
2018-01-26 10:23:45.204000,4.99,4.98,5.0,1553700.0
2018-01-26 10:23:48.242000,4.99,4.98,5.0,1553700.0
2018-01-26 10:23:51.209000,4.99,4.98,5.0,1553700.0
2018-01-26 10:23:54.465000,4.99,4.98,5.0,1553700.0
2018-01-26 10:23:57.495000,4.99,4.98,5.0,1553700.0
2018-01-26 10:24:01.249000,4.99,4.98,5.0,1553700.0
2018-01-26 10:24:04.822000,4.99,4.98,5.0,1553700.0
2018-01-26 10:24:08.014000,4.99,4.98,5.0,1553700.0
2018-01-26 10:24:11.176000,4.99,4.98,5.0,1553700.0
2018-01-26 10:24:14.251000,4.99,4.98,5.0,1553700.0
2018-01-26 10:24:17.245000,4.99,4.98,5.0,1553700.0
2018-01-26 10:24:20.221000,4.99,4.98,5.0,1553700.0
2018-01-26 10:24:23.290000,4.99,4.98,5.0,1553700.0
2018-01-26 10:24:26.606000,4.99,4.98,5.0,1553700.0
2018-01-26 10:24:29.480000,4.99,4.98,5.0,1553700.0
2018-01-26 10:24:32.809000,4.99,4.98,5.0,1553700.0
2018-01-26 10:24:35.666000,4.99,4.98,5.0,1553700.0
2018-01-26 10:24:38.634000,4.99,4.98,5.0,1553700.0
2018-01-26 10:24:41.667000,4.99,4.98,5.0,1553700.0
2018-01-26 10:24:44.719000,4.99,4.98,5.0,1553700.0
2018-01-26 10:24:47.693000,4.99,4.98,5.0,1553700.0
2018-01-26 10:24:50.580000,4.99,4.98,5.0,1553700.0
2018-01-26 10:24:54.089000,4.99,4.98,5.0,1553700.0
2018-01-26 10:24:57.059000,4.99,4.98,5.0,1553700.0
2018-01-26 10:25:00.092000,4.99,4.98,5.0,1553700.0
2018-01-26 10:25:03.110000,4.99,4.98,5.0,1553700.0
2018-01-26 10:25:06.256000,4.99,4.98,5.0,1553700.0
2018-01-26 10:25:09.310000,4.99,4.98,5.0,1553700.0
2018-01-26 10:25:12.651000,4.99,4.98,5.0,1553700.0
2018-01-26 10:25:16.073000,4.99,4.98,5.0,1553700.0
2018-01-26 10:25:18.948000,4.99,4.98,5.0,1553700.0
2018-01-26 10:25:22.250000,4.99,4.98,5.0,1553700.0
2018-01-26 10:25:25.468000,4.99,4.98,5.0,1553700.0
2018-01-26 10:25:28.572000,4.99,4.98,5.0,1553700.0
2018-01-26 10:25:31.631000,4.99,4.98,5.0,1553700.0
2018-01-26 10:25:34.433000,4.99,4.98,5.0,1553700.0
2018-01-26 10:25:37.398000,4.99,4.98,5.0,1553700.0
2018-01-26 10:25:40.507000,4.99,4.98,5.0,1553700.0
2018-01-26 10:25:43.651000,4.99,4.98,5.0,1553700.0
2018-01-26 10:25:46.773000,4.99,4.98,5.0,1553700.0
2018-01-26 10:25:49.706000,4.99,4.98,5.0,1553700.0
2018-01-26 10:25:52.885000,4.99,4.98,5.0,1553700.0
2018-01-26 10:25:55.950000,4.99,4.98,5.0,1553700.0
2018-01-26 10:25:58.792000,4.99,4.98,5.0,1553700.0
2018-01-26 10:26:01.760000,4.99,4.98,5.0,1553700.0
2018-01-26 10:26:04.714000,4.99,4.98,4.99,1573700.0
2018-01-26 10:26:07.654000,4.99,4.98,4.99,1573700.0
2018-01-26 10:26:10.823000,4.99,4.98,4.99,1573700.0
2018-01-26 10:26:13.856000,4.99,4.98,4.99,1573700.0
2018-01-26 10:26:16.953000,4.99,4.98,4.99,1573700.0
2018-01-26 10:26:20.127000,4.99,4.98,4.99,1573700.0
2018-01-26 10:26:23.183000,4.99,4.98,4.99,1573700.0
2018-01-26 10:26:26.421000,4.99,4.98,4.99,1573700.0
2018-01-26 10:26:29.966000,4.99,4.98,4.99,1573700.0
2018-01-26 10:26:33.039000,4.99,4.98,4.99,1573700.0
2018-01-26 10:26:36.075000,4.99,4.98,4.99,1573700.0
2018-01-26 10:26:39.059000,4.99,4.98,4.99,1573700.0
2018-01-26 10:26:41.973000,4.99,4.98,4.99,1573700.0
2018-01-26 10:26:45.045000,4.99,4.98,4.99,1573700.0
2018-01-26 10:26:48.051000,4.99,4.98,4.99,1573700.0
2018-01-26 10:26:51.264000,4.99,4.98,4.99,1573700.0
2018-01-26 10:26:54.417000,4.99,4.98,4.99,1573700.0
2018-01-26 10:26:57.444000,4.99,4.98,4.99,1573700.0
2018-01-26 10:27:00.595000,4.99,4.98,4.99,1573700.0
2018-01-26 10:27:03.747000,4.99,4.98,4.99,1573700.0
2018-01-26 10:27:06.875000,4.99,4.98,4.99,1573700.0
2018-01-26 10:27:09.973000,4.99,4.98,4.99,1573700.0
2018-01-26 10:27:12.971000,4.99,4.98,4.99,1573700.0
2018-01-26 10:27:16.020000,4.99,4.98,4.99,1573700.0
2018-01-26 10:27:19.343000,4.99,4.98,5.0,1573700.0
2018-01-26 10:27:22.476000,4.99,4.98,4.99,1639700.0
2018-01-26 10:27:25.702000,4.99,4.98,4.99,1639700.0
2018-01-26 10:27:28.825000,4.99,4.98,4.99,1639700.0
2018-01-26 10:27:31.890000,4.99,4.98,4.99,1639700.0
2018-01-26 10:27:35.156000,4.99,4.98,5.0,1679700.0
2018-01-26 10:27:38.189000,4.99,4.98,5.0,1679700.0
2018-01-26 10:27:41.214000,4.99,4.98,5.0,1679700.0
2018-01-26 10:27:44.376000,4.99,4.98,5.0,1679700.0
2018-01-26 10:27:47.414000,4.99,4.98,5.0,1679700.0
2018-01-26 10:27:50.407000,4.99,4.98,5.0,1679700.0
2018-01-26 10:27:53.436000,4.99,4.98,5.0,1679700.0
2018-01-26 10:27:56.439000,4.99,4.98,5.0,1679700.0
2018-01-26 10:27:59.643000,4.99,4.98,5.0,1679700.0
2018-01-26 10:28:02.719000,4.99,4.98,5.0,1679700.0
2018-01-26 10:28:05.743000,4.99,4.98,5.0,1679700.0
2018-01-26 10:28:08.734000,4.99,4.98,5.0,1679700.0
2018-01-26 10:28:11.893000,4.99,4.98,5.0,1679700.0
2018-01-26 10:28:14.924000,4.99,4.98,5.0,1679700.0
2018-01-26 10:28:18.109000,4.99,4.98,5.0,1679700.0
2018-01-26 10:28:21.330000,4.99,4.98,5.0,1679700.0
2018-01-26 10:28:24.363000,4.99,4.98,5.0,1679700.0
2018-01-26 10:28:27.237000,4.99,4.98,5.0,1679700.0
2018-01-26 10:28:30.458000,4.99,4.98,5.0,1679700.0
2018-01-26 10:28:33.494000,4.99,4.98,5.0,1679700.0
2018-01-26 10:28:36.417000,4.99,4.98,5.0,1679700.0
2018-01-26 10:28:40.314000,4.99,4.98,5.0,1679700.0
2018-01-26 10:28:43.196000,4.99,4.98,5.0,1679700.0
2018-01-26 10:28:46.425000,4.99,4.98,5.0,1679700.0
2018-01-26 10:28:49.391000,4.99,4.98,5.0,1679700.0
2018-01-26 10:28:52.129000,4.99,4.98,5.0,1679700.0
2018-01-26 10:28:55.176000,4.99,4.98,5.0,1679700.0
2018-01-26 10:28:59.837000,4.99,4.98,5.0,1679700.0
2018-01-26 10:29:02.847000,4.99,4.98,5.0,1679700.0
2018-01-26 10:29:05.910000,4.99,4.98,5.0,1679700.0
2018-01-26 10:29:09.124000,4.99,4.98,5.0,1679700.0
2018-01-26 10:29:12.175000,4.99,4.98,5.0,1679700.0
2018-01-26 10:29:15.088000,4.99,4.98,5.0,1679700.0
2018-01-26 10:29:19.704000,4.99,4.98,5.0,1719700.0
2018-01-26 10:29:22.894000,4.99,4.98,5.0,1719700.0
2018-01-26 10:29:26.034000,4.99,4.98,5.0,1719700.0
2018-01-26 10:29:29.227000,4.99,4.98,5.0,1719700.0
2018-01-26 10:29:32.315000,4.99,4.98,5.0,1719700.0
2018-01-26 10:29:35.392000,4.99,4.98,5.0,1719700.0
2018-01-26 10:29:38.484000,4.99,4.98,5.0,1719700.0
2018-01-26 10:29:41.730000,4.99,4.98,5.0,1719700.0
2018-01-26 10:29:44.683000,4.99,4.98,5.0,1719700.0
2018-01-26 10:29:47.676000,4.99,4.98,5.0,1749700.0
2018-01-26 10:29:51.004000,4.99,4.98,5.0,1749700.0
2018-01-26 10:29:54.062000,4.99,4.98,5.0,1749700.0
2018-01-26 10:29:57.296000,4.99,4.98,5.0,1749700.0
2018-01-26 10:30:00.488000,4.99,4.98,5.0,1749700.0
2018-01-26 10:30:03.675000,4.99,4.98,5.0,1749700.0
2018-01-26 10:30:06.708000,4.99,4.98,5.0,1749700.0
2018-01-26 10:30:09.612000,4.99,4.98,5.0,1749700.0
2018-01-26 10:30:12.864000,4.99,4.98,5.0,1749700.0
2018-01-26 10:30:16.054000,4.99,4.98,5.0,1749700.0
2018-01-26 10:30:19.158000,4.99,4.98,5.0,1749700.0
2018-01-26 10:30:22.277000,4.99,4.98,5.0,1749700.0
2018-01-26 10:30:25.263000,4.99,4.98,5.0,1749700.0
2018-01-26 10:30:28.374000,4.99,4.98,5.0,1749700.0
2018-01-26 10:30:31.503000,4.99,4.98,5.0,1749700.0
2018-01-26 10:30:34.518000,4.99,4.98,5.0,1749700.0
2018-01-26 10:30:37.429000,4.99,4.98,5.0,1749700.0
2018-01-26 10:30:40.502000,4.99,4.98,5.0,1749700.0
2018-01-26 10:30:43.540000,4.99,4.98,5.0,1749700.0
2018-01-26 10:30:46.702000,4.99,4.98,5.0,1749700.0
2018-01-26 10:30:49.771000,4.99,4.98,5.0,1749700.0
2018-01-26 10:30:53.066000,4.99,4.98,5.0,1749700.0
2018-01-26 10:30:56.037000,4.99,4.98,5.0,1749700.0
2018-01-26 10:30:59.291000,4.99,4.98,5.0,1749700.0
2018-01-26 10:31:02.403000,4.99,4.98,5.0,1749700.0
2018-01-26 10:31:05.459000,4.99,4.98,5.0,1749700.0
2018-01-26 10:31:08.638000,4.99,4.98,5.0,1749700.0
2018-01-26 10:31:11.561000,4.99,4.98,5.0,1749700.0
2018-01-26 10:31:14.651000,4.99,4.98,5.0,1749700.0
2018-01-26 10:31:17.576000,4.99,4.98,5.0,1749700.0
2018-01-26 10:31:20.463000,4.99,4.99,5.0,1751700.0
2018-01-26 10:31:23.481000,4.99,4.99,5.0,1751700.0
2018-01-26 10:31:26.392000,4.99,4.99,5.0,1751700.0
2018-01-26 10:31:29.572000,4.99,4.99,5.0,1751700.0
2018-01-26 10:31:32.722000,4.99,4.99,5.0,1751700.0
2018-01-26 10:31:36,4.99,4.99,5.0,1751700.0
2018-01-26 10:31:38.958000,4.99,4.99,5.0,1751700.0
2018-01-26 10:31:42.287000,4.99,4.99,5.0,1751700.0
2018-01-26 10:31:45.273000,4.99,4.99,5.0,1751700.0
2018-01-26 10:31:48.348000,4.99,4.98,5.0,1771700.0
2018-01-26 10:31:52.542000,4.99,4.98,5.0,1771700.0
2018-01-26 10:31:55.762000,4.99,4.98,5.0,1771700.0
2018-01-26 10:31:58.704000,4.99,4.98,5.0,1771700.0
2018-01-26 10:32:01.755000,4.99,4.98,5.0,1771700.0
2018-01-26 10:32:04.675000,4.99,4.98,5.0,1771700.0
2018-01-26 10:32:07.707000,4.99,4.98,5.0,1771700.0
2018-01-26 10:32:10.977000,4.99,4.98,5.0,1771700.0
2018-01-26 10:32:14.296000,4.99,4.98,5.0,1771700.0
2018-01-26 10:32:17.178000,4.99,4.98,5.0,1771700.0
2018-01-26 10:32:20.321000,4.99,4.98,5.0,1771700.0
2018-01-26 10:32:23.352000,4.99,4.98,5.0,1771700.0
2018-01-26 10:32:26.465000,4.99,4.98,5.0,1771700.0
2018-01-26 10:32:29.600000,4.99,4.98,5.0,1771700.0
2018-01-26 10:32:32.637000,4.99,4.98,5.0,1771700.0
2018-01-26 10:32:35.727000,4.99,4.98,5.0,1771700.0
2018-01-26 10:32:38.799000,4.99,4.98,5.0,1771700.0
2018-01-26 10:32:41.750000,4.99,4.98,5.0,1771700.0
2018-01-26 10:32:44.876000,4.99,4.98,5.0,1771700.0
2018-01-26 10:32:47.918000,4.99,4.98,5.0,1771700.0
2018-01-26 10:32:51.208000,4.99,4.98,5.0,1771700.0
2018-01-26 10:32:54.930000,4.99,4.98,5.0,1771700.0
2018-01-26 10:32:57.891000,4.99,4.98,5.0,1771700.0
2018-01-26 10:33:00.958000,4.99,4.98,5.0,1771700.0
2018-01-26 10:33:03.893000,4.99,4.98,5.0,1771700.0
2018-01-26 10:33:07.041000,4.99,4.98,5.0,1771700.0
2018-01-26 10:33:10.306000,4.99,4.98,5.0,1771700.0
2018-01-26 10:33:13.485000,4.99,4.98,5.0,1771700.0
2018-01-26 10:33:16.473000,4.99,4.98,5.0,1771700.0
2018-01-26 10:33:19.428000,4.99,4.98,5.0,1771700.0
2018-01-26 10:33:22.472000,4.99,4.99,5.0,1771700.0
2018-01-26 10:33:25.291000,4.99,4.99,5.0,1771700.0
2018-01-26 10:33:28.422000,4.99,4.99,5.0,1771700.0
2018-01-26 10:33:31.560000,4.99,4.99,5.0,1771700.0
2018-01-26 10:33:34.726000,4.99,4.99,5.0,1771700.0
2018-01-26 10:33:37.768000,4.99,4.99,5.0,1771700.0
2018-01-26 10:33:40.794000,4.99,4.99,5.0,1771700.0
2018-01-26 10:33:43.837000,4.99,4.99,5.0,1771700.0
2018-01-26 10:33:47.020000,4.99,4.99,5.0,1771700.0
2018-01-26 10:33:50.430000,4.99,4.99,5.0,1771700.0
2018-01-26 10:33:53.342000,4.99,4.99,5.0,1771700.0
2018-01-26 10:33:56.453000,4.99,4.99,5.0,1771700.0
2018-01-26 10:33:59.580000,4.99,4.99,5.0,1771700.0
2018-01-26 10:34:02.730000,4.99,4.99,5.0,1771700.0
2018-01-26 10:34:05.791000,4.99,4.99,5.0,1771700.0
2018-01-26 10:34:08.861000,4.99,4.99,5.0,1771700.0
2018-01-26 10:34:16.528000,4.99,4.99,5.0,1771700.0
2018-01-26 10:34:20.309000,4.99,4.99,5.0,1771700.0
2018-01-26 10:34:23.314000,4.99,4.99,5.0,1771700.0
2018-01-26 10:34:26.364000,4.99,4.99,5.0,1771700.0
2018-01-26 10:34:29.488000,4.99,4.99,5.0,1771700.0
2018-01-26 10:34:32.859000,4.99,4.99,5.0,1771700.0
2018-01-26 10:34:36.292000,4.99,4.99,5.0,1771700.0
2018-01-26 10:34:39.477000,4.99,4.99,5.0,1771700.0
2018-01-26 10:34:43.109000,4.99,4.99,5.0,1771700.0
2018-01-26 10:34:46.076000,4.99,4.99,5.0,1771700.0
2018-01-26 10:34:49.134000,4.99,4.99,5.0,1771700.0
2018-01-26 10:34:52.215000,4.99,4.99,5.0,1771700.0
2018-01-26 10:34:55.397000,4.99,4.99,5.0,1771700.0
2018-01-26 10:34:58.940000,4.99,4.99,5.0,1771700.0
2018-01-26 10:35:02.129000,4.99,4.99,5.0,1771700.0
2018-01-26 10:35:05.167000,4.99,4.99,5.0,1771700.0
2018-01-26 10:35:08.125000,4.99,4.99,5.0,1771700.0
2018-01-26 10:35:11.309000,4.99,4.99,5.0,1771700.0
2018-01-26 10:35:14.386000,4.99,4.99,5.0,1771700.0
2018-01-26 10:35:17.572000,4.99,4.99,5.0,1771700.0
2018-01-26 10:35:26.438000,4.99,4.99,5.0,1771700.0
2018-01-26 10:35:29.667000,4.99,4.99,5.0,1771700.0
2018-01-26 10:35:33.021000,4.99,4.99,5.0,1771700.0
2018-01-26 10:35:36.232000,4.99,4.99,5.0,1771700.0
2018-01-26 10:35:39.838000,4.99,4.99,5.0,1771700.0
2018-01-26 10:35:43.396000,4.99,4.99,5.0,1771700.0
2018-01-26 10:35:52.037000,4.99,4.99,5.0,1771700.0
2018-01-26 10:35:57.973000,4.99,4.99,5.0,1771700.0
2018-01-26 10:36:17.232000,4.99,4.99,5.0,1771700.0
2018-01-26 10:36:20.332000,4.99,4.99,5.0,1771700.0
2018-01-26 10:36:23.430000,4.99,4.99,5.0,1771700.0
2018-01-26 10:36:26.750000,4.99,4.99,5.0,1771700.0
2018-01-26 10:36:29.995000,4.99,4.99,5.0,1771700.0
2018-01-26 10:36:32.944000,4.99,4.99,5.0,1771700.0
2018-01-26 10:36:36.030000,4.99,4.99,5.0,1771700.0
2018-01-26 10:36:38.940000,4.99,4.99,5.0,1771700.0
2018-01-26 10:36:41.934000,4.99,4.99,5.0,1771700.0
2018-01-26 10:36:45.106000,4.99,4.99,5.0,1771700.0
2018-01-26 10:36:48.155000,4.99,4.99,5.0,1771700.0
2018-01-26 10:36:51.389000,4.99,4.99,5.0,1771700.0
2018-01-26 10:36:54.480000,4.99,4.99,5.0,1771700.0
2018-01-26 10:36:57.608000,4.99,4.99,5.0,1771700.0
2018-01-26 10:37:00.578000,4.99,4.99,5.0,1771700.0
2018-01-26 10:37:03.500000,4.99,4.99,5.0,1771700.0
2018-01-26 10:37:06.457000,4.99,4.99,5.0,1781700.0
2018-01-26 10:37:09.279000,4.99,4.99,5.0,1781700.0
2018-01-26 10:37:12.364000,4.99,4.99,5.0,1781700.0
2018-01-26 10:37:15.374000,4.99,4.99,5.0,1781700.0
2018-01-26 10:37:18.403000,4.99,4.99,5.0,1781700.0
2018-01-26 10:37:21.339000,4.99,4.99,5.0,1781700.0
2018-01-26 10:37:24.405000,4.99,4.99,5.0,1781700.0
2018-01-26 10:37:27.527000,4.99,4.99,5.0,1781700.0
2018-01-26 10:37:30.500000,4.99,4.99,5.0,1781700.0
2018-01-26 10:37:33.502000,4.99,4.99,5.0,1781700.0
2018-01-26 10:37:36.430000,4.99,4.99,5.0,1781700.0
2018-01-26 10:37:39.513000,4.99,4.99,5.0,1781700.0
2018-01-26 10:37:42.261000,4.99,4.99,5.0,1781700.0
2018-01-26 10:37:45.062000,4.99,4.99,5.0,1781700.0
2018-01-26 10:37:48.288000,4.99,4.99,5.0,1781700.0
2018-01-26 10:37:51.078000,4.99,4.99,5.0,1781700.0
2018-01-26 10:37:54.311000,4.99,4.99,5.0,1781700.0
2018-01-26 10:37:57.440000,4.99,4.99,5.0,1781700.0
2018-01-26 10:38:00.590000,4.99,4.99,5.0,1781700.0
2018-01-26 10:38:03.532000,4.99,4.99,5.0,1781700.0
2018-01-26 10:38:06.845000,4.99,4.99,5.0,1781700.0
2018-01-26 10:38:10.315000,4.99,4.99,5.0,1781700.0
2018-01-26 10:38:13.700000,4.99,4.99,5.0,1781700.0
2018-01-26 10:38:16.829000,4.99,4.99,5.0,1781700.0
2018-01-26 10:38:19.921000,4.99,4.99,5.0,1781700.0
2018-01-26 10:38:22.900000,4.99,4.99,5.0,1781700.0
2018-01-26 10:38:25.875000,4.99,4.99,5.0,1781700.0
2018-01-26 10:38:28.946000,4.99,4.99,5.0,1781700.0
2018-01-26 10:38:31.985000,4.99,4.99,5.0,1781700.0
2018-01-26 10:38:34.953000,4.99,4.99,5.0,1781700.0
2018-01-26 10:38:38.089000,4.99,4.99,5.0,1781700.0
2018-01-26 10:38:41.129000,4.99,4.99,5.0,1781700.0
2018-01-26 10:38:44.099000,4.99,4.99,5.0,1781700.0
2018-01-26 10:38:47.174000,4.99,4.99,5.0,1781700.0
2018-01-26 10:38:50.168000,4.99,4.99,5.0,1781700.0
2018-01-26 10:38:53.365000,4.99,4.99,5.0,1781700.0
2018-01-26 10:38:56.453000,4.99,4.99,5.0,1781700.0
2018-01-26 10:38:59.639000,4.99,4.99,5.0,1781700.0
2018-01-26 10:39:02.736000,4.99,4.99,5.0,1781700.0
2018-01-26 10:39:05.783000,4.99,4.99,5.0,1781700.0
2018-01-26 10:39:08.956000,4.99,4.99,5.0,1781700.0
2018-01-26 10:39:12.040000,4.99,4.99,5.0,1781700.0
2018-01-26 10:39:15.016000,4.99,4.99,5.0,1781700.0
2018-01-26 10:39:18.093000,4.99,4.99,5.0,1781700.0
2018-01-26 10:39:21.002000,4.99,4.99,5.0,1781700.0
2018-01-26 10:39:24.032000,4.99,4.99,5.0,1781700.0
2018-01-26 10:39:26.987000,4.99,4.99,5.0,1781700.0
2018-01-26 10:39:30.079000,4.99,4.99,5.0,1781700.0
2018-01-26 10:39:33.148000,4.99,4.99,5.0,1781700.0
2018-01-26 10:39:36.276000,4.99,4.99,5.0,1781700.0
2018-01-26 10:39:39.329000,4.99,4.99,5.0,1781700.0
2018-01-26 10:39:42.315000,4.99,4.99,5.0,1781700.0
2018-01-26 10:39:45.360000,4.99,4.99,5.0,1781700.0
2018-01-26 10:39:48.488000,4.99,4.99,5.0,1781700.0
2018-01-26 10:39:51.566000,4.99,4.98,4.99,1791800.0
2018-01-26 10:39:54.627000,4.99,4.98,4.99,1791800.0
2018-01-26 10:39:57.864000,4.99,4.98,4.99,1791800.0
2018-01-26 10:40:00.693000,4.99,4.98,4.99,1791800.0
2018-01-26 10:40:03.676000,4.99,4.98,4.99,1791800.0
2018-01-26 10:40:06.677000,4.99,4.98,4.99,1791800.0
2018-01-26 10:40:09.596000,4.99,4.98,4.99,1791800.0
2018-01-26 10:40:12.474000,4.99,4.98,4.99,1791800.0
2018-01-26 10:40:15.409000,4.99,4.98,4.99,1791800.0
2018-01-26 10:40:18.352000,4.99,4.98,4.99,1791800.0
2018-01-26 10:40:21.473000,4.99,4.98,4.99,1791800.0
2018-01-26 10:40:24.438000,4.99,4.98,4.99,1791800.0
2018-01-26 10:40:27.467000,4.99,4.98,4.99,1791800.0
2018-01-26 10:40:30.534000,4.99,4.98,4.99,1791800.0
2018-01-26 10:40:33.716000,4.99,4.98,4.99,1791800.0
2018-01-26 10:40:36.826000,4.99,4.98,4.99,1791800.0
2018-01-26 10:40:39.988000,4.99,4.98,4.99,1791800.0
2018-01-26 10:40:42.990000,4.99,4.98,4.99,1791800.0
2018-01-26 10:40:46.050000,4.99,4.98,4.99,1791800.0
2018-01-26 10:40:48.913000,4.99,4.98,4.99,1791800.0
2018-01-26 10:40:52.080000,4.99,4.98,4.99,1791800.0
2018-01-26 10:40:55.050000,4.99,4.98,4.99,1791800.0
2018-01-26 10:40:57.916000,4.99,4.98,4.99,1791800.0
2018-01-26 10:41:00.896000,4.99,4.98,4.99,1791800.0
2018-01-26 10:41:03.982000,4.99,4.98,4.99,1791800.0
2018-01-26 10:41:07.187000,4.99,4.98,4.99,1791800.0
2018-01-26 10:41:10.066000,4.99,4.98,4.99,1791800.0
2018-01-26 10:41:13.021000,4.99,4.98,4.99,1791800.0
2018-01-26 10:41:15.904000,4.99,4.98,4.99,1791800.0
2018-01-26 10:41:18.950000,4.99,4.98,4.99,1791800.0
2018-01-26 10:41:21.928000,4.99,4.98,4.99,1791800.0
2018-01-26 10:41:25.049000,4.99,4.98,4.99,1791800.0
2018-01-26 10:41:28.103000,4.99,4.98,4.99,1791800.0
2018-01-26 10:41:31.084000,4.99,4.98,4.99,1791800.0
2018-01-26 10:41:34.053000,4.99,4.98,4.99,1791800.0
2018-01-26 10:41:37.306000,4.99,4.98,4.99,1791800.0
2018-01-26 10:41:40.324000,4.99,4.98,4.99,1791800.0
2018-01-26 10:41:43.325000,4.99,4.98,4.99,1791800.0
2018-01-26 10:41:46.381000,4.99,4.98,4.99,1791800.0
2018-01-26 10:41:49.565000,4.99,4.98,4.99,1791800.0
2018-01-26 10:41:52.568000,4.99,4.98,4.99,1791800.0
2018-01-26 10:41:55.461000,4.99,4.98,4.99,1791800.0
2018-01-26 10:41:58.477000,4.99,4.98,4.99,1791800.0
2018-01-26 10:42:01.495000,4.99,4.98,4.99,1791800.0
2018-01-26 10:42:04.462000,4.99,4.98,4.99,1791800.0
2018-01-26 10:42:07.611000,4.99,4.98,4.99,1791800.0
2018-01-26 10:42:10.669000,4.99,4.98,4.99,1791800.0
2018-01-26 10:42:13.793000,4.99,4.98,4.99,1791800.0
2018-01-26 10:42:17.040000,4.99,4.98,4.99,1791800.0
2018-01-26 10:42:20.058000,4.99,4.98,4.99,1791800.0
2018-01-26 10:42:23.099000,4.99,4.98,4.99,1791800.0
2018-01-26 10:42:26.047000,4.99,4.98,4.99,1791800.0
2018-01-26 10:42:28.939000,4.99,4.98,4.99,1791800.0
2018-01-26 10:42:32.059000,4.99,4.98,4.99,1791800.0
2018-01-26 10:42:35.137000,4.99,4.98,4.99,1791800.0
2018-01-26 10:42:38.240000,4.99,4.98,4.99,1791800.0
2018-01-26 10:42:41.173000,4.99,4.98,4.99,1791800.0
2018-01-26 10:42:44.191000,4.99,4.98,4.99,1791800.0
2018-01-26 10:42:47.324000,4.99,4.98,4.99,1791800.0
2018-01-26 10:42:50.305000,4.99,4.98,4.99,1791800.0
2018-01-26 10:42:53.163000,4.99,4.98,4.99,1791800.0
2018-01-26 10:42:56.063000,4.99,4.98,4.99,1791800.0
2018-01-26 10:42:59.092000,4.99,4.98,4.99,1791800.0
2018-01-26 10:43:01.916000,4.99,4.98,4.99,1791800.0
2018-01-26 10:43:04.835000,4.99,4.98,4.99,1791800.0
2018-01-26 10:43:07.731000,4.99,4.98,4.99,1791800.0
2018-01-26 10:43:10.759000,4.99,4.98,5.0,1791800.0
2018-01-26 10:43:13.650000,4.99,4.98,5.0,1791800.0
2018-01-26 10:43:16.524000,4.99,4.98,5.0,1791800.0
2018-01-26 10:43:20.130000,4.99,4.98,5.0,1791800.0
2018-01-26 10:43:23.242000,4.99,4.98,5.0,1791800.0
2018-01-26 10:43:26.332000,4.99,4.98,5.0,1791800.0
2018-01-26 10:43:29.373000,4.99,4.98,5.0,1791800.0
2018-01-26 10:43:32.523000,4.99,4.98,5.0,1791800.0
2018-01-26 10:43:35.348000,4.99,4.98,5.0,1791800.0
2018-01-26 10:43:38.535000,4.99,4.98,5.0,1791800.0
2018-01-26 10:43:41.640000,4.99,4.98,5.0,1791800.0
2018-01-26 10:43:44.524000,4.99,4.98,5.0,1791800.0
2018-01-26 10:43:47.478000,4.99,4.98,5.0,1791800.0
2018-01-26 10:43:50.330000,4.99,4.98,4.99,1791800.0
2018-01-26 10:43:53.336000,4.99,4.98,4.99,1791800.0
2018-01-26 10:43:56.361000,4.99,4.98,4.99,1791800.0
2018-01-26 10:43:59.236000,4.99,4.98,4.99,1791800.0
2018-01-26 10:44:02.338000,4.99,4.98,4.99,1791800.0
2018-01-26 10:44:05.697000,4.99,4.98,5.0,1791800.0
2018-01-26 10:44:08.679000,4.99,4.98,5.0,1791800.0
2018-01-26 10:44:11.781000,4.99,4.98,5.0,1791800.0
2018-01-26 10:44:15.101000,4.99,4.98,5.0,1791800.0
2018-01-26 10:44:17.978000,4.99,4.98,5.0,1791800.0
2018-01-26 10:44:21,4.99,4.98,5.0,1791800.0
2018-01-26 10:44:24.047000,4.99,4.98,5.0,1791800.0
2018-01-26 10:44:27.198000,4.99,4.98,5.0,1791800.0
2018-01-26 10:44:30.228000,4.99,4.98,5.0,1791800.0
2018-01-26 10:44:33.281000,4.99,4.98,5.0,1791800.0
2018-01-26 10:44:36.324000,4.99,4.98,5.0,1791800.0
2018-01-26 10:44:39.159000,4.99,4.98,5.0,1791800.0
2018-01-26 10:44:42.073000,4.99,4.98,5.0,1791800.0
2018-01-26 10:44:44.979000,4.99,4.98,5.0,1791800.0
2018-01-26 10:44:47.964000,4.99,4.98,5.0,1791800.0
2018-01-26 10:44:50.808000,4.99,4.98,5.0,1791800.0
2018-01-26 10:44:53.641000,4.99,4.98,5.0,1791800.0
2018-01-26 10:44:56.619000,4.99,4.98,5.0,1791800.0
2018-01-26 10:44:59.654000,4.99,4.98,5.0,1791800.0
2018-01-26 10:45:02.699000,4.99,4.98,5.0,1791800.0
2018-01-26 10:45:05.521000,4.99,4.98,5.0,1791800.0
2018-01-26 10:45:08.375000,4.99,4.98,5.0,1791800.0
2018-01-26 10:45:11.291000,4.99,4.98,5.0,1791800.0
2018-01-26 10:45:13.972000,4.99,4.98,4.99,1791800.0
2018-01-26 10:45:16.798000,5.0,4.98,5.0,1793800.0
2018-01-26 10:45:19.792000,5.0,4.98,5.0,1793800.0
2018-01-26 10:45:22.643000,5.0,4.98,5.0,1793800.0
2018-01-26 10:45:25.448000,,,,
2018-01-26 10:45:28.418000,5.0,4.98,5.0,1793800.0
2018-01-26 10:45:31.252000,5.0,4.98,5.0,1793800.0
2018-01-26 10:45:34.180000,5.0,4.98,5.0,1793800.0
2018-01-26 10:45:37.106000,5.0,4.98,5.0,1793800.0
2018-01-26 10:45:40.071000,5.0,4.98,5.0,1793800.0
2018-01-26 10:45:42.775000,5.0,4.98,5.0,1793800.0
2018-01-26 10:45:45.857000,5.0,4.98,5.0,1793800.0
2018-01-26 10:45:48.637000,5.0,4.98,5.0,1793800.0
2018-01-26 10:45:51.528000,5.0,4.98,5.0,1793800.0
2018-01-26 10:45:54.383000,5.0,4.98,5.0,1793800.0
2018-01-26 10:45:57.369000,5.0,4.98,5.0,1793800.0
2018-01-26 10:46:00.272000,5.0,4.98,5.0,1793800.0
2018-01-26 10:46:03.013000,5.0,4.98,5.0,1793800.0
2018-01-26 10:46:05.888000,5.0,4.98,5.0,1793800.0
2018-01-26 10:46:08.934000,5.0,4.98,5.0,1793800.0
2018-01-26 10:46:11.767000,5.0,4.98,5.0,1793800.0
2018-01-26 10:46:14.865000,5.0,4.98,5.0,1793800.0
2018-01-26 10:46:18.107000,5.0,4.98,5.0,1793800.0
2018-01-26 10:46:21.120000,5.0,4.98,5.0,1793800.0
2018-01-26 10:46:24.180000,5.0,4.98,5.0,1793800.0
2018-01-26 10:46:27.256000,5.0,4.98,5.0,1793800.0
2018-01-26 10:46:30.357000,5.0,4.98,5.0,1793800.0
2018-01-26 10:46:33.379000,5.0,4.98,5.0,1793800.0
2018-01-26 10:46:36.402000,5.0,4.98,5.0,1793800.0
2018-01-26 10:46:39.555000,5.0,4.98,5.0,1793800.0
2018-01-26 10:46:42.583000,5.0,4.98,5.0,1793800.0
2018-01-26 10:46:45.436000,5.0,4.98,5.0,1793800.0
2018-01-26 10:46:48.320000,5.0,4.98,5.0,1793800.0
2018-01-26 10:46:51.530000,5.0,4.98,5.0,1793800.0
2018-01-26 10:46:54.437000,5.0,4.98,5.0,1793800.0
2018-01-26 10:46:57.327000,5.0,4.98,5.0,1793800.0
2018-01-26 10:47:00.410000,5.0,4.98,5.0,1793800.0
2018-01-26 10:47:03.422000,5.0,4.98,5.0,1793800.0
2018-01-26 10:47:06.404000,5.0,4.98,5.0,1793800.0
2018-01-26 10:47:09.425000,5.0,4.98,5.0,1793800.0
2018-01-26 10:47:12.675000,5.0,4.98,5.0,1793800.0
2018-01-26 10:47:15.621000,5.0,4.98,5.0,1793800.0
2018-01-26 10:47:18.749000,5.0,4.98,5.0,1793800.0
2018-01-26 10:47:21.825000,5.0,4.98,5.0,1793800.0
2018-01-26 10:47:24.734000,5.0,4.98,5.0,1793800.0
2018-01-26 10:47:27.767000,5.0,4.98,5.0,1793800.0
2018-01-26 10:47:31.043000,5.0,4.98,5.0,1793800.0
2018-01-26 10:47:34.208000,5.0,4.98,5.0,1793800.0
2018-01-26 10:47:37.391000,5.0,4.98,5.0,1793800.0
2018-01-26 10:47:40.637000,5.0,4.98,5.0,1793800.0
2018-01-26 10:47:44.084000,5.0,4.98,5.0,1793800.0
2018-01-26 10:47:47.149000,5.0,4.98,5.0,1793800.0
2018-01-26 10:47:50.264000,5.0,4.98,5.0,1793800.0
2018-01-26 10:47:53.209000,5.0,4.98,5.0,1793800.0
2018-01-26 10:47:56.180000,5.0,4.98,5.0,1793800.0
2018-01-26 10:47:59.034000,5.0,4.98,5.0,1793800.0
2018-01-26 10:48:02.039000,5.0,4.98,5.0,1793800.0
2018-01-26 10:48:04.947000,5.0,4.98,5.0,1793800.0
2018-01-26 10:48:07.773000,5.0,4.98,5.0,1793800.0
2018-01-26 10:48:10.779000,5.0,4.98,5.0,1793800.0
2018-01-26 10:48:13.962000,5.0,4.98,5.0,1793800.0
2018-01-26 10:48:16.977000,5.0,4.98,5.0,1793800.0
2018-01-26 10:48:20.174000,5.0,4.98,5.0,1793800.0
2018-01-26 10:48:23.802000,5.0,4.98,5.0,1793800.0
2018-01-26 10:48:27.070000,5.0,4.98,5.0,1793800.0
2018-01-26 10:48:30.177000,5.0,4.98,5.0,1793800.0
2018-01-26 10:48:33.173000,5.0,4.98,5.0,1793800.0
2018-01-26 10:48:36.202000,5.0,4.98,5.0,1793800.0
2018-01-26 10:48:39.056000,5.0,4.98,5.0,1793800.0
2018-01-26 10:48:42.251000,5.0,4.98,5.0,1793800.0
2018-01-26 10:48:45.312000,5.0,4.98,5.0,1793800.0
2018-01-26 10:48:48.357000,5.0,4.98,5.0,1793800.0
2018-01-26 10:48:51.127000,5.0,4.98,5.0,1793800.0
2018-01-26 10:48:54.250000,5.0,4.98,5.0,1793800.0
2018-01-26 10:48:57.207000,5.0,4.98,5.0,1793800.0
2018-01-26 10:48:59.866000,5.0,4.98,5.0,1793800.0
2018-01-26 10:49:02.803000,5.0,4.98,5.0,1793800.0
2018-01-26 10:49:05.876000,5.0,4.98,5.0,1793800.0
2018-01-26 10:49:09.231000,5.0,4.98,5.0,1793800.0
2018-01-26 10:49:12.350000,5.0,4.98,5.0,1793800.0
2018-01-26 10:49:15.454000,5.0,4.98,5.0,1793800.0
2018-01-26 10:49:18.378000,5.0,4.98,5.0,1793800.0
2018-01-26 10:49:21.333000,5.0,4.98,5.0,1793800.0
2018-01-26 10:49:24.154000,5.0,4.98,5.0,1793800.0
2018-01-26 10:49:26.897000,5.0,4.98,5.0,1793800.0
2018-01-26 10:49:29.787000,5.0,4.98,5.0,1793800.0
2018-01-26 10:49:32.720000,5.0,4.98,5.0,1793800.0
2018-01-26 10:49:35.750000,4.98,4.98,4.99,1806300.0
2018-01-26 10:49:38.738000,4.98,4.98,4.99,1806300.0
2018-01-26 10:49:41.492000,4.98,4.98,4.99,1806300.0
2018-01-26 10:49:44.664000,4.98,4.98,4.99,1806300.0
2018-01-26 10:49:47.585000,4.98,4.98,4.99,1806300.0
2018-01-26 10:49:50.517000,4.98,4.98,4.99,1806300.0
2018-01-26 10:49:53.593000,4.98,4.98,4.99,1806300.0
2018-01-26 10:49:56.848000,4.98,4.98,4.99,1806300.0
2018-01-26 10:49:59.972000,4.98,4.98,4.99,1806300.0
2018-01-26 10:50:03.079000,4.98,4.98,4.99,1806300.0
2018-01-26 10:50:06.266000,4.98,4.98,4.99,1806300.0
2018-01-26 10:50:09.599000,4.98,4.98,4.99,1806300.0
2018-01-26 10:50:12.652000,4.98,4.98,4.99,1806300.0
2018-01-26 10:50:15.750000,4.98,4.98,4.99,1806300.0
2018-01-26 10:50:20.564000,4.98,4.98,4.99,1806300.0
2018-01-26 10:50:23.889000,4.98,4.98,4.99,1806300.0
2018-01-26 10:50:26.754000,4.98,4.98,4.99,1806300.0
2018-01-26 10:50:30.098000,4.98,4.98,4.99,1806300.0
2018-01-26 10:50:33.176000,4.98,4.98,4.99,1806300.0
2018-01-26 10:50:36.222000,4.98,4.98,4.99,1806300.0
2018-01-26 10:50:39.333000,4.98,4.98,4.99,1806300.0
2018-01-26 10:50:42.127000,4.98,4.98,4.99,1806300.0
2018-01-26 10:50:45.021000,4.98,4.98,4.99,1806300.0
2018-01-26 10:50:47.989000,4.98,4.98,4.99,1806300.0
2018-01-26 10:50:50.832000,4.98,4.98,4.99,1806300.0
2018-01-26 10:50:53.943000,4.98,4.98,4.99,1806300.0
2018-01-26 10:50:57.211000,4.98,4.98,4.99,1806300.0
2018-01-26 10:51:00.087000,4.98,4.98,4.99,1806300.0
2018-01-26 10:51:03.192000,4.98,4.98,4.99,1806300.0
2018-01-26 10:51:06.175000,4.98,4.98,4.99,1806300.0
2018-01-26 10:51:09.021000,4.98,4.98,4.99,1806300.0
2018-01-26 10:51:12.083000,4.98,4.98,4.99,1806300.0
2018-01-26 10:51:15.026000,4.98,4.98,4.99,1806300.0
2018-01-26 10:51:18.115000,4.98,4.98,4.99,1806300.0
2018-01-26 10:51:21.114000,4.98,4.98,4.99,1806300.0
2018-01-26 10:51:24.108000,4.98,4.98,4.99,1806300.0
2018-01-26 10:51:27.115000,4.98,4.98,4.99,1806300.0
2018-01-26 10:51:30.184000,4.98,4.98,4.99,1806300.0
2018-01-26 10:51:33.178000,4.98,4.98,4.99,1806300.0
2018-01-26 10:51:36.302000,4.98,4.98,4.99,1806300.0
2018-01-26 10:51:39.476000,4.98,4.98,4.99,1806300.0
2018-01-26 10:51:42.807000,4.98,4.98,4.99,1806300.0
2018-01-26 10:51:45.832000,4.99,4.98,4.99,1828300.0
2018-01-26 10:51:48.809000,4.99,4.98,4.99,1828300.0
2018-01-26 10:51:51.708000,4.99,4.98,4.99,1828300.0
2018-01-26 10:51:54.730000,4.99,4.98,4.99,1828300.0
2018-01-26 10:51:57.484000,4.99,4.98,4.99,1828300.0
2018-01-26 10:52:00.505000,4.99,4.98,4.99,1828300.0
2018-01-26 10:52:03.303000,4.99,4.98,4.99,1828300.0
2018-01-26 10:52:06.296000,4.99,4.98,4.99,1828300.0
2018-01-26 10:52:09.331000,4.99,4.98,4.99,1828300.0
2018-01-26 10:52:12.574000,4.99,4.98,4.99,1828300.0
2018-01-26 10:52:15.347000,4.99,4.98,4.99,1828300.0
2018-01-26 10:52:18.302000,4.99,4.98,4.99,1828300.0
2018-01-26 10:52:21.442000,4.99,4.98,4.99,1828300.0
2018-01-26 10:52:24.371000,4.99,4.98,4.99,1828300.0
2018-01-26 10:52:27.273000,4.99,4.98,4.99,1828300.0
2018-01-26 10:52:30.193000,4.99,4.98,4.99,1828300.0
2018-01-26 10:52:33.289000,4.99,4.98,4.99,1828300.0
2018-01-26 10:52:36.021000,4.99,4.98,4.99,1828300.0
2018-01-26 10:52:39.084000,4.99,4.98,4.99,1828300.0
2018-01-26 10:52:42.257000,4.99,4.98,4.99,1828300.0
2018-01-26 10:52:45.739000,4.99,4.98,4.99,1828300.0
2018-01-26 10:52:48.719000,4.99,4.98,4.99,1828300.0
2018-01-26 10:52:51.696000,4.99,4.98,4.99,1828300.0
2018-01-26 10:52:54.659000,4.99,4.98,4.99,1828300.0
2018-01-26 10:52:57.774000,4.99,4.98,4.99,1828300.0
2018-01-26 10:53:00.755000,4.99,4.98,4.99,1828300.0
2018-01-26 10:53:03.693000,4.99,4.98,4.99,1828300.0
2018-01-26 10:53:06.866000,4.99,4.98,4.99,1828300.0
2018-01-26 10:53:09.838000,4.99,4.98,4.99,1828300.0
2018-01-26 10:53:12.751000,4.99,4.98,4.99,1828300.0
2018-01-26 10:53:15.898000,4.99,4.98,4.99,1828300.0
2018-01-26 10:53:19.195000,4.99,4.98,4.99,1828300.0
2018-01-26 10:53:22.283000,4.99,4.98,4.99,1828300.0
2018-01-26 10:53:25.150000,4.99,4.98,4.99,1828300.0
2018-01-26 10:53:28.074000,4.99,4.98,4.99,1828300.0
2018-01-26 10:53:30.989000,4.99,4.98,4.99,1828300.0
2018-01-26 10:53:34.109000,4.99,4.98,4.99,1828300.0
2018-01-26 10:53:37.134000,4.99,4.98,4.99,1828300.0
2018-01-26 10:53:40.056000,4.98,4.98,4.99,1840700.0
2018-01-26 10:53:42.994000,4.98,4.98,4.99,1840700.0
2018-01-26 10:53:45.804000,4.98,4.98,4.99,1840700.0
2018-01-26 10:53:48.604000,4.98,4.98,4.99,1840700.0
2018-01-26 10:53:51.774000,4.98,4.98,4.99,1840700.0
2018-01-26 10:53:55.038000,4.98,4.98,4.99,1840700.0
2018-01-26 10:53:57.982000,4.98,4.98,4.99,1840700.0
2018-01-26 10:54:00.929000,4.98,4.98,4.99,1840700.0
2018-01-26 10:54:03.970000,4.98,4.98,4.99,1840700.0
2018-01-26 10:54:07.116000,4.98,4.98,4.99,1840700.0
2018-01-26 10:54:10.077000,4.98,4.98,4.99,1840700.0
2018-01-26 10:54:12.980000,4.98,4.98,4.99,1840700.0
2018-01-26 10:54:16.053000,4.98,4.98,4.99,1840700.0
2018-01-26 10:54:19.039000,4.98,4.98,4.99,1840700.0
2018-01-26 10:54:21.900000,4.98,4.98,4.99,1840700.0
2018-01-26 10:54:24.977000,4.98,4.98,4.99,1840700.0
2018-01-26 10:54:27.891000,4.98,4.98,4.99,1840700.0
2018-01-26 10:54:31.102000,4.98,4.98,4.99,1840700.0
2018-01-26 10:54:34.058000,4.98,4.98,4.99,1840700.0
2018-01-26 10:54:37.026000,4.98,4.98,4.99,1840700.0
2018-01-26 10:54:40.093000,4.98,4.98,4.99,1840700.0
2018-01-26 10:54:43.154000,4.98,4.98,4.99,1840700.0
2018-01-26 10:54:46.154000,4.98,4.98,4.99,1840700.0
2018-01-26 10:54:49.173000,4.98,4.98,4.99,1840700.0
2018-01-26 10:54:51.989000,4.98,4.98,4.99,1840700.0
2018-01-26 10:54:55.055000,4.98,4.98,4.99,1840700.0
2018-01-26 10:54:58.050000,4.98,4.98,4.99,1840700.0
2018-01-26 10:55:00.984000,4.98,4.98,4.99,1840700.0
2018-01-26 10:55:04.059000,4.98,4.98,4.99,1840700.0
2018-01-26 10:55:06.933000,4.98,4.98,4.99,1840700.0
2018-01-26 10:55:09.793000,4.98,4.98,4.99,1840700.0
2018-01-26 10:55:12.855000,4.98,4.98,4.99,1840700.0
2018-01-26 10:55:15.820000,4.98,4.98,4.99,1840700.0
2018-01-26 10:55:18.980000,4.98,4.98,4.99,1840700.0
2018-01-26 10:55:21.868000,4.98,4.98,4.99,1840700.0
2018-01-26 10:55:24.730000,4.98,4.98,4.99,1840700.0
2018-01-26 10:55:27.700000,4.98,4.98,4.99,1978300.0
2018-01-26 10:55:30.704000,4.98,4.98,4.99,1978300.0
2018-01-26 10:55:33.637000,4.98,4.98,4.99,1978300.0
2018-01-26 10:55:36.747000,4.98,4.98,4.99,1978300.0
2018-01-26 10:55:39.644000,4.98,4.98,4.99,1978300.0
2018-01-26 10:55:42.453000,4.98,4.98,4.99,1978300.0
2018-01-26 10:55:45.553000,4.98,4.98,4.99,1978300.0
2018-01-26 10:55:48.441000,4.98,4.98,4.99,1978300.0
2018-01-26 10:55:51.308000,4.98,4.98,4.99,1978300.0
2018-01-26 10:55:54.188000,4.98,4.98,4.99,1978300.0
2018-01-26 10:55:57.210000,4.98,4.98,4.99,1978300.0
2018-01-26 10:56:00.494000,4.98,4.98,4.99,1978300.0
2018-01-26 10:56:03.341000,4.98,4.98,4.99,1978300.0
2018-01-26 10:56:06.089000,4.98,4.98,4.99,1978300.0
2018-01-26 10:56:09.453000,4.98,4.98,4.99,1978300.0
2018-01-26 10:56:12.214000,4.98,4.98,4.99,1978300.0
2018-01-26 10:56:15.130000,4.98,4.98,4.99,1978300.0
2018-01-26 10:56:18.098000,4.98,4.98,4.99,1978300.0
2018-01-26 10:56:21.121000,4.98,4.98,4.99,1978300.0
2018-01-26 10:56:24.098000,4.98,4.98,4.99,1978300.0
2018-01-26 10:56:27.154000,4.98,4.98,4.99,1978300.0
2018-01-26 10:56:30.358000,4.98,4.98,4.99,1978300.0
2018-01-26 10:56:33.176000,4.98,4.98,4.99,1978300.0
2018-01-26 10:56:36.261000,4.98,4.98,4.99,1978300.0
2018-01-26 10:56:39.240000,4.98,4.98,4.99,1978300.0
2018-01-26 10:56:42.172000,4.98,4.98,4.99,1978300.0
2018-01-26 10:56:44.887000,4.98,4.98,4.99,1978300.0
2018-01-26 10:56:47.937000,4.98,4.98,4.99,1978300.0
2018-01-26 10:56:51.009000,4.98,4.98,4.99,1978300.0
2018-01-26 10:56:54.044000,4.98,4.98,4.99,1978300.0
2018-01-26 10:56:57.083000,4.98,4.98,4.99,1978300.0
2018-01-26 10:57:00.091000,4.98,4.98,4.99,1978300.0
2018-01-26 10:57:02.953000,4.98,4.98,4.99,1978300.0
2018-01-26 10:57:05.963000,4.98,4.98,4.99,1978300.0
2018-01-26 10:57:08.913000,4.98,4.98,4.99,1978300.0
2018-01-26 10:57:12.011000,4.98,4.98,4.99,1978300.0
2018-01-26 10:57:14.880000,4.98,4.98,4.99,1978300.0
2018-01-26 10:57:17.793000,4.98,4.98,4.99,1978300.0
2018-01-26 10:57:21.151000,4.98,4.98,4.99,1978300.0
2018-01-26 10:57:24.013000,4.98,4.98,4.99,1978300.0
2018-01-26 10:57:27.110000,4.98,4.98,4.99,1978300.0
2018-01-26 10:57:30.091000,4.98,4.98,4.99,1978300.0
2018-01-26 10:57:33.123000,4.98,4.98,4.99,1978300.0
2018-01-26 10:57:36.607000,4.98,4.98,4.99,1978300.0
2018-01-26 10:57:39.600000,4.98,4.98,4.99,1978300.0
2018-01-26 10:57:42.717000,4.98,4.98,4.99,1978300.0
2018-01-26 10:57:45.568000,4.98,4.98,4.99,1978300.0
2018-01-26 10:57:48.554000,4.98,4.98,4.99,1978300.0
2018-01-26 10:57:51.546000,4.98,4.98,4.99,1978300.0
2018-01-26 10:57:54.595000,4.98,4.98,4.99,1978300.0
2018-01-26 10:57:57.422000,4.98,4.98,4.99,1978300.0
2018-01-26 10:58:00.289000,4.98,4.98,4.99,1978300.0
2018-01-26 10:58:03.171000,4.98,4.98,4.99,1978300.0
2018-01-26 10:58:06.184000,4.98,4.98,4.99,1978300.0
2018-01-26 10:58:09.154000,4.98,4.98,4.99,1978300.0
2018-01-26 10:58:12.451000,4.98,4.98,4.99,1978300.0
2018-01-26 10:58:15.400000,4.98,4.98,4.99,1978300.0
2018-01-26 10:58:18.397000,4.98,4.98,4.99,1978300.0
2018-01-26 10:58:20.918000,4.98,4.98,4.99,1978300.0
2018-01-26 10:58:23.890000,4.98,4.98,4.99,1978300.0
2018-01-26 10:58:26.751000,4.98,4.98,4.99,1978300.0
2018-01-26 10:58:29.314000,4.98,4.98,4.99,1978300.0
2018-01-26 10:58:32.343000,4.98,4.98,4.99,1978300.0
2018-01-26 10:58:34.984000,4.98,4.98,4.99,1978300.0
2018-01-26 10:58:37.555000,4.98,4.98,4.99,1978300.0
2018-01-26 10:58:40.050000,4.98,4.98,4.99,1978300.0
2018-01-26 10:58:42.671000,4.98,4.98,4.99,1978300.0
2018-01-26 10:58:45.459000,4.98,4.98,4.99,1978300.0
2018-01-26 10:58:48.220000,4.98,4.98,4.99,2036300.0
2018-01-26 10:58:50.940000,4.98,4.98,4.99,2036300.0
2018-01-26 10:58:53.678000,4.98,4.98,4.99,2036300.0
2018-01-26 10:58:56.436000,4.98,4.98,4.99,2036300.0
2018-01-26 10:58:59.082000,4.98,4.98,4.99,2036300.0
2018-01-26 10:59:01.706000,4.98,4.98,4.99,2036300.0
2018-01-26 10:59:04.292000,4.98,4.98,4.99,2036300.0
2018-01-26 10:59:06.872000,4.98,4.98,4.99,2036300.0
2018-01-26 10:59:09.514000,4.98,4.98,4.99,2036300.0
2018-01-26 10:59:12.095000,4.98,4.98,4.99,2036300.0
2018-01-26 10:59:14.988000,4.98,4.98,4.99,2036300.0
2018-01-26 10:59:17.499000,4.98,4.98,4.99,2036300.0
2018-01-26 10:59:20.375000,4.98,4.98,4.99,2036300.0
2018-01-26 10:59:22.875000,4.98,4.98,4.99,2036300.0
2018-01-26 10:59:25.925000,4.98,4.98,4.99,2036300.0
2018-01-26 10:59:28.594000,4.98,4.98,4.99,2036300.0
2018-01-26 10:59:31.203000,4.98,4.98,4.99,2036300.0
2018-01-26 10:59:33.945000,4.98,4.98,4.99,2036300.0
2018-01-26 10:59:36.592000,4.98,4.98,4.99,2036300.0
2018-01-26 10:59:39.425000,4.98,4.98,4.99,2036300.0
2018-01-26 10:59:42.139000,4.98,4.98,4.99,2036300.0
2018-01-26 10:59:44.858000,4.98,4.98,4.99,2036300.0
2018-01-26 10:59:47.511000,4.98,4.98,4.99,2036300.0
2018-01-26 10:59:50.208000,4.98,4.98,4.99,2036300.0
2018-01-26 10:59:53.060000,4.98,4.98,4.99,2036300.0
2018-01-26 10:59:55.724000,4.98,4.98,4.99,2036300.0
2018-01-26 11:00:11.058000,4.98,4.98,4.99,2036300.0
2018-01-26 11:00:13.815000,4.98,4.98,4.99,2036300.0
2018-01-26 11:00:16.390000,4.98,4.98,4.99,2036300.0
2018-01-26 11:00:19.099000,4.98,4.98,4.99,2036300.0
2018-01-26 11:00:21.623000,4.98,4.98,4.99,2036300.0
2018-01-26 11:00:24.472000,4.98,4.98,4.99,2036300.0
2018-01-26 11:00:27.423000,4.98,4.98,4.99,2036300.0
2018-01-26 11:00:29.963000,4.98,4.98,4.99,2036300.0
2018-01-26 11:00:32.564000,4.98,4.98,4.99,2036300.0
2018-01-26 11:00:35.100000,4.98,4.98,4.99,2036300.0
2018-01-26 11:00:37.751000,4.98,4.98,4.99,2036300.0
2018-01-26 11:00:40.232000,4.98,4.98,4.99,2036300.0
2018-01-26 11:00:42.906000,4.98,4.98,4.99,2036300.0
2018-01-26 11:00:45.471000,4.98,4.98,4.99,2036300.0
2018-01-26 11:00:48.189000,4.98,4.98,4.99,2036300.0
2018-01-26 11:00:51.130000,4.98,4.98,4.99,2036300.0
2018-01-26 11:00:53.824000,4.98,4.98,4.99,2036300.0
2018-01-26 11:00:56.469000,4.98,4.98,4.99,2036300.0
2018-01-26 11:00:59.131000,4.98,4.98,4.99,2036300.0
2018-01-26 11:01:01.718000,4.98,4.98,4.99,2036300.0
2018-01-26 11:01:04.655000,4.98,4.98,4.99,2040300.0
2018-01-26 11:01:07.207000,4.98,4.98,4.99,2040300.0
2018-01-26 11:01:09.844000,4.98,4.98,4.99,2040300.0
2018-01-26 11:01:12.304000,4.98,4.98,4.99,2040300.0
2018-01-26 11:01:14.813000,4.98,4.98,4.99,2040300.0
2018-01-26 11:01:17.430000,4.98,4.98,4.99,2040300.0
2018-01-26 11:01:19.774000,4.98,4.98,4.99,2040300.0
2018-01-26 11:01:22.830000,4.98,4.98,4.99,2040300.0
2018-01-26 11:01:25.379000,4.98,4.98,4.99,2040300.0
2018-01-26 11:01:28.422000,4.98,4.98,4.99,2040300.0
2018-01-26 11:01:31.078000,4.98,4.98,4.99,2040300.0
2018-01-26 11:01:33.723000,4.98,4.98,4.99,2040300.0
2018-01-26 11:01:36.336000,4.98,4.98,4.99,2040300.0
2018-01-26 11:01:39.276000,4.98,4.97,4.99,2317400.0
2018-01-26 11:01:41.971000,4.98,4.97,4.99,2317400.0
2018-01-26 11:01:44.568000,4.98,4.97,4.99,2317400.0
2018-01-26 11:01:47.330000,4.98,4.97,4.99,2317400.0
2018-01-26 11:01:49.812000,4.98,4.97,4.99,2317400.0
2018-01-26 11:01:52.693000,4.98,4.97,4.99,2317400.0
2018-01-26 11:01:55.537000,4.98,4.97,4.99,2317400.0
2018-01-26 11:01:58.145000,4.98,4.97,4.99,2317400.0
2018-01-26 11:02:00.737000,4.98,4.97,4.99,2317400.0
2018-01-26 11:02:03.248000,4.98,4.97,4.99,2317400.0
2018-01-26 11:02:05.758000,4.98,4.97,4.99,2317400.0
2018-01-26 11:02:08.476000,4.98,4.97,4.99,2317400.0
2018-01-26 11:02:11.178000,4.98,4.97,4.99,2317400.0
2018-01-26 11:02:14.045000,4.98,4.97,4.99,2317400.0
2018-01-26 11:02:16.752000,4.98,4.97,4.99,2317400.0
2018-01-26 11:02:19.335000,4.98,4.97,4.99,2317400.0
2018-01-26 11:02:21.971000,4.98,4.97,4.99,2317400.0
2018-01-26 11:02:24.605000,4.98,4.97,4.99,2317400.0
2018-01-26 11:02:27.097000,4.98,4.97,4.99,2317400.0
2018-01-26 11:02:29.896000,4.98,4.97,4.99,2317400.0
2018-01-26 11:02:32.739000,4.98,4.97,4.99,2317400.0
2018-01-26 11:02:35.318000,4.98,4.97,4.99,2317400.0
2018-01-26 11:02:37.846000,4.98,4.97,4.99,2317400.0
2018-01-26 11:02:40.225000,4.98,4.97,4.99,2317400.0
2018-01-26 11:02:43.036000,4.98,4.97,4.99,2317400.0
2018-01-26 11:02:45.913000,4.98,4.97,4.99,2317400.0
2018-01-26 11:02:48.647000,4.98,4.97,4.99,2317400.0
2018-01-26 11:02:51.299000,4.98,4.97,4.99,2317400.0
2018-01-26 11:02:53.904000,4.98,4.97,4.99,2317400.0
2018-01-26 11:02:56.581000,4.98,4.97,4.99,2317400.0
2018-01-26 11:02:59.163000,4.98,4.97,4.99,2317400.0
2018-01-26 11:03:01.877000,4.98,4.97,4.99,2317400.0
2018-01-26 11:03:04.558000,4.98,4.97,4.99,2317400.0
2018-01-26 11:03:07.867000,4.98,4.97,4.99,2317400.0
2018-01-26 11:03:11.318000,4.98,4.97,4.99,2317400.0
2018-01-26 11:03:14.909000,4.98,4.97,4.99,2317400.0
2018-01-26 11:03:18.300000,4.98,4.97,4.99,2317400.0
2018-01-26 11:03:21.597000,4.98,4.97,4.99,2317400.0
2018-01-26 11:03:24.991000,4.98,4.97,4.99,2317400.0
2018-01-26 11:03:28.051000,4.98,4.97,4.99,2317400.0
2018-01-26 11:03:31.174000,4.98,4.97,4.99,2317400.0
2018-01-26 11:03:34.609000,4.98,4.97,4.99,2317400.0
2018-01-26 11:03:37.959000,4.98,4.97,4.99,2317400.0
2018-01-26 11:03:41.387000,4.98,4.97,4.99,2317400.0
2018-01-26 11:03:44.804000,4.98,4.97,4.99,2317400.0
2018-01-26 11:03:47.942000,4.98,4.97,4.99,2317400.0
2018-01-26 11:03:51.015000,4.98,4.97,4.99,2317400.0
2018-01-26 11:03:54.140000,4.98,4.97,4.99,2317400.0
2018-01-26 11:03:57.554000,4.98,4.97,4.99,2317400.0
2018-01-26 11:04:00.821000,4.98,4.97,4.99,2317400.0
2018-01-26 11:04:03.945000,4.98,4.97,4.99,2317400.0
2018-01-26 11:04:07.083000,4.98,4.97,4.99,2317400.0
2018-01-26 11:04:10.180000,4.98,4.97,4.99,2317400.0
2018-01-26 11:04:13.633000,4.98,4.97,4.99,2317400.0
2018-01-26 11:04:16.756000,4.98,4.97,4.99,2317400.0
2018-01-26 11:04:19.897000,4.98,4.97,4.99,2317400.0
2018-01-26 11:04:23.169000,4.98,4.97,4.99,2317400.0
2018-01-26 11:04:26.615000,4.98,4.97,4.99,2317400.0
2018-01-26 11:04:29.899000,4.98,4.97,4.99,2317400.0
2018-01-26 11:04:33.263000,4.98,4.97,4.99,2317400.0
2018-01-26 11:04:36.786000,4.98,4.97,4.99,2317400.0
2018-01-26 11:04:40.042000,4.98,4.97,4.99,2317400.0
2018-01-26 11:04:43.125000,4.98,4.97,4.99,2317400.0
2018-01-26 11:04:46.501000,4.98,4.97,4.99,2317400.0
2018-01-26 11:04:49.640000,4.98,4.97,4.99,2317400.0
2018-01-26 11:04:52.963000,4.98,4.97,4.99,2317400.0
2018-01-26 11:04:56.328000,4.98,4.97,4.99,2317400.0
2018-01-26 11:04:59.494000,4.98,4.97,4.99,2317400.0
2018-01-26 11:05:02.743000,4.98,4.97,4.99,2317400.0
2018-01-26 11:05:06.072000,4.98,4.97,4.99,2317400.0
2018-01-26 11:05:09.341000,4.98,4.97,4.99,2317400.0
2018-01-26 11:05:12.430000,4.98,4.97,4.99,2317400.0
2018-01-26 11:05:15.541000,4.98,4.97,4.99,2317400.0
2018-01-26 11:05:18.897000,4.98,4.97,4.99,2317400.0
2018-01-26 11:05:22.069000,4.98,4.97,4.99,2317400.0
2018-01-26 11:05:25.109000,4.98,4.97,4.99,2317400.0
2018-01-26 11:05:28.339000,4.98,4.97,4.99,2317400.0
2018-01-26 11:05:31.489000,4.98,4.97,4.99,2317400.0
2018-01-26 11:05:34.971000,4.98,4.97,4.99,2317400.0
2018-01-26 11:05:38.338000,4.98,4.97,4.99,2317400.0
2018-01-26 11:05:41.509000,4.98,4.97,4.99,2317400.0
2018-01-26 11:05:44.721000,4.98,4.97,4.99,2317400.0
2018-01-26 11:05:48.077000,4.98,4.97,4.99,2317400.0
2018-01-26 11:05:51.291000,4.98,4.97,4.99,2317400.0
2018-01-26 11:05:54.640000,4.98,4.97,4.99,2317400.0
2018-01-26 11:05:58.133000,4.98,4.97,4.99,2317400.0
2018-01-26 11:06:01.152000,4.98,4.97,4.99,2317400.0
2018-01-26 11:06:04.354000,4.98,4.97,4.99,2317400.0
2018-01-26 11:06:07.519000,4.98,4.97,4.99,2317400.0
2018-01-26 11:06:10.924000,4.98,4.97,4.99,2317400.0
2018-01-26 11:06:14.308000,4.98,4.97,4.99,2317400.0
2018-01-26 11:06:17.328000,4.98,4.97,4.99,2317400.0
2018-01-26 11:06:20.475000,4.98,4.97,4.99,2317400.0
2018-01-26 11:06:23.833000,4.98,4.97,4.99,2317400.0
2018-01-26 11:06:27.024000,4.98,4.97,4.99,2317400.0
2018-01-26 11:06:30.350000,4.98,4.97,4.99,2317400.0
2018-01-26 11:06:33.549000,4.98,4.98,4.99,2337400.0
2018-01-26 11:06:36.574000,4.98,4.98,4.99,2337400.0
2018-01-26 11:06:39.949000,4.98,4.98,4.99,2337400.0
2018-01-26 11:06:43.230000,4.98,4.98,4.99,2337400.0
2018-01-26 11:06:46.561000,4.98,4.98,4.99,2337400.0
2018-01-26 11:06:49.570000,4.98,4.98,4.99,2337400.0
2018-01-26 11:06:52.588000,4.98,4.98,4.99,2337400.0
2018-01-26 11:06:55.857000,4.98,4.98,4.99,2337400.0
2018-01-26 11:06:59.109000,4.98,4.98,4.99,2337400.0
2018-01-26 11:07:02.289000,4.98,4.98,4.99,2337400.0
2018-01-26 11:07:05.473000,4.98,4.98,4.99,2337400.0
2018-01-26 11:07:08.763000,4.98,4.98,4.99,2337400.0
2018-01-26 11:07:11.978000,4.98,4.98,4.99,2337400.0
2018-01-26 11:07:15.172000,4.98,4.98,4.99,2337400.0
2018-01-26 11:07:18.313000,4.98,4.98,4.99,2337400.0
2018-01-26 11:07:21.389000,4.98,4.98,4.99,2337400.0
2018-01-26 11:07:24.600000,4.98,4.98,4.99,2337400.0
2018-01-26 11:07:27.603000,4.98,4.98,4.99,2337400.0
2018-01-26 11:07:30.906000,4.98,4.98,4.99,2337400.0
2018-01-26 11:07:34.140000,4.98,4.98,4.99,2337400.0
2018-01-26 11:07:37.246000,4.98,4.98,4.99,2337400.0
2018-01-26 11:07:40.477000,4.98,4.98,4.99,2337400.0
2018-01-26 11:07:43.514000,4.98,4.98,4.99,2337400.0
2018-01-26 11:07:46.963000,4.98,4.98,4.99,2337400.0
2018-01-26 11:07:50.104000,4.98,4.98,4.99,2337400.0
2018-01-26 11:07:53.433000,4.98,4.98,4.99,2337400.0
2018-01-26 11:07:56.732000,4.98,4.98,4.99,2337400.0
2018-01-26 11:08:00.069000,4.98,4.98,4.99,2337400.0
2018-01-26 11:08:03.160000,4.98,4.98,4.99,2337400.0
2018-01-26 11:08:06.296000,4.98,4.98,4.99,2337400.0
2018-01-26 11:08:09.389000,4.98,4.98,4.99,2337400.0
2018-01-26 11:08:12.479000,4.98,4.98,4.99,2337400.0
2018-01-26 11:08:15.835000,4.98,4.98,4.99,2337400.0
2018-01-26 11:08:19.035000,4.98,4.98,4.99,2337400.0
2018-01-26 11:08:22.261000,4.98,4.98,4.99,2337400.0
2018-01-26 11:08:25.516000,4.98,4.98,4.99,2337400.0
2018-01-26 11:08:28.830000,4.98,4.98,4.99,2337400.0
2018-01-26 11:08:32.327000,4.98,4.98,4.99,2337400.0
2018-01-26 11:08:36.174000,4.98,4.98,4.99,2337400.0
2018-01-26 11:08:39.605000,4.98,4.98,4.99,2337400.0
2018-01-26 11:08:42.826000,4.98,4.98,4.99,2337400.0
2018-01-26 11:08:45.920000,4.98,4.98,4.99,2337400.0
2018-01-26 11:08:49.062000,4.98,4.98,4.99,2337400.0
2018-01-26 11:08:52.169000,4.98,4.98,4.99,2337400.0
2018-01-26 11:08:55.531000,4.98,4.98,4.99,2337400.0
2018-01-26 11:08:58.646000,4.98,4.98,4.99,2337400.0
2018-01-26 11:09:02.095000,4.98,4.98,4.99,2337400.0
2018-01-26 11:09:05.158000,4.98,4.98,4.99,2337400.0
2018-01-26 11:09:08.149000,4.98,4.98,4.99,2337400.0
2018-01-26 11:09:11.558000,4.98,4.98,4.99,2337400.0
2018-01-26 11:09:14.693000,4.98,4.98,4.99,2337400.0
2018-01-26 11:09:17.841000,4.98,4.98,4.99,2337400.0
2018-01-26 11:09:20.997000,4.98,4.98,4.99,2337400.0
2018-01-26 11:09:24.097000,4.98,4.98,4.99,2337400.0
2018-01-26 11:09:27.390000,4.98,4.98,4.99,2337400.0
2018-01-26 11:09:30.531000,4.98,4.98,4.99,2337400.0
2018-01-26 11:09:33.626000,4.98,4.98,4.99,2337400.0
2018-01-26 11:09:36.717000,4.98,4.98,4.99,2337400.0
2018-01-26 11:09:40.042000,4.98,4.98,4.99,2337400.0
2018-01-26 11:09:43.158000,4.98,4.98,4.99,2337400.0
2018-01-26 11:09:46.323000,4.98,4.98,4.99,2337400.0
2018-01-26 11:09:49.378000,4.98,4.98,4.99,2337400.0
2018-01-26 11:09:52.763000,4.98,4.98,4.99,2337400.0
2018-01-26 11:09:56.040000,4.98,4.98,4.99,2337400.0
2018-01-26 11:09:59.580000,4.98,4.98,4.99,2337400.0
2018-01-26 11:10:02.719000,4.98,4.98,4.99,2337400.0
2018-01-26 11:10:05.987000,4.98,4.98,4.99,2337400.0
2018-01-26 11:10:09.264000,4.98,4.98,4.99,2337400.0
2018-01-26 11:10:12.436000,4.98,4.98,4.99,2337400.0
2018-01-26 11:10:15.814000,4.98,4.98,4.99,2337400.0
2018-01-26 11:10:18.967000,4.98,4.98,4.99,2337400.0
2018-01-26 11:10:21.942000,4.98,4.98,4.99,2337400.0
2018-01-26 11:10:25.005000,4.98,4.98,4.99,2337400.0
2018-01-26 11:10:28.189000,4.98,4.98,4.99,2337400.0
2018-01-26 11:10:31.170000,4.98,4.98,4.99,2337400.0
2018-01-26 11:10:34.368000,4.98,4.98,4.99,2337400.0
2018-01-26 11:10:37.797000,4.98,4.98,4.99,2337400.0
2018-01-26 11:10:40.753000,4.98,4.98,4.99,2337400.0
2018-01-26 11:10:43.938000,4.98,4.98,4.99,2337400.0
2018-01-26 11:10:47.090000,4.98,4.98,4.99,2337400.0
2018-01-26 11:10:50.285000,4.98,4.98,4.99,2337400.0
2018-01-26 11:10:53.471000,4.98,4.98,4.99,2337400.0
2018-01-26 11:10:56.627000,4.98,4.98,4.99,2337400.0
2018-01-26 11:10:59.730000,4.98,4.98,4.99,2337400.0
2018-01-26 11:11:03.110000,4.98,4.98,4.99,2337400.0
2018-01-26 11:11:06.290000,4.98,4.98,4.99,2337400.0
2018-01-26 11:11:09.597000,4.98,4.98,4.99,2337400.0
2018-01-26 11:11:12.861000,4.98,4.98,4.99,2337400.0
2018-01-26 11:11:16.021000,4.98,4.98,4.99,2337400.0
2018-01-26 11:11:19.284000,4.98,4.98,4.99,2337400.0
2018-01-26 11:11:22.656000,4.98,4.98,4.99,2337400.0
2018-01-26 11:11:25.686000,4.98,4.98,4.99,2337400.0
2018-01-26 11:11:28.846000,4.98,4.98,4.99,2337400.0
2018-01-26 11:11:31.883000,4.99,4.98,4.99,2349400.0
2018-01-26 11:11:35.273000,4.99,4.98,4.99,2349400.0
2018-01-26 11:11:38.424000,4.99,4.98,4.99,2349400.0
2018-01-26 11:11:41.606000,4.99,4.98,4.99,2349400.0
2018-01-26 11:11:44.821000,4.99,4.98,4.99,2349400.0
2018-01-26 11:11:48.096000,4.99,4.98,4.99,2349400.0
2018-01-26 11:11:51.308000,4.99,4.98,4.99,2349400.0
2018-01-26 11:11:54.457000,4.99,4.98,4.99,2349400.0
2018-01-26 11:11:57.720000,4.99,4.98,4.99,2349400.0
2018-01-26 11:12:00.926000,4.99,4.98,4.99,2349400.0
2018-01-26 11:12:04.335000,4.99,4.98,4.99,2349400.0
2018-01-26 11:12:07.376000,4.99,4.98,4.99,2349400.0
2018-01-26 11:12:10.380000,4.99,4.98,4.99,2349400.0
2018-01-26 11:12:13.519000,4.99,4.98,4.99,2349400.0
2018-01-26 11:12:16.657000,4.99,4.98,4.99,2349400.0
2018-01-26 11:12:19.850000,4.99,4.98,4.99,2349400.0
2018-01-26 11:12:23.249000,4.99,4.98,4.99,2349400.0
2018-01-26 11:12:26.460000,4.99,4.98,4.99,2349400.0
2018-01-26 11:12:29.607000,4.99,4.98,4.99,2349400.0
2018-01-26 11:12:32.752000,4.99,4.98,4.99,2349400.0
2018-01-26 11:12:35.943000,4.99,4.98,4.99,2349400.0
2018-01-26 11:12:39.036000,4.99,4.98,4.99,2349400.0
2018-01-26 11:12:42.178000,4.99,4.98,4.99,2349400.0
2018-01-26 11:12:45.265000,4.99,4.98,4.99,2349400.0
2018-01-26 11:12:48.882000,4.99,4.98,4.99,2349400.0
2018-01-26 11:12:51.967000,4.99,4.98,4.99,2349400.0
2018-01-26 11:12:55.323000,4.99,4.98,4.99,2349400.0
2018-01-26 11:12:58.831000,4.99,4.98,4.99,2349400.0
2018-01-26 11:13:02.370000,4.99,4.98,4.99,2349400.0
2018-01-26 11:13:05.709000,4.99,4.98,4.99,2349400.0
2018-01-26 11:13:08.941000,4.99,4.98,4.99,2349400.0
2018-01-26 11:13:12.233000,4.99,4.98,4.99,2349400.0
2018-01-26 11:13:15.369000,4.99,4.98,4.99,2349400.0
2018-01-26 11:13:18.412000,4.99,4.98,4.99,2349400.0
2018-01-26 11:13:21.557000,4.99,4.98,4.99,2349400.0
2018-01-26 11:13:24.595000,4.99,4.98,4.99,2349400.0
2018-01-26 11:13:27.677000,4.99,4.98,4.99,2349400.0
2018-01-26 11:13:31.047000,4.99,4.98,4.99,2349400.0
2018-01-26 11:13:34.273000,4.99,4.98,4.99,2349400.0
2018-01-26 11:13:37.291000,4.99,4.98,4.99,2349400.0
2018-01-26 11:13:40.414000,4.99,4.98,4.99,2349400.0
2018-01-26 11:13:43.568000,4.99,4.98,4.99,2349400.0
2018-01-26 11:13:46.783000,4.99,4.98,4.99,2349400.0
2018-01-26 11:13:50.054000,4.99,4.98,4.99,2349400.0
2018-01-26 11:13:53.384000,4.99,4.98,4.99,2349400.0
2018-01-26 11:13:56.461000,4.99,4.98,4.99,2349400.0
2018-01-26 11:13:59.687000,4.99,4.98,4.99,2349400.0
2018-01-26 11:14:03.413000,4.99,4.98,4.99,2349400.0
2018-01-26 11:14:06.516000,4.99,4.98,4.99,2349400.0
2018-01-26 11:14:09.594000,4.99,4.98,4.99,2349400.0
2018-01-26 11:14:13.195000,4.99,4.98,4.99,2349400.0
2018-01-26 11:14:16.328000,4.99,4.98,4.99,2349400.0
2018-01-26 11:14:19.369000,4.99,4.98,4.99,2349400.0
2018-01-26 11:14:22.491000,4.99,4.98,4.99,2349400.0
2018-01-26 11:14:25.883000,4.99,4.98,4.99,2349400.0
2018-01-26 11:14:29.031000,4.99,4.98,4.99,2359400.0
2018-01-26 11:14:32.092000,4.99,4.98,4.99,2359400.0
2018-01-26 11:14:35.240000,4.99,4.98,4.99,2359400.0
2018-01-26 11:14:38.657000,4.99,4.98,4.99,2359400.0
2018-01-26 11:14:41.785000,4.99,4.98,4.99,2359400.0
2018-01-26 11:14:44.965000,4.99,4.98,4.99,2359400.0
2018-01-26 11:14:48.039000,4.99,4.98,4.99,2359400.0
2018-01-26 11:14:51.404000,4.99,4.98,4.99,2359400.0
2018-01-26 11:14:54.475000,4.99,4.98,4.99,2359400.0
2018-01-26 11:14:57.678000,4.99,4.98,4.99,2359400.0
2018-01-26 11:15:01.055000,4.99,4.98,4.99,2359400.0
2018-01-26 11:15:04.200000,4.99,4.98,4.99,2359400.0
2018-01-26 11:15:07.429000,4.99,4.98,4.99,2359400.0
2018-01-26 11:15:10.938000,4.99,4.98,4.99,2359400.0
2018-01-26 11:15:14.009000,4.99,4.98,4.99,2359400.0
2018-01-26 11:15:17.151000,4.99,4.98,4.99,2359400.0
2018-01-26 11:15:20.308000,4.99,4.98,4.99,2359400.0
2018-01-26 11:15:23.587000,4.99,4.98,4.99,2359400.0
2018-01-26 11:15:26.565000,4.99,4.98,4.99,2359400.0
2018-01-26 11:15:29.623000,4.99,4.98,4.99,2359400.0
2018-01-26 11:15:32.600000,4.99,4.98,4.99,2359400.0
2018-01-26 11:15:35.849000,4.99,4.98,4.99,2359400.0
2018-01-26 11:15:39.140000,4.99,4.98,4.99,2359400.0
2018-01-26 11:15:42.438000,4.99,4.98,4.99,2359400.0
2018-01-26 11:15:45.609000,4.99,4.98,4.99,2359400.0
2018-01-26 11:15:48.774000,4.99,4.98,4.99,2359400.0
2018-01-26 11:15:51.906000,4.99,4.98,4.99,2359400.0
2018-01-26 11:15:55.061000,4.99,4.98,4.99,2359400.0
2018-01-26 11:15:58.022000,4.99,4.98,4.99,2359400.0
2018-01-26 11:16:01.370000,4.99,4.98,4.99,2359400.0
2018-01-26 11:16:04.569000,4.99,4.98,4.99,2359400.0
2018-01-26 11:16:07.664000,4.99,4.98,4.99,2359400.0
2018-01-26 11:16:11.106000,4.99,4.98,4.99,2359400.0
2018-01-26 11:16:14.578000,4.99,4.98,4.99,2359400.0
2018-01-26 11:16:17.993000,4.99,4.98,4.99,2359400.0
2018-01-26 11:16:21.043000,4.99,4.98,4.99,2359400.0
2018-01-26 11:16:24.355000,4.99,4.98,4.99,2359400.0
2018-01-26 11:16:27.638000,4.99,4.98,4.99,2359400.0
2018-01-26 11:16:30.612000,4.99,4.98,4.99,2359400.0
2018-01-26 11:16:33.745000,4.99,4.98,4.99,2359400.0
2018-01-26 11:16:36.919000,4.99,4.98,4.99,2359400.0
2018-01-26 11:16:40.277000,4.99,4.98,4.99,2359400.0
2018-01-26 11:16:43.477000,4.99,4.98,4.99,2359400.0
2018-01-26 11:16:46.470000,4.99,4.98,4.99,2359400.0
2018-01-26 11:16:49.558000,4.99,4.98,4.99,2359400.0
2018-01-26 11:16:52.805000,4.99,4.98,4.99,2359400.0
2018-01-26 11:16:56.016000,4.99,4.98,4.99,2359400.0
2018-01-26 11:16:59.081000,4.99,4.98,4.99,2359400.0
2018-01-26 11:17:02.064000,4.99,4.98,4.99,2359400.0
2018-01-26 11:17:05.073000,4.99,4.98,4.99,2359400.0
2018-01-26 11:17:08.073000,4.99,4.98,4.99,2359400.0
2018-01-26 11:17:11.183000,4.99,4.98,4.99,2359400.0
2018-01-26 11:17:14.537000,4.99,4.98,4.99,2359400.0
2018-01-26 11:17:18.119000,4.99,4.98,4.99,2359400.0
2018-01-26 11:17:21.091000,4.99,4.98,4.99,2359400.0
2018-01-26 11:17:24.121000,4.99,4.98,4.99,2359400.0
2018-01-26 11:17:27.270000,4.99,4.98,4.99,2359400.0
2018-01-26 11:17:30.356000,4.99,4.98,4.99,2359400.0
2018-01-26 11:17:33.449000,4.99,4.98,4.99,2359400.0
2018-01-26 11:17:36.507000,4.99,4.98,4.99,2359400.0
2018-01-26 11:17:39.594000,4.99,4.98,4.99,2359400.0
2018-01-26 11:17:42.681000,4.99,4.98,4.99,2359400.0
2018-01-26 11:17:45.708000,4.99,4.98,4.99,2359400.0
2018-01-26 11:17:48.887000,4.99,4.98,4.99,2359400.0
2018-01-26 11:17:52.163000,4.99,4.98,4.99,2359400.0
2018-01-26 11:17:55.382000,4.99,4.98,4.99,2359400.0
2018-01-26 11:17:58.418000,4.99,4.98,4.99,2359400.0
2018-01-26 11:18:01.609000,4.99,4.98,4.99,2359400.0
2018-01-26 11:18:04.559000,4.98,4.98,4.99,2369400.0
2018-01-26 11:18:07.902000,4.98,4.98,4.99,2369400.0
2018-01-26 11:18:10.816000,4.98,4.98,4.99,2369400.0
2018-01-26 11:18:14.112000,4.98,4.98,4.99,2369400.0
2018-01-26 11:18:17.195000,4.98,4.98,4.99,2369400.0
2018-01-26 11:18:20.337000,4.98,4.98,4.99,2369400.0
2018-01-26 11:18:23.549000,4.98,4.98,4.99,2369400.0
2018-01-26 11:18:26.455000,4.98,4.98,4.99,2369400.0
2018-01-26 11:18:29.547000,4.98,4.98,4.99,2369400.0
2018-01-26 11:18:32.577000,4.98,4.98,4.99,2369400.0
2018-01-26 11:18:35.672000,4.98,4.98,4.99,2369400.0
2018-01-26 11:18:38.690000,4.98,4.98,4.99,2369400.0
2018-01-26 11:18:41.728000,4.98,4.98,4.99,2369400.0
2018-01-26 11:18:44.764000,4.98,4.98,4.99,2369400.0
2018-01-26 11:18:48.075000,4.98,4.98,4.99,2369400.0
2018-01-26 11:18:51.051000,4.98,4.98,4.99,2369400.0
2018-01-26 11:18:54.093000,4.98,4.98,4.99,2369400.0
2018-01-26 11:18:57.207000,4.98,4.98,4.99,2369400.0
2018-01-26 11:19:00.336000,4.98,4.98,4.99,2369400.0
2018-01-26 11:19:03.544000,4.98,4.98,4.99,2369400.0
2018-01-26 11:19:06.566000,4.98,4.98,4.99,2369400.0
2018-01-26 11:19:09.738000,4.98,4.98,4.99,2369400.0
2018-01-26 11:19:12.788000,4.98,4.98,4.99,2369400.0
2018-01-26 11:19:15.786000,4.98,4.98,4.99,2369400.0
2018-01-26 11:19:19.167000,4.98,4.98,4.99,2369400.0
2018-01-26 11:19:22.123000,4.98,4.98,4.99,2369400.0
2018-01-26 11:19:25.201000,4.98,4.98,4.99,2369400.0
2018-01-26 11:19:28.284000,4.98,4.98,4.99,2369400.0
2018-01-26 11:19:31.292000,4.98,4.97,4.99,2441400.0
2018-01-26 11:19:34.409000,4.98,4.97,4.99,2441400.0
2018-01-26 11:19:37.523000,4.98,4.97,4.99,2441400.0
2018-01-26 11:19:40.478000,4.98,4.97,4.99,2441400.0
2018-01-26 11:19:43.597000,4.98,4.97,4.99,2441400.0
2018-01-26 11:19:47.033000,4.98,4.97,4.99,2441400.0
2018-01-26 11:19:49.948000,4.98,4.97,4.99,2441400.0
2018-01-26 11:19:53.184000,4.98,4.97,4.99,2441400.0
2018-01-26 11:19:56.241000,4.98,4.97,4.99,2441400.0
2018-01-26 11:19:59.395000,4.98,4.97,4.99,2441400.0
2018-01-26 11:20:02.516000,4.98,4.97,4.99,2441400.0
2018-01-26 11:20:05.610000,4.98,4.97,4.99,2441400.0
2018-01-26 11:20:08.511000,4.98,4.97,4.99,2441400.0
2018-01-26 11:20:11.599000,4.98,4.97,4.99,2441400.0
2018-01-26 11:20:14.688000,4.98,4.97,4.99,2441400.0
2018-01-26 11:20:17.688000,4.98,4.97,4.99,2441400.0
2018-01-26 11:20:20.862000,4.98,4.97,4.99,2441400.0
2018-01-26 11:20:23.831000,4.98,4.97,4.99,2441400.0
2018-01-26 11:20:27.045000,4.98,4.97,4.99,2441400.0
2018-01-26 11:20:30.093000,4.98,4.97,4.99,2441400.0
2018-01-26 11:20:33.141000,4.98,4.97,4.99,2441400.0
2018-01-26 11:20:36.315000,4.98,4.97,4.99,2441400.0
2018-01-26 11:20:39.612000,4.98,4.97,4.99,2441400.0
2018-01-26 11:20:42.753000,4.98,4.97,4.99,2441400.0
2018-01-26 11:20:45.972000,4.98,4.97,4.99,2441400.0
2018-01-26 11:20:49.062000,4.98,4.97,4.99,2441400.0
2018-01-26 11:20:52.253000,4.98,4.97,4.99,2441400.0
2018-01-26 11:20:55.310000,4.98,4.97,4.99,2441400.0
2018-01-26 11:20:58.126000,4.98,4.97,4.99,2441400.0
2018-01-26 11:21:01.288000,4.98,4.97,4.99,2441400.0
2018-01-26 11:21:04.347000,4.98,4.97,4.99,2441400.0
2018-01-26 11:21:07.746000,4.98,4.97,4.98,2463900.0
2018-01-26 11:21:10.675000,4.98,4.97,4.98,2463900.0
2018-01-26 11:21:13.797000,4.98,4.97,4.98,2463900.0
2018-01-26 11:21:16.652000,4.98,4.97,4.98,2463900.0
2018-01-26 11:21:19.661000,4.98,4.97,4.98,2463900.0
2018-01-26 11:21:22.718000,4.98,4.97,4.98,2463900.0
2018-01-26 11:21:25.598000,4.98,4.97,4.98,2463900.0
2018-01-26 11:21:28.661000,4.98,4.97,4.98,2463900.0
2018-01-26 11:21:31.771000,4.98,4.97,4.98,2463900.0
2018-01-26 11:21:34.769000,4.98,4.97,4.98,2463900.0
2018-01-26 11:21:37.904000,4.98,4.97,4.98,2463900.0
2018-01-26 11:21:41.059000,4.98,4.97,4.98,2463900.0
2018-01-26 11:21:44.239000,4.98,4.97,4.98,2463900.0
2018-01-26 11:21:47.301000,4.98,4.97,4.98,2463900.0
2018-01-26 11:21:50.489000,4.98,4.97,4.98,2463900.0
2018-01-26 11:21:53.719000,4.98,4.97,4.98,2463900.0
2018-01-26 11:21:56.988000,4.98,4.97,4.98,2463900.0
2018-01-26 11:21:59.976000,4.98,4.97,4.98,2463900.0
2018-01-26 11:22:02.994000,4.98,4.97,4.98,2463900.0
2018-01-26 11:22:05.925000,4.98,4.97,4.98,2463900.0
2018-01-26 11:22:09.020000,4.98,4.97,4.98,2463900.0
2018-01-26 11:22:12.145000,4.98,4.97,4.98,2463900.0
2018-01-26 11:22:15.090000,4.98,4.97,4.98,2463900.0
2018-01-26 11:22:18.442000,4.98,4.97,4.98,2463900.0
2018-01-26 11:22:21.361000,4.98,4.97,4.98,2463900.0
2018-01-26 11:22:24.575000,4.98,4.97,4.98,2463900.0
2018-01-26 11:22:28.043000,4.98,4.97,4.98,2463900.0
2018-01-26 11:22:30.919000,4.98,4.97,4.98,2463900.0
2018-01-26 11:22:34.158000,4.98,4.97,4.98,2463900.0
2018-01-26 11:22:37.222000,4.98,4.97,4.98,2463900.0
2018-01-26 11:22:40.402000,4.98,4.97,4.98,2463900.0
2018-01-26 11:22:43.675000,4.98,4.97,4.98,2463900.0
2018-01-26 11:22:47.041000,4.98,4.97,4.98,2464000.0
2018-01-26 11:22:50.109000,4.98,4.97,4.98,2464000.0
2018-01-26 11:22:53.300000,4.98,4.97,4.98,2464000.0
2018-01-26 11:22:56.334000,4.98,4.97,4.98,2464000.0
2018-01-26 11:22:59.446000,4.98,4.97,4.98,2464000.0
2018-01-26 11:23:02.576000,4.98,4.97,4.98,2464000.0
2018-01-26 11:23:05.734000,4.98,4.97,4.98,2464000.0
2018-01-26 11:23:09.083000,4.98,4.97,4.98,2464000.0
2018-01-26 11:23:12.255000,4.98,4.97,4.98,2464000.0
2018-01-26 11:23:15.380000,4.98,4.97,4.98,2464000.0
2018-01-26 11:23:18.380000,4.98,4.97,4.98,2464000.0
2018-01-26 11:23:21.448000,4.98,4.97,4.98,2464000.0
2018-01-26 11:23:24.426000,4.98,4.97,4.98,2464000.0
2018-01-26 11:23:27.244000,4.98,4.97,4.98,2464000.0
2018-01-26 11:23:30.286000,4.98,4.97,4.98,2464000.0
2018-01-26 11:23:33.550000,4.98,4.97,4.98,2464000.0
2018-01-26 11:23:36.638000,4.98,4.97,4.98,2464000.0
2018-01-26 11:23:39.583000,4.98,4.97,4.98,2464000.0
2018-01-26 11:23:42.824000,4.98,4.97,4.98,2464000.0
2018-01-26 11:23:46.036000,4.98,4.97,4.98,2464000.0
2018-01-26 11:23:49.490000,4.98,4.97,4.98,2464000.0
2018-01-26 11:23:52.491000,4.98,4.97,4.98,2464000.0
2018-01-26 11:23:55.633000,4.98,4.97,4.98,2464000.0
2018-01-26 11:23:58.583000,4.98,4.97,4.98,2464000.0
2018-01-26 11:24:01.408000,4.98,4.97,4.98,2464000.0
2018-01-26 11:24:04.380000,4.98,4.97,4.98,2464000.0
2018-01-26 11:24:07.338000,4.98,4.97,4.98,2464000.0
2018-01-26 11:24:10.258000,4.98,4.97,4.98,2464000.0
2018-01-26 11:24:13.315000,4.98,4.97,4.98,2464000.0
2018-01-26 11:24:16.412000,4.98,4.97,4.98,2464000.0
2018-01-26 11:24:19.320000,4.98,4.97,4.98,2464000.0
2018-01-26 11:24:22.342000,4.98,4.97,4.98,2464000.0
2018-01-26 11:24:25.553000,4.98,4.97,4.98,2464000.0
2018-01-26 11:24:28.522000,4.98,4.97,4.98,2464000.0
2018-01-26 11:24:31.524000,4.98,4.97,4.98,2464000.0
2018-01-26 11:24:34.585000,4.98,4.97,4.98,2464000.0
2018-01-26 11:24:37.723000,4.98,4.97,4.98,2464000.0
2018-01-26 11:24:40.651000,4.98,4.97,4.98,2464000.0
2018-01-26 11:24:43.648000,4.98,4.97,4.98,2464000.0
2018-01-26 11:24:46.759000,4.98,4.97,4.98,2464000.0
2018-01-26 11:24:49.821000,4.98,4.97,4.98,2464000.0
2018-01-26 11:24:52.866000,4.98,4.97,4.98,2464000.0
2018-01-26 11:24:55.558000,4.98,4.97,4.98,2464000.0
2018-01-26 11:24:58.725000,4.98,4.97,4.98,2464000.0
2018-01-26 11:25:01.842000,4.98,4.97,4.98,2464000.0
2018-01-26 11:25:05.037000,4.98,4.97,4.98,2464000.0
2018-01-26 11:25:08.107000,4.98,4.97,4.98,2464000.0
2018-01-26 11:25:11.637000,4.98,4.97,4.98,2464000.0
2018-01-26 11:25:14.872000,4.98,4.97,4.98,2464000.0
2018-01-26 11:25:18.200000,4.98,4.97,4.98,2464000.0
2018-01-26 11:25:21.307000,4.98,4.97,4.98,2464000.0
2018-01-26 11:25:24.290000,4.98,4.97,4.98,2464000.0
2018-01-26 11:25:27.360000,4.98,4.97,4.98,2464000.0
2018-01-26 11:25:30.347000,4.98,4.97,4.98,2464000.0
2018-01-26 11:25:33.495000,4.98,4.97,4.98,2464000.0
2018-01-26 11:25:36.447000,4.98,4.97,4.98,2464000.0
2018-01-26 11:25:39.615000,4.98,4.97,4.98,2464000.0
2018-01-26 11:25:42.527000,4.98,4.97,4.98,2464000.0
2018-01-26 11:25:45.526000,4.98,4.97,4.98,2464000.0
2018-01-26 11:25:48.375000,4.98,4.97,4.98,2464000.0
2018-01-26 11:25:51.443000,4.98,4.97,4.98,2464000.0
2018-01-26 11:25:54.649000,4.98,4.97,4.98,2464000.0
2018-01-26 11:25:57.859000,4.98,4.97,4.98,2464000.0
2018-01-26 11:26:00.831000,4.98,4.97,4.98,2464000.0
2018-01-26 11:26:03.914000,4.98,4.97,4.98,2464000.0
2018-01-26 11:26:06.996000,4.98,4.97,4.98,2464000.0
2018-01-26 11:26:10.010000,4.98,4.97,4.98,2464000.0
2018-01-26 11:26:13.171000,4.98,4.97,4.98,2464000.0
2018-01-26 11:26:16.219000,4.98,4.97,4.98,2464000.0
2018-01-26 11:26:19.230000,4.98,4.97,4.98,2464000.0
2018-01-26 11:26:22.280000,4.98,4.97,4.98,2464000.0
2018-01-26 11:26:25.517000,4.98,4.97,4.98,2464000.0
2018-01-26 11:26:28.544000,4.98,4.97,4.98,2464000.0
2018-01-26 11:26:31.482000,4.98,4.97,4.98,2464000.0
2018-01-26 11:26:34.637000,4.98,4.97,4.98,2464000.0
2018-01-26 11:26:37.738000,4.98,4.97,4.98,2464000.0
2018-01-26 11:26:40.715000,4.98,4.97,4.98,2464000.0
2018-01-26 11:26:43.854000,4.98,4.97,4.98,2464000.0
2018-01-26 11:26:46.785000,4.98,4.97,4.98,2464000.0
2018-01-26 11:26:49.939000,4.98,4.97,4.98,2464000.0
2018-01-26 11:26:52.914000,4.98,4.97,4.98,2464000.0
2018-01-26 11:26:55.824000,4.98,4.97,4.98,2464000.0
2018-01-26 11:26:59.143000,4.98,4.97,4.98,2464000.0
2018-01-26 11:27:02.144000,4.98,4.97,4.98,2464000.0
2018-01-26 11:27:05.088000,4.98,4.97,4.98,2464000.0
2018-01-26 11:27:08.503000,4.98,4.97,4.98,2464000.0
2018-01-26 11:27:11.611000,4.98,4.97,4.98,2464000.0
2018-01-26 11:27:14.795000,4.98,4.97,4.98,2464000.0
2018-01-26 11:27:17.821000,4.98,4.97,4.98,2464000.0
2018-01-26 11:27:21.210000,4.98,4.97,4.98,2464000.0
2018-01-26 11:27:24.182000,4.98,4.97,4.98,2464000.0
2018-01-26 11:27:27.106000,4.98,4.97,4.98,2464000.0
2018-01-26 11:27:30.160000,4.98,4.97,4.98,2464000.0
2018-01-26 11:27:33.216000,4.98,4.97,4.98,2464000.0
2018-01-26 11:27:36.201000,4.98,4.97,4.98,2464000.0
2018-01-26 11:27:39.166000,4.98,4.97,4.98,2464000.0
2018-01-26 11:27:42.020000,4.98,4.97,4.98,2464000.0
2018-01-26 11:27:45.200000,4.98,4.97,4.98,2464000.0
2018-01-26 11:27:48.254000,4.98,4.97,4.98,2466000.0
2018-01-26 11:27:51.313000,4.98,4.97,4.98,2466000.0
2018-01-26 11:27:54.499000,4.98,4.97,4.98,2466000.0
2018-01-26 11:27:57.183000,4.98,4.97,4.98,2466000.0
2018-01-26 11:28:00.098000,4.98,4.97,4.98,2466000.0
2018-01-26 11:28:03.201000,4.98,4.97,4.98,2466000.0
2018-01-26 11:28:06.438000,4.98,4.97,4.98,2466000.0
2018-01-26 11:28:09.626000,4.98,4.97,4.98,2466000.0
2018-01-26 11:28:12.669000,4.98,4.97,4.98,2466000.0
2018-01-26 11:28:15.713000,4.98,4.97,4.98,2466000.0
2018-01-26 11:28:18.654000,4.98,4.97,4.98,2466000.0
2018-01-26 11:28:21.774000,4.98,4.97,4.98,2466000.0
2018-01-26 11:28:24.635000,4.98,4.97,4.98,2466000.0
2018-01-26 11:28:27.627000,4.98,4.97,4.98,2466000.0
2018-01-26 11:28:30.630000,4.98,4.97,4.98,2466000.0
2018-01-26 11:28:33.670000,4.98,4.97,4.98,2466000.0
2018-01-26 11:28:36.668000,4.98,4.97,4.98,2466000.0
2018-01-26 11:28:39.793000,4.98,4.97,4.98,2466000.0
2018-01-26 11:28:42.796000,4.98,4.97,4.98,2466000.0
2018-01-26 11:28:45.749000,4.98,4.97,4.98,2466000.0
2018-01-26 11:28:48.796000,4.98,4.97,4.98,2466000.0
2018-01-26 11:28:51.930000,4.98,4.97,4.98,2466000.0
2018-01-26 11:28:54.952000,4.98,4.97,4.98,2466000.0
2018-01-26 11:28:58.005000,4.98,4.97,4.98,2466000.0
2018-01-26 11:29:01.046000,4.98,4.97,4.98,2466000.0
2018-01-26 11:29:04.154000,4.98,4.97,4.98,2466000.0
2018-01-26 11:29:07.549000,4.98,4.97,4.98,2466000.0
2018-01-26 11:29:10.659000,4.98,4.97,4.98,2466000.0
2018-01-26 11:29:13.743000,4.98,4.97,4.98,2466000.0
2018-01-26 11:29:16.796000,4.98,4.97,4.98,2466000.0
2018-01-26 11:29:20.063000,4.98,4.97,4.98,2466000.0
2018-01-26 11:29:22.846000,4.98,4.97,4.98,2466000.0
2018-01-26 11:29:25.797000,4.98,4.97,4.98,2466000.0
2018-01-26 11:29:28.671000,4.98,4.97,4.98,2466000.0
2018-01-26 11:29:31.756000,4.98,4.97,4.98,2466000.0
2018-01-26 11:29:35.614000,4.98,4.97,4.98,2466000.0
2018-01-26 11:29:39.231000,4.98,4.97,4.98,2466000.0
2018-01-26 11:29:42.501000,4.98,4.97,4.98,2466000.0
2018-01-26 11:29:45.952000,4.98,4.97,4.98,2466000.0
2018-01-26 11:29:49.077000,4.98,4.97,4.98,2466000.0
2018-01-26 11:29:52.326000,4.98,4.97,4.98,2466000.0
2018-01-26 11:29:57.952000,4.98,4.97,4.98,2466000.0
2018-01-26 11:30:05.364000,4.98,4.97,4.98,2466000.0
2018-01-26 11:30:08.339000,4.98,4.97,4.98,2466000.0
2018-01-26 11:30:11.358000,4.98,4.97,4.98,2466000.0
2018-01-26 11:30:14.492000,4.98,4.97,4.98,2466000.0
2018-01-26 11:30:17.484000,4.98,4.97,4.98,2466000.0
2018-01-26 11:30:20.329000,4.98,4.97,4.98,2466000.0
2018-01-26 11:30:23.204000,4.98,4.97,4.98,2466000.0
2018-01-26 11:30:25.999000,4.98,4.97,4.98,2466000.0
2018-01-26 11:30:28.924000,4.98,4.97,4.98,2466000.0
2018-01-26 11:30:31.766000,4.98,4.97,4.98,2466000.0
2018-01-26 11:30:34.797000,4.98,4.97,4.98,2466000.0
2018-01-26 11:30:37.741000,4.98,4.97,4.98,2466000.0
2018-01-26 11:30:40.585000,4.98,4.97,4.98,2466000.0
2018-01-26 11:30:43.577000,4.98,4.97,4.98,2466000.0
2018-01-26 11:30:46.556000,4.98,4.97,4.98,2466000.0
2018-01-26 11:30:49.470000,4.98,4.97,4.98,2466000.0
2018-01-26 11:30:52.419000,4.98,4.97,4.98,2466000.0
2018-01-26 11:30:55.502000,4.98,4.97,4.98,2466000.0
2018-01-26 11:30:58.394000,4.98,4.97,4.98,2466000.0
2018-01-26 11:31:01.189000,4.98,4.97,4.98,2466000.0
2018-01-26 11:31:04.036000,4.98,4.97,4.98,2466000.0
2018-01-26 11:31:07.272000,4.98,4.97,4.98,2466000.0
2018-01-26 11:31:10.314000,4.98,4.97,4.98,2466000.0
