time,price,bid,ask,volume
2018-01-29 13:00:02.302000,33.35,33.35,33.4,25986228.0
2018-01-29 13:00:05.197000,33.35,33.35,33.4,25986728.0
2018-01-29 13:00:07.920000,33.35,33.35,33.4,25986728.0
2018-01-29 13:00:10.773000,33.4,33.35,33.4,26027728.0
2018-01-29 13:00:13.370000,33.4,33.35,33.4,26027728.0
2018-01-29 13:00:15.922000,33.4,33.35,33.4,26027728.0
2018-01-29 13:00:18.876000,33.4,33.35,33.4,26027728.0
2018-01-29 13:00:21.407000,33.4,33.35,33.4,26027728.0
2018-01-29 13:00:24.282000,33.4,33.35,33.4,26027728.0
2018-01-29 13:00:27.139000,33.4,33.35,33.4,26027728.0
2018-01-29 13:00:29.621000,33.4,33.35,33.4,26027728.0
2018-01-29 13:00:32.350000,33.4,33.35,33.4,26027728.0
2018-01-29 13:00:34.836000,33.4,33.35,33.4,26027728.0
2018-01-29 13:00:37.424000,33.4,33.35,33.4,26027728.0
2018-01-29 13:00:40.058000,33.4,33.35,33.4,26027728.0
2018-01-29 13:00:42.608000,33.4,33.35,33.4,26027728.0
2018-01-29 13:00:45.258000,33.4,33.35,33.4,26027728.0
2018-01-29 13:00:48.062000,33.4,33.35,33.4,26027728.0
2018-01-29 13:00:50.622000,33.4,33.35,33.4,26027728.0
2018-01-29 13:00:53.088000,33.4,33.35,33.4,26027728.0
2018-01-29 13:00:55.669000,33.4,33.35,33.4,26027728.0
2018-01-29 13:00:58.294000,33.4,33.35,33.4,26027728.0
2018-01-29 13:01:00.873000,33.4,33.35,33.4,26027728.0
2018-01-29 13:01:03.653000,33.4,33.35,33.4,26027728.0
2018-01-29 13:01:06.341000,33.4,33.35,33.4,26027728.0
2018-01-29 13:01:08.717000,33.4,33.35,33.4,26027728.0
2018-01-29 13:01:11.307000,33.4,33.35,33.4,26027728.0
2018-01-29 13:01:14.071000,33.4,33.35,33.4,26027728.0
2018-01-29 13:01:16.797000,33.4,33.35,33.4,26027728.0
2018-01-29 13:01:19.475000,33.4,33.35,33.4,26027728.0
2018-01-29 13:01:22.174000,33.4,33.35,33.4,26027728.0
2018-01-29 13:01:24.746000,33.4,33.35,33.4,26027728.0
2018-01-29 13:01:27.240000,33.4,33.35,33.4,26027728.0
2018-01-29 13:01:29.664000,33.4,33.35,33.4,26027728.0
2018-01-29 13:01:32.343000,33.4,33.35,33.4,26027728.0
2018-01-29 13:01:35.079000,33.4,33.35,33.4,26027728.0
2018-01-29 13:01:37.849000,33.4,33.35,33.4,26027728.0
2018-01-29 13:01:40.466000,33.4,33.35,33.4,26027728.0
2018-01-29 13:01:43.079000,33.4,33.35,33.4,26027728.0
2018-01-29 13:01:45.871000,33.4,33.35,33.4,26027728.0
2018-01-29 13:01:48.649000,33.4,33.35,33.4,26027728.0
2018-01-29 13:01:51.449000,33.4,33.35,33.4,26027728.0
2018-01-29 13:01:54.021000,33.4,33.35,33.4,26027728.0
2018-01-29 13:01:56.731000,33.35,33.35,33.4,26041728.0
2018-01-29 13:01:59.434000,33.35,33.35,33.4,26041728.0
2018-01-29 13:02:02.105000,33.35,33.35,33.4,26041728.0
2018-01-29 13:02:04.711000,33.35,33.35,33.4,26041728.0
2018-01-29 13:02:07.186000,33.35,33.35,33.4,26041728.0
2018-01-29 13:02:09.869000,33.35,33.35,33.4,26041728.0
2018-01-29 13:02:12.422000,33.35,33.35,33.4,26041728.0
2018-01-29 13:02:14.996000,33.35,33.35,33.4,26041728.0
2018-01-29 13:02:17.580000,33.35,33.35,33.4,26041728.0
2018-01-29 13:02:20.295000,33.35,33.35,33.4,26041728.0
2018-01-29 13:02:22.862000,33.35,33.35,33.4,26041728.0
2018-01-29 13:02:25.229000,33.35,33.35,33.4,26041728.0
2018-01-29 13:02:27.780000,33.35,33.35,33.4,26041728.0
2018-01-29 13:02:30.336000,33.35,33.35,33.4,26041728.0
2018-01-29 13:02:32.937000,33.35,33.35,33.4,26041728.0
2018-01-29 13:02:35.495000,33.35,33.35,33.4,26041728.0
2018-01-29 13:02:38.228000,33.35,33.35,33.4,26041728.0
2018-01-29 13:02:40.775000,33.35,33.35,33.4,26041728.0
2018-01-29 13:02:43.784000,33.35,33.35,33.4,26041728.0
2018-01-29 13:02:46.405000,33.35,33.35,33.4,26041728.0
2018-01-29 13:02:49.024000,33.35,33.35,33.4,26041728.0
2018-01-29 13:02:51.634000,33.4,33.35,33.45,26060228.0
2018-01-29 13:02:54.204000,33.4,33.35,33.45,26060228.0
2018-01-29 13:02:56.998000,33.4,33.35,33.45,26060228.0
2018-01-29 13:02:59.822000,33.4,33.35,33.45,26060228.0
2018-01-29 13:03:02.271000,33.4,33.35,33.45,26060228.0
2018-01-29 13:03:04.900000,33.4,33.35,33.45,26060228.0
2018-01-29 13:03:07.673000,33.4,33.35,33.45,26060228.0
2018-01-29 13:03:10.229000,33.4,33.35,33.45,26060228.0
2018-01-29 13:03:12.870000,33.4,33.35,33.45,26060228.0
2018-01-29 13:03:15.449000,33.4,33.35,33.45,26060228.0
2018-01-29 13:03:17.969000,33.4,33.35,33.45,26060228.0
2018-01-29 13:03:20.623000,33.4,33.35,33.45,26060228.0
2018-01-29 13:03:22.989000,33.4,33.35,33.45,26060228.0
2018-01-29 13:03:25.817000,33.4,33.35,33.45,26060228.0
2018-01-29 13:03:28.412000,33.4,33.35,33.45,26060228.0
2018-01-29 13:03:31.030000,33.4,33.35,33.45,26060228.0
2018-01-29 13:03:33.682000,33.4,33.35,33.45,26060228.0
2018-01-29 13:03:36.453000,33.4,33.35,33.45,26060228.0
2018-01-29 13:03:39.217000,33.4,33.35,33.4,26232228.0
2018-01-29 13:03:42.674000,33.4,33.35,33.4,26232228.0
2018-01-29 13:03:46.105000,33.4,33.35,33.4,26232228.0
2018-01-29 13:03:49.426000,33.4,33.35,33.4,26232228.0
2018-01-29 13:03:52.832000,33.4,33.35,33.4,26232228.0
2018-01-29 13:03:56.047000,33.4,33.35,33.4,26232228.0
2018-01-29 13:03:59.871000,33.4,33.35,33.4,26232228.0
2018-01-29 13:04:03.234000,33.4,33.35,33.4,26232228.0
2018-01-29 13:04:06.279000,33.4,33.35,33.4,26232228.0
2018-01-29 13:04:09.532000,33.4,33.35,33.4,26232228.0
2018-01-29 13:04:13.113000,33.4,33.35,33.4,26232228.0
2018-01-29 13:04:16.324000,33.4,33.35,33.4,26232228.0
2018-01-29 13:04:19.902000,33.4,33.35,33.4,26232228.0
2018-01-29 13:04:23.278000,33.4,33.35,33.4,26232228.0
2018-01-29 13:04:26.529000,33.4,33.35,33.4,26232228.0
2018-01-29 13:04:29.935000,33.4,33.35,33.4,26232228.0
2018-01-29 13:04:32.768000,33.4,33.35,33.4,26232228.0
2018-01-29 13:04:36.125000,33.4,33.35,33.4,26232228.0
2018-01-29 13:04:39.221000,33.4,33.35,33.4,26232228.0
2018-01-29 13:04:42.362000,33.4,33.35,33.4,26232228.0
2018-01-29 13:04:45.546000,33.4,33.35,33.4,26232228.0
2018-01-29 13:04:48.848000,33.4,33.35,33.4,26232228.0
2018-01-29 13:04:51.972000,33.4,33.35,33.4,26232228.0
2018-01-29 13:04:55.200000,33.4,33.35,33.4,26232228.0
2018-01-29 13:04:58.725000,33.4,33.35,33.4,26232228.0
2018-01-29 13:05:02.376000,33.4,33.35,33.4,26238428.0
2018-01-29 13:05:05.404000,33.4,33.35,33.4,26238428.0
2018-01-29 13:05:08.600000,33.4,33.35,33.4,26238428.0
2018-01-29 13:05:11.816000,33.4,33.35,33.4,26238428.0
2018-01-29 13:05:14.889000,33.4,33.35,33.4,26238428.0
2018-01-29 13:05:19.420000,33.4,33.35,33.4,26238428.0
2018-01-29 13:05:22.599000,33.4,33.35,33.4,26238428.0
2018-01-29 13:05:25.795000,33.4,33.35,33.4,26238428.0
2018-01-29 13:05:28.991000,33.4,33.35,33.4,26238428.0
2018-01-29 13:05:32.049000,33.4,33.35,33.4,26238428.0
2018-01-29 13:05:35.170000,33.4,33.35,33.4,26238428.0
2018-01-29 13:05:38.312000,33.4,33.35,33.4,26238428.0
2018-01-29 13:05:41.409000,33.4,33.35,33.4,26238428.0
2018-01-29 13:05:44.538000,33.4,33.35,33.4,26238428.0
2018-01-29 13:05:47.548000,33.4,33.35,33.4,26238428.0
2018-01-29 13:05:51.036000,33.4,33.35,33.4,26238428.0
2018-01-29 13:05:54.093000,33.4,33.35,33.4,26238428.0
2018-01-29 13:05:57.611000,33.4,33.35,33.4,26238428.0
2018-01-29 13:06:00.655000,33.4,33.35,33.4,26238428.0
2018-01-29 13:06:03.758000,33.4,33.35,33.4,26238428.0
2018-01-29 13:06:06.961000,33.4,33.35,33.4,26238428.0
2018-01-29 13:06:09.999000,33.4,33.35,33.4,26238428.0
2018-01-29 13:06:13.083000,33.4,33.35,33.4,26238428.0
2018-01-29 13:06:16.248000,33.4,33.35,33.4,26238428.0
2018-01-29 13:06:19.506000,33.4,33.35,33.4,26238428.0
2018-01-29 13:06:22.676000,33.4,33.35,33.4,26238428.0
2018-01-29 13:06:26.046000,33.4,33.35,33.4,26238428.0
2018-01-29 13:06:29.454000,33.4,33.35,33.4,26238428.0
2018-01-29 13:06:32.471000,33.4,33.35,33.4,26238428.0
2018-01-29 13:06:35.661000,33.4,33.35,33.4,26238428.0
2018-01-29 13:06:38.897000,33.4,33.35,33.4,26238428.0
2018-01-29 13:06:41.958000,33.4,33.35,33.4,26238428.0
2018-01-29 13:06:45.157000,33.4,33.35,33.4,26238428.0
2018-01-29 13:06:48.287000,33.4,33.35,33.4,26238428.0
2018-01-29 13:06:51.368000,33.4,33.35,33.4,26238428.0
2018-01-29 13:06:54.879000,33.4,33.35,33.4,26238428.0
2018-01-29 13:07:01.734000,,,,
2018-01-29 13:07:04.957000,33.35,33.35,33.4,26257428.0
2018-01-29 13:07:08.166000,33.35,33.35,33.4,26257428.0
2018-01-29 13:07:11.293000,33.35,33.35,33.4,26257428.0
2018-01-29 13:07:14.562000,33.35,33.35,33.4,26257428.0
2018-01-29 13:07:17.926000,33.35,33.35,33.4,26257428.0
2018-01-29 13:07:21.006000,33.35,33.35,33.4,26257428.0
2018-01-29 13:07:24.197000,33.35,33.35,33.4,26257428.0
2018-01-29 13:07:27.335000,33.35,33.35,33.4,26257428.0
2018-01-29 13:07:30.456000,33.35,33.35,33.4,26257428.0
2018-01-29 13:07:33.786000,33.35,33.35,33.4,26257428.0
2018-01-29 13:07:36.862000,33.35,33.35,33.4,26257428.0
2018-01-29 13:07:40.066000,33.35,33.35,33.4,26257428.0
2018-01-29 13:07:43.477000,33.35,33.35,33.4,26257428.0
2018-01-29 13:07:46.802000,33.35,33.35,33.4,26257428.0
2018-01-29 13:07:49.971000,33.35,33.35,33.4,26257428.0
2018-01-29 13:07:53.049000,33.35,33.35,33.4,26257428.0
2018-01-29 13:07:56.146000,33.35,33.35,33.4,26257428.0
2018-01-29 13:07:59.369000,33.35,33.35,33.4,26257428.0
2018-01-29 13:08:02.554000,33.35,33.35,33.4,26257428.0
2018-01-29 13:08:05.648000,33.35,33.35,33.4,26257428.0
2018-01-29 13:08:08.836000,33.35,33.35,33.4,26257428.0
2018-01-29 13:08:12.024000,33.35,33.35,33.4,26257428.0
2018-01-29 13:08:15.143000,33.35,33.35,33.4,26257428.0
2018-01-29 13:08:18.322000,33.35,33.35,33.4,26257428.0
2018-01-29 13:08:21.587000,33.35,33.35,33.4,26257428.0
2018-01-29 13:08:24.634000,33.35,33.35,33.4,26257428.0
2018-01-29 13:08:27.785000,33.35,33.35,33.4,26257428.0
2018-01-29 13:08:30.908000,33.35,33.35,33.4,26257428.0
2018-01-29 13:08:34.154000,33.35,33.35,33.4,26257428.0
2018-01-29 13:08:37.177000,33.35,33.35,33.4,26257428.0
2018-01-29 13:08:40.451000,33.35,33.35,33.4,26257428.0
2018-01-29 13:08:43.477000,33.35,33.35,33.4,26257428.0
2018-01-29 13:08:46.550000,33.35,33.35,33.4,26257428.0
2018-01-29 13:08:49.567000,33.35,33.35,33.4,26257428.0
2018-01-29 13:08:52.828000,33.35,33.35,33.4,26257428.0
2018-01-29 13:08:55.968000,33.35,33.35,33.4,26257428.0
2018-01-29 13:08:59.093000,33.35,33.35,33.4,26257428.0
2018-01-29 13:09:02.353000,33.35,33.35,33.4,26257428.0
2018-01-29 13:09:05.504000,33.35,33.35,33.4,26257428.0
2018-01-29 13:09:08.744000,33.35,33.35,33.4,26257428.0
2018-01-29 13:09:11.916000,33.35,33.35,33.4,28071928.0
2018-01-29 13:09:15.379000,33.35,33.35,33.4,28071928.0
2018-01-29 13:09:18.638000,33.35,33.35,33.4,28071928.0
2018-01-29 13:09:21.836000,33.35,33.35,33.4,28071928.0
2018-01-29 13:09:25.092000,33.35,33.35,33.4,28071928.0
2018-01-29 13:09:28.279000,33.35,33.35,33.4,28071928.0
2018-01-29 13:09:31.350000,33.35,33.35,33.4,28071928.0
2018-01-29 13:09:35.001000,33.35,33.35,33.4,28071928.0
2018-01-29 13:09:38.132000,33.35,33.35,33.4,28071928.0
2018-01-29 13:09:41.459000,33.35,33.35,33.4,28071928.0
2018-01-29 13:09:44.578000,33.35,33.35,33.4,28071928.0
2018-01-29 13:09:47.699000,33.35,33.35,33.4,28071928.0
2018-01-29 13:09:50.871000,33.35,33.35,33.4,28071928.0
2018-01-29 13:09:54.042000,33.35,33.35,33.4,28071928.0
2018-01-29 13:09:57.198000,33.35,33.35,33.4,28071928.0
2018-01-29 13:10:00.412000,33.35,33.35,33.4,28071928.0
2018-01-29 13:10:03.500000,33.35,33.35,33.4,28071928.0
2018-01-29 13:10:06.469000,33.35,33.35,33.4,28071928.0
2018-01-29 13:10:09.732000,33.35,33.35,33.4,28073928.0
2018-01-29 13:10:13.052000,33.35,33.35,33.4,28073928.0
2018-01-29 13:10:16.213000,33.35,33.35,33.4,28073928.0
2018-01-29 13:10:19.215000,33.35,33.35,33.4,28073928.0
2018-01-29 13:10:22.637000,33.35,33.35,33.4,28073928.0
2018-01-29 13:10:25.708000,33.35,33.35,33.4,28073928.0
2018-01-29 13:10:28.812000,33.35,33.35,33.4,28073928.0
2018-01-29 13:10:31.838000,33.35,33.35,33.4,28073928.0
2018-01-29 13:10:35.095000,33.35,33.35,33.4,28073928.0
2018-01-29 13:10:38.360000,33.35,33.35,33.4,28073928.0
2018-01-29 13:10:41.636000,33.35,33.35,33.4,28073928.0
2018-01-29 13:10:44.715000,33.35,33.35,33.4,28073928.0
2018-01-29 13:10:48.059000,33.35,33.35,33.4,28073928.0
2018-01-29 13:10:51.232000,33.35,33.35,33.4,28073928.0
2018-01-29 13:10:54.349000,33.35,33.35,33.4,28073928.0
2018-01-29 13:10:57.684000,33.35,33.35,33.4,28073928.0
2018-01-29 13:11:00.974000,33.35,33.35,33.4,28073928.0
2018-01-29 13:11:04.220000,33.35,33.35,33.4,28073928.0
2018-01-29 13:11:07.344000,33.35,33.35,33.4,28073928.0
2018-01-29 13:11:10.246000,33.35,33.35,33.4,28073928.0
2018-01-29 13:11:13.482000,33.35,33.35,33.4,28073928.0
2018-01-29 13:11:16.603000,33.35,33.35,33.4,28073928.0
2018-01-29 13:11:19.844000,33.35,33.35,33.4,28073928.0
2018-01-29 13:11:22.789000,33.35,33.35,33.4,28073928.0
2018-01-29 13:11:25.772000,33.35,33.35,33.4,28073928.0
2018-01-29 13:11:28.892000,33.35,33.35,33.4,28073928.0
2018-01-29 13:11:32.289000,33.35,33.35,33.4,28073928.0
2018-01-29 13:11:35.669000,33.4,33.35,33.4,28076168.0
2018-01-29 13:11:38.872000,33.4,33.35,33.4,28076168.0
2018-01-29 13:11:42.108000,33.4,33.35,33.4,28076168.0
2018-01-29 13:11:45.261000,33.4,33.35,33.4,28076168.0
2018-01-29 13:11:48.514000,33.4,33.35,33.4,28076168.0
2018-01-29 13:11:51.799000,33.4,33.35,33.4,28076168.0
2018-01-29 13:11:55.523000,33.4,33.35,33.4,28076168.0
2018-01-29 13:11:58.638000,33.4,33.35,33.4,28076168.0
2018-01-29 13:12:01.998000,33.4,33.35,33.4,28076168.0
2018-01-29 13:12:05.239000,33.4,33.35,33.4,28076168.0
2018-01-29 13:12:08.444000,33.4,33.35,33.4,28076168.0
2018-01-29 13:12:11.511000,33.4,33.35,33.4,28076168.0
2018-01-29 13:12:14.702000,33.4,33.35,33.4,28076168.0
2018-01-29 13:12:17.874000,33.4,33.35,33.4,28076168.0
2018-01-29 13:12:21.123000,33.4,33.35,33.4,28076168.0
2018-01-29 13:12:24.249000,33.4,33.35,33.4,28076168.0
2018-01-29 13:12:27.261000,33.4,33.35,33.4,28076168.0
2018-01-29 13:12:30.340000,33.4,33.35,33.4,28076168.0
2018-01-29 13:12:33.573000,33.4,33.35,33.4,28076168.0
2018-01-29 13:12:36.606000,33.4,33.35,33.4,28076168.0
2018-01-29 13:12:39.868000,33.4,33.35,33.4,28076168.0
2018-01-29 13:12:42.971000,33.4,33.35,33.4,28076168.0
2018-01-29 13:12:46.055000,33.4,33.35,33.4,28076168.0
2018-01-29 13:12:49.292000,33.4,33.35,33.4,28076168.0
2018-01-29 13:12:52.760000,33.4,33.35,33.4,28076168.0
2018-01-29 13:12:55.916000,33.4,33.35,33.4,28076168.0
2018-01-29 13:12:59.097000,33.4,33.35,33.4,28076168.0
2018-01-29 13:13:02.281000,33.4,33.35,33.4,28076168.0
2018-01-29 13:13:05.636000,33.4,33.35,33.4,28076168.0
2018-01-29 13:13:08.672000,33.4,33.35,33.4,28076168.0
2018-01-29 13:13:11.558000,,,,
2018-01-29 13:13:14.767000,33.4,33.35,33.4,28076168.0
2018-01-29 13:13:18.095000,33.4,33.35,33.4,28076168.0
2018-01-29 13:13:21.454000,33.4,33.35,33.4,28076668.0
2018-01-29 13:13:24.657000,33.4,33.35,33.4,28076668.0
2018-01-29 13:13:27.769000,33.4,33.35,33.4,28076668.0
2018-01-29 13:13:31.094000,33.4,33.35,33.4,28076668.0
2018-01-29 13:13:34.475000,33.4,33.35,33.4,28076668.0
2018-01-29 13:13:37.470000,33.4,33.35,33.4,28076668.0
2018-01-29 13:13:40.595000,33.4,33.35,33.4,28076668.0
2018-01-29 13:13:43.750000,33.4,33.35,33.4,28076668.0
2018-01-29 13:13:47.077000,33.4,33.35,33.4,28076668.0
2018-01-29 13:13:50.245000,33.4,33.35,33.4,28076668.0
2018-01-29 13:13:53.438000,33.4,33.35,33.4,28076668.0
2018-01-29 13:13:56.701000,33.4,33.35,33.4,28076668.0
2018-01-29 13:13:59.771000,33.4,33.35,33.4,28076668.0
2018-01-29 13:14:03.161000,33.4,33.35,33.4,28076668.0
2018-01-29 13:14:06.468000,33.4,33.35,33.4,28076668.0
2018-01-29 13:14:09.518000,33.4,33.35,33.4,28076668.0
2018-01-29 13:14:12.527000,33.4,33.35,33.4,28076668.0
2018-01-29 13:14:15.650000,33.4,33.35,33.4,28180168.0
2018-01-29 13:14:18.799000,33.4,33.35,33.4,28180168.0
2018-01-29 13:14:21.920000,33.4,33.35,33.4,28180168.0
2018-01-29 13:14:24.996000,33.4,33.35,33.4,28180168.0
2018-01-29 13:14:28.161000,33.4,33.35,33.4,28180168.0
2018-01-29 13:14:31.514000,33.4,33.35,33.4,28180168.0
2018-01-29 13:14:34.644000,33.4,33.35,33.4,28180168.0
2018-01-29 13:14:37.745000,33.4,33.35,33.4,28180168.0
2018-01-29 13:14:40.844000,33.4,33.35,33.4,28180168.0
2018-01-29 13:14:44.084000,33.4,33.35,33.4,28180168.0
2018-01-29 13:14:47.196000,33.4,33.35,33.4,28180168.0
2018-01-29 13:14:50.358000,33.4,33.35,33.4,28180168.0
2018-01-29 13:14:53.576000,33.4,33.35,33.4,28180168.0
2018-01-29 13:14:56.768000,33.4,33.35,33.4,28180168.0
2018-01-29 13:14:59.660000,33.4,33.35,33.4,28180168.0
2018-01-29 13:15:03.064000,33.4,33.35,33.4,28180168.0
2018-01-29 13:15:06.013000,33.4,33.35,33.4,28180168.0
2018-01-29 13:15:09.101000,33.4,33.35,33.4,28180168.0
2018-01-29 13:15:12.300000,33.4,33.35,33.4,28180168.0
2018-01-29 13:15:15.966000,33.4,33.35,33.4,28180168.0
2018-01-29 13:15:19.007000,33.4,33.35,33.4,28180168.0
2018-01-29 13:15:22.066000,33.4,33.35,33.4,28180168.0
2018-01-29 13:15:25.006000,33.4,33.35,33.4,28180168.0
2018-01-29 13:15:28.326000,33.4,33.35,33.4,28180168.0
2018-01-29 13:15:31.279000,33.4,33.35,33.4,28180168.0
2018-01-29 13:15:34.473000,33.4,33.35,33.4,28499168.0
2018-01-29 13:15:37.750000,33.4,33.35,33.4,28499168.0
2018-01-29 13:15:41.062000,33.4,33.35,33.4,28499168.0
2018-01-29 13:15:44.210000,33.4,33.35,33.4,28499168.0
2018-01-29 13:15:47.312000,33.4,33.35,33.4,28499168.0
2018-01-29 13:15:50.317000,33.4,33.35,33.4,28499168.0
2018-01-29 13:15:53.360000,33.4,33.35,33.4,28499168.0
2018-01-29 13:15:56.578000,33.4,33.35,33.4,28499168.0
2018-01-29 13:16:00.035000,33.4,33.35,33.4,28499168.0
2018-01-29 13:16:03.257000,33.4,33.35,33.4,28499168.0
2018-01-29 13:16:06.342000,33.4,33.35,33.4,28499168.0
2018-01-29 13:16:09.640000,33.4,33.35,33.4,28499168.0
2018-01-29 13:16:12.757000,33.4,33.35,33.4,28499168.0
2018-01-29 13:16:15.999000,33.4,33.35,33.4,28499168.0
2018-01-29 13:16:19.157000,33.4,33.35,33.4,28499168.0
2018-01-29 13:16:22.301000,33.4,33.35,33.4,28499168.0
2018-01-29 13:16:25.820000,33.4,33.35,33.4,28499168.0
2018-01-29 13:16:28.845000,33.4,33.35,33.4,28499168.0
2018-01-29 13:16:32.208000,33.4,33.35,33.4,28499168.0
2018-01-29 13:16:35.496000,33.4,33.35,33.4,28499168.0
2018-01-29 13:16:38.693000,33.4,33.35,33.4,28499168.0
2018-01-29 13:16:42.021000,33.4,33.35,33.4,28499168.0
2018-01-29 13:16:45.243000,33.4,33.35,33.4,28499168.0
2018-01-29 13:16:48.615000,33.4,33.35,33.4,28499168.0
2018-01-29 13:16:51.656000,33.35,33.35,33.4,28801668.0
2018-01-29 13:16:54.912000,33.35,33.35,33.4,28801668.0
2018-01-29 13:16:57.781000,33.35,33.35,33.4,28801668.0
2018-01-29 13:17:00.762000,33.35,33.35,33.4,28801668.0
2018-01-29 13:17:03.737000,33.35,33.35,33.4,28801668.0
2018-01-29 13:17:06.819000,33.35,33.35,33.4,28801668.0
2018-01-29 13:17:09.922000,33.35,33.35,33.4,28801668.0
2018-01-29 13:17:12.951000,33.35,33.35,33.4,28801668.0
2018-01-29 13:17:16.360000,33.35,33.35,33.4,28801668.0
2018-01-29 13:17:19.486000,33.35,33.35,33.4,28801668.0
2018-01-29 13:17:22.691000,33.35,33.35,33.4,28801668.0
2018-01-29 13:17:25.838000,33.35,33.35,33.4,28801668.0
2018-01-29 13:17:29.273000,33.35,33.35,33.4,28801668.0
2018-01-29 13:17:32.408000,33.35,33.35,33.4,28801668.0
2018-01-29 13:17:35.495000,33.35,33.35,33.4,28801668.0
2018-01-29 13:17:38.631000,33.35,33.35,33.4,28801668.0
2018-01-29 13:17:41.742000,33.35,33.35,33.4,28801668.0
2018-01-29 13:17:44.899000,33.35,33.35,33.4,28801668.0
2018-01-29 13:17:48.019000,33.35,33.35,33.4,28801668.0
2018-01-29 13:17:51.113000,33.35,33.35,33.4,28801668.0
2018-01-29 13:17:54.082000,33.35,33.35,33.4,28801668.0
2018-01-29 13:17:56.964000,33.35,33.35,33.4,28801668.0
2018-01-29 13:17:59.695000,33.35,33.35,33.4,28805668.0
2018-01-29 13:18:02.527000,33.35,33.35,33.4,28805668.0
2018-01-29 13:18:05.449000,33.35,33.35,33.4,28805668.0
2018-01-29 13:18:08.428000,33.35,33.35,33.4,28805668.0
2018-01-29 13:18:11.792000,33.35,33.35,33.4,28805668.0
2018-01-29 13:18:14.648000,33.35,33.35,33.4,28805668.0
2018-01-29 13:18:17.434000,33.35,33.35,33.4,28805668.0
2018-01-29 13:18:20.330000,33.35,33.35,33.4,28805668.0
2018-01-29 13:18:23.412000,33.35,33.35,33.4,28805668.0
2018-01-29 13:18:26.535000,33.35,33.3,33.4,28879168.0
2018-01-29 13:18:30.212000,33.35,33.3,33.4,28879168.0
2018-01-29 13:18:33.228000,33.35,33.3,33.4,28879168.0
2018-01-29 13:18:36.456000,33.35,33.3,33.4,28879168.0
2018-01-29 13:18:39.680000,33.35,33.3,33.4,28879168.0
2018-01-29 13:18:43.236000,33.35,33.3,33.4,28879168.0
2018-01-29 13:18:46.253000,33.35,33.3,33.4,28879168.0
2018-01-29 13:18:49.588000,33.35,33.3,33.4,28879168.0
2018-01-29 13:18:52.903000,33.35,33.3,33.4,28879168.0
2018-01-29 13:18:55.887000,33.35,33.3,33.4,28879168.0
2018-01-29 13:18:59.044000,33.35,33.3,33.4,28879168.0
2018-01-29 13:19:02.223000,33.35,33.3,33.4,28879168.0
2018-01-29 13:19:05.239000,33.35,33.3,33.4,28879168.0
2018-01-29 13:19:08.363000,33.35,33.3,33.4,28879168.0
2018-01-29 13:19:11.252000,33.35,33.3,33.4,28879168.0
2018-01-29 13:19:14.263000,33.35,33.3,33.4,28879168.0
2018-01-29 13:19:17.369000,33.35,33.3,33.4,28879168.0
2018-01-29 13:19:20.526000,33.35,33.3,33.4,28879168.0
2018-01-29 13:19:23.617000,33.35,33.3,33.4,28879168.0
2018-01-29 13:19:27.839000,33.35,33.3,33.4,28879168.0
2018-01-29 13:19:30.930000,33.35,33.3,33.4,28879168.0
2018-01-29 13:19:33.762000,33.35,33.3,33.4,28879168.0
2018-01-29 13:19:36.974000,33.35,33.3,33.4,28879168.0
2018-01-29 13:19:40.208000,33.35,33.3,33.4,28879168.0
2018-01-29 13:19:45.153000,33.35,33.3,33.4,28879168.0
2018-01-29 13:19:48.090000,33.35,33.3,33.4,28879168.0
2018-01-29 13:19:51.090000,33.35,33.3,33.4,28879168.0
2018-01-29 13:19:53.992000,33.35,33.3,33.4,28879168.0
2018-01-29 13:19:57.260000,33.35,33.3,33.4,28879168.0
2018-01-29 13:20:00.386000,33.35,33.3,33.4,28879168.0
2018-01-29 13:20:03.298000,33.35,33.3,33.4,28879168.0
2018-01-29 13:20:06.208000,33.35,33.3,33.4,28879168.0
2018-01-29 13:20:09.309000,33.35,33.3,33.4,28879168.0
2018-01-29 13:20:12.449000,33.35,33.3,33.4,28879168.0
2018-01-29 13:20:15.402000,33.35,33.3,33.4,28879168.0
2018-01-29 13:20:18.371000,33.35,33.3,33.4,28879168.0
2018-01-29 13:20:21.223000,33.35,33.3,33.4,28879168.0
2018-01-29 13:20:24.363000,33.35,33.3,33.4,28879168.0
2018-01-29 13:20:27.250000,33.35,33.3,33.4,28879168.0
2018-01-29 13:20:30.246000,33.35,33.3,33.4,28879168.0
2018-01-29 13:20:33.215000,33.35,33.3,33.4,28879168.0
2018-01-29 13:20:36.383000,33.35,33.3,33.4,28879168.0
2018-01-29 13:20:39.577000,33.35,33.3,33.4,28879168.0
2018-01-29 13:20:42.693000,33.35,33.3,33.4,28879168.0
2018-01-29 13:20:45.766000,33.35,33.3,33.4,28879168.0
2018-01-29 13:20:48.878000,33.35,33.3,33.35,28879168.0
2018-01-29 13:20:51.757000,33.35,33.3,33.35,28879168.0
2018-01-29 13:20:54.680000,33.35,33.3,33.35,28879168.0
2018-01-29 13:20:57.843000,33.35,33.3,33.35,28879168.0
2018-01-29 13:21:00.808000,33.35,33.3,33.35,28879168.0
2018-01-29 13:21:04.078000,33.35,33.3,33.35,28879168.0
2018-01-29 13:21:07.008000,33.35,33.3,33.35,28879168.0
2018-01-29 13:21:09.897000,33.35,33.3,33.35,28879168.0
2018-01-29 13:21:13,33.35,33.3,33.35,28879168.0
2018-01-29 13:21:16.030000,33.35,33.3,33.35,28879168.0
2018-01-29 13:21:19.076000,33.35,33.3,33.35,28879168.0
2018-01-29 13:21:22.383000,33.35,33.3,33.35,28879168.0
2018-01-29 13:21:25.462000,33.35,33.3,33.35,28879168.0
2018-01-29 13:21:28.436000,33.35,33.3,33.35,28879168.0
2018-01-29 13:21:31.537000,33.35,33.3,33.35,28879168.0
2018-01-29 13:21:34.704000,33.35,33.3,33.35,28879168.0
2018-01-29 13:21:37.617000,33.35,33.3,33.35,28879168.0
2018-01-29 13:21:40.829000,33.35,33.3,33.35,28879168.0
2018-01-29 13:21:44.126000,33.35,33.3,33.35,28879168.0
2018-01-29 13:21:47.108000,33.35,33.3,33.35,28879168.0
2018-01-29 13:21:50.189000,33.35,33.3,33.35,28879168.0
2018-01-29 13:21:53.345000,33.35,33.3,33.35,28879168.0
2018-01-29 13:21:56.202000,33.35,33.3,33.35,28879168.0
2018-01-29 13:21:59.361000,33.35,33.3,33.35,28879168.0
2018-01-29 13:22:02.686000,33.35,33.3,33.35,28879168.0
2018-01-29 13:22:05.581000,33.35,33.3,33.35,28879168.0
2018-01-29 13:22:08.516000,33.35,33.3,33.35,28879168.0
2018-01-29 13:22:11.557000,33.35,33.3,33.35,28879168.0
2018-01-29 13:22:14.580000,33.35,33.3,33.35,28879168.0
2018-01-29 13:22:17.574000,33.35,33.3,33.35,28879168.0
2018-01-29 13:22:20.464000,33.35,33.3,33.35,28879168.0
2018-01-29 13:22:23.536000,33.35,33.3,33.35,28879168.0
2018-01-29 13:22:26.574000,33.35,33.3,33.35,28879168.0
2018-01-29 13:22:29.827000,33.35,33.3,33.35,28879168.0
2018-01-29 13:22:32.858000,33.35,33.3,33.35,28880168.0
2018-01-29 13:22:35.891000,33.35,33.3,33.35,28880168.0
2018-01-29 13:22:38.831000,33.35,33.3,33.35,28880168.0
2018-01-29 13:22:42.062000,33.35,33.3,33.35,28880168.0
2018-01-29 13:22:44.968000,33.35,33.3,33.35,28880168.0
2018-01-29 13:22:48.234000,33.35,33.3,33.35,28880168.0
2018-01-29 13:22:51.246000,33.35,33.3,33.35,28880168.0
2018-01-29 13:22:54.265000,33.35,33.3,33.35,28880168.0
2018-01-29 13:22:57.454000,33.35,33.3,33.35,28880168.0
2018-01-29 13:23:00.391000,33.35,33.3,33.35,28880168.0
2018-01-29 13:23:03.390000,33.35,33.3,33.35,28880168.0
2018-01-29 13:23:06.464000,33.35,33.3,33.35,28880168.0
2018-01-29 13:23:09.602000,33.35,33.3,33.35,28880168.0
2018-01-29 13:23:12.662000,33.35,33.3,33.4,28880168.0
2018-01-29 13:23:15.696000,33.35,33.3,33.4,28880168.0
2018-01-29 13:23:18.687000,33.35,33.3,33.4,28880168.0
2018-01-29 13:23:21.729000,33.35,33.3,33.4,28880168.0
2018-01-29 13:23:24.720000,33.35,33.3,33.4,28880168.0
2018-01-29 13:23:27.756000,33.35,33.3,33.4,28880168.0
2018-01-29 13:23:30.714000,33.35,33.3,33.4,28880168.0
2018-01-29 13:23:33.776000,33.35,33.3,33.4,28880168.0
2018-01-29 13:23:36.841000,33.35,33.3,33.4,28880168.0
2018-01-29 13:23:39.888000,33.35,33.3,33.4,28880168.0
2018-01-29 13:23:42.932000,33.35,33.3,33.4,28880168.0
2018-01-29 13:23:46.019000,33.35,33.3,33.4,28880168.0
2018-01-29 13:23:49.080000,33.35,33.3,33.4,28880168.0
2018-01-29 13:23:52.002000,33.35,33.3,33.4,28880168.0
2018-01-29 13:23:55.089000,33.35,33.3,33.4,28880168.0
2018-01-29 13:23:57.952000,33.35,33.3,33.4,28880168.0
2018-01-29 13:24:00.971000,33.35,33.3,33.4,28880168.0
2018-01-29 13:24:04.146000,33.35,33.3,33.4,28880168.0
2018-01-29 13:24:07.193000,33.35,33.3,33.4,28880168.0
2018-01-29 13:24:10.263000,33.35,33.3,33.4,28880168.0
2018-01-29 13:24:14.674000,33.35,33.3,33.4,28880168.0
2018-01-29 13:24:18.186000,33.35,33.3,33.4,28880168.0
2018-01-29 13:24:22.076000,33.35,33.3,33.4,28880168.0
2018-01-29 13:24:25.314000,33.35,33.3,33.4,28880168.0
2018-01-29 13:24:28.753000,33.35,33.3,33.4,28880168.0
2018-01-29 13:24:32.092000,33.35,33.3,33.4,28880168.0
2018-01-29 13:24:35.317000,33.35,33.3,33.4,28880168.0
2018-01-29 13:24:38.491000,33.35,33.3,33.4,28880168.0
2018-01-29 13:24:41.620000,33.35,33.35,33.4,28880668.0
2018-01-29 13:24:45.018000,33.35,33.35,33.4,28880668.0
2018-01-29 13:24:48.518000,33.35,33.35,33.4,28880668.0
2018-01-29 13:24:51.875000,33.35,33.35,33.4,28880668.0
2018-01-29 13:24:55.016000,33.35,33.35,33.4,28880668.0
2018-01-29 13:24:58.225000,33.35,33.35,33.4,28880668.0
2018-01-29 13:25:01.518000,33.35,33.35,33.4,28880668.0
2018-01-29 13:25:04.913000,33.35,33.35,33.4,28880668.0
2018-01-29 13:25:08.047000,33.35,33.35,33.4,28880668.0
2018-01-29 13:25:11.109000,33.35,33.35,33.4,28880668.0
2018-01-29 13:25:14.197000,33.35,33.35,33.4,28880668.0
2018-01-29 13:25:17.344000,33.35,33.35,33.4,28880668.0
2018-01-29 13:25:20.319000,33.35,33.35,33.4,28880668.0
2018-01-29 13:25:23.468000,33.35,33.35,33.4,28880668.0
2018-01-29 13:25:26.438000,33.35,33.35,33.4,28880668.0
2018-01-29 13:25:29.754000,33.35,33.35,33.4,28880668.0
2018-01-29 13:25:32.692000,33.35,33.35,33.4,28880668.0
2018-01-29 13:25:35.895000,33.35,33.35,33.4,28880668.0
2018-01-29 13:25:38.800000,33.35,33.35,33.4,28880668.0
2018-01-29 13:25:41.860000,33.35,33.35,33.4,28880668.0
2018-01-29 13:25:44.989000,33.35,33.35,33.4,28880668.0
2018-01-29 13:25:48.143000,33.35,33.35,33.4,28880668.0
2018-01-29 13:25:51.076000,33.35,33.35,33.4,28880668.0
2018-01-29 13:25:54.212000,33.35,33.35,33.4,28880668.0
2018-01-29 13:25:57.206000,33.35,33.35,33.4,28880668.0
2018-01-29 13:26:00.238000,33.35,33.35,33.4,28880668.0
2018-01-29 13:26:03.866000,33.35,33.35,33.4,28880668.0
2018-01-29 13:26:07.564000,33.35,33.35,33.4,28880668.0
2018-01-29 13:26:11.077000,33.35,33.35,33.4,28880668.0
2018-01-29 13:26:14.347000,33.35,33.35,33.4,28880668.0
2018-01-29 13:26:17.281000,33.35,33.35,33.4,28880668.0
2018-01-29 13:26:20.865000,33.35,33.35,33.4,28880668.0
2018-01-29 13:26:24.072000,33.35,33.35,33.4,28880668.0
2018-01-29 13:26:27.218000,33.35,33.35,33.4,28880668.0
2018-01-29 13:26:30.318000,33.35,33.35,33.4,28880668.0
2018-01-29 13:26:33.586000,33.35,33.35,33.4,28880668.0
2018-01-29 13:26:36.649000,33.35,33.35,33.4,28880890.0
2018-01-29 13:26:39.718000,33.35,33.35,33.4,28880890.0
2018-01-29 13:26:42.769000,33.35,33.35,33.4,28880890.0
2018-01-29 13:26:45.904000,33.35,33.35,33.4,28880890.0
2018-01-29 13:26:49.065000,33.35,33.35,33.4,28880890.0
2018-01-29 13:26:52.199000,33.35,33.35,33.4,28880890.0
2018-01-29 13:26:55.210000,33.35,33.35,33.4,28880890.0
2018-01-29 13:26:58.234000,33.35,33.35,33.4,28880890.0
2018-01-29 13:27:01.307000,33.35,33.35,33.4,28880890.0
2018-01-29 13:27:04.213000,33.35,33.35,33.4,28880890.0
2018-01-29 13:27:07.001000,33.35,33.35,33.4,28880890.0
2018-01-29 13:27:10.274000,33.35,33.35,33.4,28880890.0
2018-01-29 13:27:13.672000,33.35,33.35,33.4,28880890.0
2018-01-29 13:27:16.420000,33.35,33.35,33.4,28880890.0
2018-01-29 13:27:19.397000,33.35,33.35,33.4,28880890.0
2018-01-29 13:27:22.547000,33.35,33.35,33.4,28880890.0
2018-01-29 13:27:25.558000,33.35,33.35,33.4,28880890.0
2018-01-29 13:27:28.489000,33.35,33.35,33.4,28880890.0
2018-01-29 13:27:31.404000,33.35,33.35,33.4,28880890.0
2018-01-29 13:27:34.307000,33.35,33.35,33.4,28880890.0
2018-01-29 13:27:37.268000,33.35,33.35,33.4,28880890.0
2018-01-29 13:27:40.194000,33.35,33.35,33.4,28880890.0
2018-01-29 13:27:43.329000,33.35,33.35,33.4,28880890.0
2018-01-29 13:27:46.481000,33.35,33.35,33.4,28880890.0
2018-01-29 13:27:49.458000,33.35,33.35,33.4,28880890.0
2018-01-29 13:27:52.579000,33.35,33.35,33.4,28880890.0
2018-01-29 13:27:55.595000,33.35,33.35,33.4,28880890.0
2018-01-29 13:27:58.769000,33.35,33.35,33.4,28880890.0
2018-01-29 13:28:02.079000,33.35,33.35,33.4,28880890.0
2018-01-29 13:28:05.248000,33.35,33.35,33.4,28880890.0
2018-01-29 13:28:08.409000,33.35,33.35,33.4,28880890.0
2018-01-29 13:28:11.488000,33.35,33.35,33.4,28880890.0
2018-01-29 13:28:14.613000,33.35,33.35,33.4,28880890.0
2018-01-29 13:28:17.594000,33.35,33.35,33.4,28880890.0
2018-01-29 13:28:20.475000,33.35,33.35,33.4,28880890.0
2018-01-29 13:28:23.285000,33.35,33.35,33.4,28880890.0
2018-01-29 13:28:26.182000,33.35,33.35,33.4,28880890.0
2018-01-29 13:28:29.337000,33.35,33.35,33.4,28880890.0
2018-01-29 13:28:32.395000,33.35,33.35,33.4,28880890.0
2018-01-29 13:28:35.343000,33.35,33.35,33.4,28880890.0
2018-01-29 13:28:38.257000,33.35,33.35,33.4,29457390.0
2018-01-29 13:28:41.199000,33.35,33.35,33.4,29457390.0
2018-01-29 13:28:44.429000,33.35,33.35,33.4,29457390.0
2018-01-29 13:28:47.345000,33.35,33.35,33.4,29457390.0
2018-01-29 13:28:50.411000,33.35,33.35,33.4,29457390.0
2018-01-29 13:28:53.615000,33.35,33.35,33.4,29457390.0
2018-01-29 13:28:56.654000,33.35,33.35,33.4,29457390.0
2018-01-29 13:28:59.664000,33.35,33.35,33.4,29457390.0
2018-01-29 13:29:02.892000,33.35,33.35,33.4,29457390.0
2018-01-29 13:29:05.915000,33.35,33.35,33.4,29457390.0
2018-01-29 13:29:08.868000,33.35,33.35,33.4,29457390.0
2018-01-29 13:29:12.018000,33.35,33.35,33.4,29457390.0
2018-01-29 13:29:15.121000,33.35,33.35,33.4,29457390.0
2018-01-29 13:29:18.180000,33.35,33.35,33.4,29457390.0
2018-01-29 13:29:21.222000,33.35,33.35,33.4,29457390.0
2018-01-29 13:29:24.291000,33.35,33.35,33.4,29457390.0
2018-01-29 13:29:27.363000,33.35,33.35,33.4,29457390.0
2018-01-29 13:29:30.449000,33.35,33.35,33.4,29457390.0
2018-01-29 13:29:33.510000,33.35,33.35,33.4,29457390.0
2018-01-29 13:29:36.511000,33.35,33.35,33.4,29458390.0
2018-01-29 13:29:39.448000,33.35,33.35,33.4,29458390.0
2018-01-29 13:29:42.520000,33.35,33.35,33.4,29458390.0
2018-01-29 13:29:45.651000,33.35,33.35,33.4,29458390.0
2018-01-29 13:29:48.999000,33.35,33.35,33.4,29458390.0
2018-01-29 13:29:52.129000,33.35,33.35,33.4,29458390.0
2018-01-29 13:29:55.164000,33.35,33.35,33.4,29458390.0
2018-01-29 13:29:58.378000,33.35,33.35,33.4,29458390.0
2018-01-29 13:30:01.213000,33.35,33.35,33.4,29458390.0
2018-01-29 13:30:04.498000,33.35,33.35,33.4,29458390.0
2018-01-29 13:30:07.553000,33.35,33.35,33.4,29458390.0
2018-01-29 13:30:10.615000,33.35,33.35,33.4,29458390.0
2018-01-29 13:30:13.801000,33.35,33.35,33.4,29458390.0
2018-01-29 13:30:17.900000,33.35,33.35,33.4,29458390.0
2018-01-29 13:30:20.978000,33.35,33.35,33.4,29458390.0
2018-01-29 13:30:24.073000,33.35,33.35,33.4,29458390.0
2018-01-29 13:30:27.317000,33.35,33.35,33.4,29458390.0
2018-01-29 13:30:30.290000,33.35,33.35,33.4,29458390.0
2018-01-29 13:30:33.261000,33.35,33.35,33.4,29458390.0
2018-01-29 13:30:36.245000,33.35,33.35,33.4,29508390.0
2018-01-29 13:30:39.228000,33.35,33.35,33.4,29508390.0
2018-01-29 13:30:42.272000,33.35,33.35,33.4,29508390.0
2018-01-29 13:30:46.958000,33.35,33.35,33.4,29508390.0
2018-01-29 13:30:49.871000,33.35,33.35,33.4,29508390.0
2018-01-29 13:30:52.872000,33.35,33.35,33.4,29508390.0
2018-01-29 13:30:55.844000,33.35,33.35,33.4,29508390.0
2018-01-29 13:30:58.898000,33.35,33.35,33.4,29508390.0
2018-01-29 13:31:02.047000,33.35,33.35,33.4,29508390.0
2018-01-29 13:31:05.077000,33.35,33.35,33.4,29508390.0
2018-01-29 13:31:08.287000,33.35,33.35,33.4,29508390.0
2018-01-29 13:31:11.197000,33.35,33.35,33.4,29508390.0
2018-01-29 13:31:14.170000,33.35,33.35,33.4,29508390.0
2018-01-29 13:31:17.490000,33.35,33.35,33.4,29508390.0
2018-01-29 13:31:20.370000,33.35,33.35,33.4,29508390.0
2018-01-29 13:31:23.475000,33.35,33.3,33.35,29875890.0
2018-01-29 13:31:26.655000,33.35,33.3,33.35,29875890.0
2018-01-29 13:31:29.716000,33.35,33.3,33.35,29875890.0
2018-01-29 13:31:32.823000,33.35,33.3,33.35,29875890.0
2018-01-29 13:31:35.832000,33.35,33.3,33.35,29875890.0
2018-01-29 13:31:38.825000,33.35,33.3,33.35,29875890.0
2018-01-29 13:31:41.889000,33.35,33.3,33.35,29875890.0
2018-01-29 13:31:44.918000,33.35,33.3,33.35,29875890.0
2018-01-29 13:31:47.835000,33.35,33.3,33.35,29875890.0
2018-01-29 13:31:50.824000,33.35,33.3,33.35,29875890.0
2018-01-29 13:31:53.919000,33.35,33.3,33.35,29875890.0
2018-01-29 13:31:56.841000,33.35,33.3,33.35,29875890.0
2018-01-29 13:32:01.030000,33.35,33.3,33.35,29875890.0
2018-01-29 13:32:04.151000,33.35,33.3,33.35,29875890.0
2018-01-29 13:32:07.130000,33.35,33.3,33.35,29875890.0
2018-01-29 13:32:10.171000,33.35,33.3,33.35,29875890.0
2018-01-29 13:32:13.366000,33.35,33.3,33.35,29875890.0
2018-01-29 13:32:16.413000,33.35,33.3,33.35,29875890.0
2018-01-29 13:32:19.451000,33.35,33.3,33.35,29875890.0
2018-01-29 13:32:22.540000,33.35,33.3,33.35,29875890.0
2018-01-29 13:32:25.627000,33.35,33.3,33.35,29875890.0
2018-01-29 13:32:28.621000,33.35,33.3,33.35,29875890.0
2018-01-29 13:32:31.736000,33.35,33.3,33.35,29875890.0
2018-01-29 13:32:34.844000,33.35,33.3,33.35,29875890.0
2018-01-29 13:32:37.815000,33.35,33.3,33.35,29875890.0
2018-01-29 13:32:40.803000,33.35,33.3,33.35,29875890.0
2018-01-29 13:32:43.873000,33.35,33.3,33.35,29875890.0
2018-01-29 13:32:46.799000,33.35,33.3,33.35,29875890.0
2018-01-29 13:32:49.903000,33.35,33.3,33.35,29875890.0
2018-01-29 13:32:52.882000,33.35,33.3,33.35,29875890.0
2018-01-29 13:32:56.008000,33.35,33.3,33.35,29875890.0
2018-01-29 13:32:58.797000,33.35,33.3,33.35,29875890.0
2018-01-29 13:33:01.622000,33.35,33.3,33.35,29875890.0
2018-01-29 13:33:04.480000,33.35,33.3,33.35,29875890.0
2018-01-29 13:33:07.664000,33.35,33.3,33.35,29875890.0
2018-01-29 13:33:10.939000,33.35,33.3,33.35,29875890.0
2018-01-29 13:33:14.080000,33.35,33.3,33.35,29875890.0
2018-01-29 13:33:17.017000,33.35,33.35,33.4,30180890.0
2018-01-29 13:33:20.094000,33.35,33.35,33.4,30180890.0
2018-01-29 13:33:23.258000,33.35,33.35,33.4,30180890.0
2018-01-29 13:33:26.229000,33.35,33.35,33.4,30180890.0
2018-01-29 13:33:29.260000,33.35,33.35,33.4,30180890.0
2018-01-29 13:33:32.294000,33.35,33.35,33.4,30180890.0
2018-01-29 13:33:35.410000,33.35,33.35,33.4,30180890.0
2018-01-29 13:33:38.498000,33.35,33.35,33.4,30180890.0
2018-01-29 13:33:41.470000,33.35,33.35,33.4,30180890.0
2018-01-29 13:33:44.481000,33.35,33.35,33.4,30180890.0
2018-01-29 13:33:47.555000,33.35,33.35,33.4,30180890.0
2018-01-29 13:33:50.541000,33.35,33.35,33.4,30180890.0
2018-01-29 13:33:53.628000,33.35,33.35,33.4,30180890.0
2018-01-29 13:33:56.380000,33.35,33.35,33.4,30180890.0
2018-01-29 13:33:59.535000,33.35,33.35,33.4,30180890.0
2018-01-29 13:34:02.649000,33.35,33.35,33.4,30180890.0
2018-01-29 13:34:05.625000,33.35,33.35,33.4,30180890.0
2018-01-29 13:34:08.466000,33.35,33.35,33.4,30180890.0
2018-01-29 13:34:11.505000,33.35,33.35,33.4,30180890.0
2018-01-29 13:34:14.417000,33.35,33.35,33.4,30180890.0
2018-01-29 13:34:17.494000,33.35,33.35,33.4,30404890.0
2018-01-29 13:34:20.322000,33.35,33.35,33.4,30404890.0
2018-01-29 13:34:23.205000,33.35,33.35,33.4,30404890.0
2018-01-29 13:34:26.188000,33.35,33.35,33.4,30404890.0
2018-01-29 13:34:29.119000,33.35,33.35,33.4,30404890.0
2018-01-29 13:34:31.997000,33.35,33.35,33.4,30404890.0
2018-01-29 13:34:35.031000,33.35,33.35,33.4,30404890.0
2018-01-29 13:34:38.121000,33.35,33.35,33.4,30404890.0
2018-01-29 13:34:41.269000,33.35,33.35,33.4,30404890.0
2018-01-29 13:34:44.326000,33.35,33.35,33.4,30404890.0
2018-01-29 13:34:47.248000,33.35,33.35,33.4,30404890.0
2018-01-29 13:34:50.231000,33.35,33.35,33.4,30404890.0
2018-01-29 13:34:53.142000,33.35,33.35,33.4,30404890.0
2018-01-29 13:34:56.199000,33.35,33.35,33.4,30404890.0
2018-01-29 13:34:59.207000,33.35,33.35,33.4,30404890.0
2018-01-29 13:35:02.151000,33.35,33.35,33.4,30404890.0
2018-01-29 13:35:05.420000,33.35,33.35,33.4,30404890.0
2018-01-29 13:35:08.452000,33.35,33.3,33.4,30564890.0
2018-01-29 13:35:11.395000,33.35,33.3,33.4,30564890.0
2018-01-29 13:35:14.560000,33.35,33.3,33.4,30564890.0
2018-01-29 13:35:17.573000,33.35,33.3,33.4,30564890.0
2018-01-29 13:35:21.194000,33.35,33.3,33.4,30564890.0
2018-01-29 13:35:24.173000,33.35,33.3,33.4,30564890.0
2018-01-29 13:35:27.109000,33.35,33.3,33.4,30564890.0
2018-01-29 13:35:30.111000,33.35,33.3,33.4,30564890.0
2018-01-29 13:35:32.988000,33.35,33.3,33.4,30564890.0
2018-01-29 13:35:35.852000,33.35,33.3,33.4,30564890.0
2018-01-29 13:35:38.877000,33.35,33.3,33.4,30564890.0
2018-01-29 13:35:42.008000,33.35,33.3,33.4,30564890.0
2018-01-29 13:35:44.877000,33.35,33.3,33.4,30564890.0
2018-01-29 13:35:48.102000,33.35,33.3,33.4,30564890.0
2018-01-29 13:35:51.033000,33.35,33.3,33.4,30564890.0
2018-01-29 13:35:53.957000,33.35,33.3,33.4,30564890.0
2018-01-29 13:35:56.852000,33.35,33.3,33.4,30564890.0
2018-01-29 13:35:59.858000,33.35,33.3,33.4,30564890.0
2018-01-29 13:36:02.812000,33.35,33.3,33.4,30564890.0
2018-01-29 13:36:08.052000,33.35,33.3,33.4,30564890.0
2018-01-29 13:36:14.169000,33.35,33.3,33.4,30564890.0
2018-01-29 13:36:17.168000,33.35,33.3,33.4,30564890.0
2018-01-29 13:36:20.136000,33.35,33.3,33.4,30564890.0
2018-01-29 13:36:23.278000,33.35,33.3,33.4,30564890.0
2018-01-29 13:36:26.460000,33.35,33.3,33.4,30564890.0
2018-01-29 13:36:31.775000,33.35,33.3,33.4,30564890.0
2018-01-29 13:36:36.689000,33.35,33.3,33.4,30564890.0
2018-01-29 13:36:39.705000,33.35,33.3,33.4,30564890.0
2018-01-29 13:36:42.771000,33.35,33.3,33.4,30564890.0
2018-01-29 13:36:45.864000,33.35,33.3,33.4,30564890.0
2018-01-29 13:36:48.719000,33.35,33.35,33.4,30677490.0
2018-01-29 13:36:51.806000,33.35,33.35,33.4,30677490.0
2018-01-29 13:36:55.888000,33.35,33.35,33.4,30677490.0
2018-01-29 13:37:02.827000,33.35,33.35,33.4,30677490.0
2018-01-29 13:37:07.263000,33.35,33.35,33.4,30677490.0
2018-01-29 13:37:16.804000,33.35,33.35,33.4,30677490.0
2018-01-29 13:37:22.857000,33.35,33.35,33.4,30677490.0
2018-01-29 13:37:28.220000,33.35,33.35,33.4,30677490.0
2018-01-29 13:37:31.214000,33.35,33.35,33.4,30677490.0
2018-01-29 13:37:34.127000,33.35,33.35,33.4,30677490.0
2018-01-29 13:37:37.228000,33.35,33.35,33.4,30677490.0
2018-01-29 13:37:40.464000,33.35,33.35,33.4,30677490.0
2018-01-29 13:37:43.435000,33.35,33.35,33.4,30677490.0
2018-01-29 13:37:46.338000,33.35,33.35,33.4,30677490.0
2018-01-29 13:37:49.083000,33.35,33.35,33.4,30677490.0
2018-01-29 13:37:52.062000,33.35,33.35,33.4,30677490.0
2018-01-29 13:37:54.801000,33.35,33.35,33.4,30677490.0
2018-01-29 13:37:57.723000,33.35,33.35,33.4,30677490.0
2018-01-29 13:38:00.617000,33.35,33.35,33.4,30679490.0
2018-01-29 13:38:03.501000,33.35,33.35,33.4,30679490.0
2018-01-29 13:38:06.394000,33.35,33.35,33.4,30679490.0
2018-01-29 13:38:09.597000,33.35,33.35,33.4,30679490.0
2018-01-29 13:38:12.482000,33.35,33.35,33.4,30679490.0
2018-01-29 13:38:15.292000,33.35,33.35,33.4,30679490.0
2018-01-29 13:38:18.266000,33.35,33.35,33.4,30679490.0
2018-01-29 13:38:21.347000,33.35,33.35,33.4,30679490.0
2018-01-29 13:38:24.347000,33.35,33.35,33.4,30679490.0
2018-01-29 13:38:27.053000,33.35,33.35,33.4,30679490.0
2018-01-29 13:38:30.039000,33.35,33.35,33.4,30679490.0
2018-01-29 13:38:33.018000,33.35,33.35,33.4,30679490.0
2018-01-29 13:38:35.887000,33.35,33.35,33.4,30679490.0
2018-01-29 13:38:38.754000,33.35,33.35,33.4,30679490.0
2018-01-29 13:38:41.738000,33.35,33.35,33.4,30679490.0
2018-01-29 13:38:44.468000,33.35,33.35,33.4,30679490.0
2018-01-29 13:38:47.635000,33.35,33.35,33.4,30679490.0
2018-01-29 13:38:50.401000,33.35,33.35,33.4,30679490.0
2018-01-29 13:38:53.300000,33.35,33.35,33.4,30679490.0
2018-01-29 13:38:56.333000,33.35,33.35,33.4,30679490.0
2018-01-29 13:38:59.239000,33.35,33.35,33.4,30679490.0
2018-01-29 13:39:02.098000,33.35,33.35,33.4,30679490.0
2018-01-29 13:39:04.989000,33.35,33.35,33.4,30679490.0
2018-01-29 13:39:07.939000,33.35,33.35,33.4,30679490.0
2018-01-29 13:39:10.808000,33.35,33.35,33.4,30679490.0
2018-01-29 13:39:13.798000,33.35,33.35,33.4,30679490.0
2018-01-29 13:39:16.682000,33.35,33.35,33.4,30679490.0
2018-01-29 13:39:19.322000,33.35,33.35,33.4,30679490.0
2018-01-29 13:39:22.169000,33.35,33.35,33.4,30679490.0
2018-01-29 13:39:24.951000,33.35,33.35,33.4,30679490.0
2018-01-29 13:39:27.780000,33.3,33.3,33.35,30763490.0
2018-01-29 13:39:30.633000,33.3,33.3,33.35,30763490.0
2018-01-29 13:39:33.534000,33.3,33.3,33.35,30763490.0
2018-01-29 13:39:36.493000,33.3,33.3,33.35,30763490.0
2018-01-29 13:39:39.540000,33.3,33.3,33.35,30763490.0
2018-01-29 13:39:42.415000,33.3,33.3,33.35,30763490.0
2018-01-29 13:39:45.325000,33.3,33.3,33.35,30763490.0
2018-01-29 13:39:48.049000,33.3,33.3,33.35,30763490.0
2018-01-29 13:39:51.306000,33.3,33.3,33.35,30763490.0
2018-01-29 13:39:54.086000,33.3,33.3,33.35,30763490.0
2018-01-29 13:39:57.024000,33.3,33.3,33.35,30763490.0
2018-01-29 13:40:00.040000,33.3,33.3,33.35,30763490.0
2018-01-29 13:40:02.887000,33.3,33.3,33.35,30763490.0
2018-01-29 13:40:05.777000,33.3,33.3,33.35,30763490.0
2018-01-29 13:40:09.025000,33.3,33.3,33.35,30763490.0
2018-01-29 13:40:11.978000,33.3,33.3,33.35,30763490.0
2018-01-29 13:40:14.864000,33.3,33.3,33.35,30763490.0
2018-01-29 13:40:17.724000,33.3,33.3,33.35,30763490.0
2018-01-29 13:40:20.590000,33.3,33.3,33.35,30763490.0
2018-01-29 13:40:23.713000,33.3,33.3,33.35,30763490.0
2018-01-29 13:40:26.645000,33.3,33.3,33.35,30763490.0
2018-01-29 13:40:29.429000,33.3,33.3,33.35,30763490.0
2018-01-29 13:40:32.474000,33.3,33.3,33.35,30763490.0
2018-01-29 13:40:35.485000,33.3,33.3,33.35,30763490.0
2018-01-29 13:40:38.240000,33.3,33.3,33.35,30763490.0
2018-01-29 13:40:41.325000,33.3,33.3,33.35,30763490.0
2018-01-29 13:40:44.206000,33.3,33.3,33.35,30763490.0
2018-01-29 13:40:47.026000,33.3,33.3,33.35,30763490.0
2018-01-29 13:40:49.913000,33.3,33.3,33.35,30763490.0
2018-01-29 13:40:52.725000,33.3,33.3,33.35,30763490.0
2018-01-29 13:40:55.654000,33.3,33.3,33.35,30763490.0
2018-01-29 13:40:58.715000,33.3,33.3,33.35,30763490.0
2018-01-29 13:41:01.701000,33.3,33.3,33.35,30763490.0
2018-01-29 13:41:04.617000,33.3,33.3,33.35,30763490.0
2018-01-29 13:41:07.496000,33.3,33.3,33.35,30763490.0
2018-01-29 13:41:10.319000,33.3,33.3,33.35,30763490.0
2018-01-29 13:41:13.145000,33.3,33.3,33.35,30763490.0
2018-01-29 13:41:15.951000,33.3,33.3,33.35,30763490.0
2018-01-29 13:41:18.848000,33.3,33.3,33.35,30763490.0
2018-01-29 13:41:21.620000,33.3,33.3,33.35,30763490.0
2018-01-29 13:41:24.511000,33.3,33.3,33.35,30763490.0
2018-01-29 13:41:27.453000,33.3,33.3,33.35,30763490.0
2018-01-29 13:41:30.249000,33.3,33.3,33.35,30763490.0
2018-01-29 13:41:33.303000,33.3,33.3,33.35,30782490.0
2018-01-29 13:41:36.085000,33.3,33.3,33.35,30782490.0
2018-01-29 13:41:39.119000,33.3,33.3,33.35,30782490.0
2018-01-29 13:41:42.058000,33.3,33.3,33.35,30782490.0
2018-01-29 13:41:44.845000,33.3,33.3,33.35,30782490.0
2018-01-29 13:41:47.736000,33.3,33.3,33.35,30782490.0
2018-01-29 13:41:50.537000,33.3,33.3,33.35,30782490.0
2018-01-29 13:41:53.518000,33.3,33.3,33.35,30782490.0
2018-01-29 13:41:56.490000,33.3,33.3,33.35,30782490.0
2018-01-29 13:41:59.446000,33.3,33.3,33.35,30782490.0
2018-01-29 13:42:03.242000,33.3,33.3,33.35,30782490.0
2018-01-29 13:42:06.223000,33.3,33.3,33.35,30782490.0
2018-01-29 13:42:09.090000,33.3,33.3,33.35,30782490.0
2018-01-29 13:42:11.937000,33.3,33.3,33.35,30782490.0
2018-01-29 13:42:14.875000,33.3,33.3,33.35,30782590.0
2018-01-29 13:42:17.823000,33.3,33.3,33.35,30782590.0
2018-01-29 13:42:20.736000,33.3,33.3,33.35,30782590.0
2018-01-29 13:42:23.586000,33.3,33.3,33.35,30782590.0
2018-01-29 13:42:26.453000,33.3,33.3,33.35,30782590.0
2018-01-29 13:42:29.260000,33.3,33.3,33.35,30782590.0
2018-01-29 13:42:32.084000,33.3,33.3,33.35,30782590.0
2018-01-29 13:42:35.041000,33.3,33.3,33.35,30782590.0
2018-01-29 13:42:37.813000,33.3,33.3,33.35,30782590.0
2018-01-29 13:42:40.610000,33.3,33.3,33.35,30782590.0
2018-01-29 13:42:43.521000,33.3,33.3,33.35,30782590.0
2018-01-29 13:42:46.289000,33.3,33.3,33.35,30782590.0
2018-01-29 13:42:49.242000,33.3,33.3,33.35,30782590.0
2018-01-29 13:42:52.045000,33.3,33.3,33.35,30782590.0
2018-01-29 13:42:54.798000,33.3,33.3,33.35,30782590.0
2018-01-29 13:42:57.692000,33.3,33.3,33.35,30782590.0
2018-01-29 13:43:00.513000,33.3,33.3,33.35,30782590.0
2018-01-29 13:43:03.212000,33.3,33.3,33.35,30782590.0
2018-01-29 13:43:06.140000,33.3,33.3,33.35,30782590.0
2018-01-29 13:43:08.967000,33.3,33.3,33.4,30782590.0
2018-01-29 13:43:11.720000,33.3,33.3,33.4,30782590.0
2018-01-29 13:43:14.477000,33.3,33.3,33.4,30782590.0
2018-01-29 13:43:17.196000,33.3,33.3,33.4,30782590.0
2018-01-29 13:43:20.128000,33.3,33.3,33.4,30782590.0
2018-01-29 13:43:23.147000,33.3,33.3,33.4,30782590.0
2018-01-29 13:43:26.156000,33.3,33.3,33.4,30782590.0
2018-01-29 13:43:29.010000,33.3,33.3,33.4,30782590.0
2018-01-29 13:43:31.814000,33.3,33.3,33.4,30782590.0
2018-01-29 13:43:34.933000,33.3,33.3,33.4,30782590.0
2018-01-29 13:43:37.855000,33.3,33.3,33.4,30782590.0
2018-01-29 13:43:40.755000,33.3,33.3,33.4,30782590.0
2018-01-29 13:43:43.666000,33.3,33.3,33.4,30782590.0
2018-01-29 13:43:46.497000,33.3,33.3,33.4,30782590.0
2018-01-29 13:43:49.680000,33.3,33.3,33.4,30782590.0
2018-01-29 13:43:52.565000,33.3,33.3,33.4,30782590.0
2018-01-29 13:43:55.445000,33.3,33.3,33.4,30782590.0
2018-01-29 13:43:58.145000,33.3,33.3,33.4,30782590.0
2018-01-29 13:44:01.033000,33.3,33.3,33.4,30782590.0
2018-01-29 13:44:03.894000,33.3,33.3,33.35,30798090.0
2018-01-29 13:44:06.648000,33.3,33.3,33.35,30798090.0
2018-01-29 13:44:09.514000,33.3,33.3,33.35,30798090.0
2018-01-29 13:44:12.383000,33.3,33.3,33.35,30798090.0
2018-01-29 13:44:15.301000,33.3,33.3,33.35,30798090.0
2018-01-29 13:44:18.112000,33.3,33.3,33.35,30798090.0
2018-01-29 13:44:20.951000,33.3,33.3,33.35,30798090.0
2018-01-29 13:44:23.761000,33.3,33.3,33.35,30798090.0
2018-01-29 13:44:26.585000,33.3,33.3,33.35,30798090.0
2018-01-29 13:44:29.558000,33.3,33.3,33.35,30798090.0
2018-01-29 13:44:32.535000,33.3,33.3,33.35,30798090.0
2018-01-29 13:44:35.400000,33.3,33.3,33.35,30798090.0
2018-01-29 13:44:38.356000,33.3,33.3,33.35,30798090.0
2018-01-29 13:44:41.123000,33.3,33.3,33.35,30798090.0
2018-01-29 13:44:44.046000,33.3,33.3,33.35,30798090.0
2018-01-29 13:44:47.012000,33.3,33.3,33.35,30798090.0
2018-01-29 13:44:49.939000,33.3,33.3,33.35,30798090.0
2018-01-29 13:44:52.795000,33.3,33.3,33.35,30798090.0
2018-01-29 13:44:55.694000,33.3,33.3,33.35,30798090.0
2018-01-29 13:44:58.729000,33.3,33.3,33.35,30798090.0
2018-01-29 13:45:01.757000,33.3,33.3,33.35,30798090.0
2018-01-29 13:45:05.040000,33.3,33.3,33.35,30798090.0
2018-01-29 13:45:07.895000,33.3,33.3,33.35,30798090.0
2018-01-29 13:45:11.238000,33.3,33.3,33.35,30798090.0
2018-01-29 13:45:14.129000,33.3,33.3,33.35,30798090.0
2018-01-29 13:45:16.848000,33.3,33.3,33.35,30798090.0
2018-01-29 13:45:19.762000,33.3,33.3,33.35,30798090.0
2018-01-29 13:45:22.625000,33.3,33.3,33.35,30798090.0
2018-01-29 13:45:25.466000,33.3,33.3,33.35,30798090.0
2018-01-29 13:45:28.474000,33.3,33.3,33.35,30798090.0
2018-01-29 13:45:31.343000,33.3,33.3,33.35,30798090.0
2018-01-29 13:45:34.246000,33.3,33.3,33.35,30798090.0
2018-01-29 13:45:37.165000,33.3,33.3,33.35,30798090.0
2018-01-29 13:45:40.079000,33.3,33.3,33.35,30798090.0
2018-01-29 13:45:43.015000,33.3,33.3,33.35,30798090.0
2018-01-29 13:45:46.409000,33.3,33.3,33.35,30798090.0
2018-01-29 13:45:49.411000,33.3,33.3,33.35,30798090.0
2018-01-29 13:45:52.356000,33.3,33.3,33.35,30798090.0
2018-01-29 13:45:55.418000,33.3,33.3,33.35,30798090.0
2018-01-29 13:45:58.763000,33.3,33.3,33.35,30798090.0
2018-01-29 13:46:01.570000,33.3,33.3,33.35,30798090.0
2018-01-29 13:46:04.894000,33.3,33.3,33.35,30798090.0
2018-01-29 13:46:07.765000,33.3,33.3,33.35,30798090.0
2018-01-29 13:46:10.884000,33.3,33.3,33.35,30798090.0
2018-01-29 13:46:13.891000,33.3,33.3,33.35,30798090.0
2018-01-29 13:46:16.907000,33.3,33.3,33.35,30798090.0
2018-01-29 13:46:19.654000,33.3,33.3,33.35,30798090.0
2018-01-29 13:46:22.463000,33.3,33.3,33.35,30798090.0
2018-01-29 13:46:25.289000,33.3,33.3,33.35,30798090.0
2018-01-29 13:46:28.134000,33.3,33.3,33.35,30798090.0
2018-01-29 13:46:31.130000,33.3,33.3,33.35,30798090.0
2018-01-29 13:46:34.185000,33.3,33.3,33.35,30798090.0
2018-01-29 13:46:37.091000,33.3,33.3,33.35,30798090.0
2018-01-29 13:46:40.126000,33.3,33.3,33.35,30798090.0
2018-01-29 13:46:43.170000,33.3,33.3,33.35,30798090.0
2018-01-29 13:46:45.980000,33.3,33.3,33.35,30798090.0
2018-01-29 13:46:49.843000,33.3,33.3,33.35,30798090.0
2018-01-29 13:46:53.039000,33.3,33.3,33.35,30798090.0
2018-01-29 13:46:56.050000,33.3,33.3,33.35,30798090.0
2018-01-29 13:46:59.092000,33.3,33.3,33.35,30798090.0
2018-01-29 13:47:02.299000,33.3,33.3,33.35,30798090.0
2018-01-29 13:47:05.217000,33.3,33.3,33.35,30798090.0
2018-01-29 13:47:08.005000,33.3,33.3,33.35,30798090.0
2018-01-29 13:47:11,33.3,33.3,33.35,30798090.0
2018-01-29 13:47:14,33.3,33.3,33.35,30809590.0
2018-01-29 13:47:16.769000,33.3,33.3,33.35,30809590.0
2018-01-29 13:47:19.821000,33.3,33.3,33.35,30809590.0
2018-01-29 13:47:22.590000,33.3,33.3,33.35,30809590.0
2018-01-29 13:47:25.611000,33.3,33.3,33.35,30809590.0
2018-01-29 13:47:28.551000,33.3,33.3,33.35,30881090.0
2018-01-29 13:47:31.644000,33.3,33.3,33.35,30881090.0
2018-01-29 13:47:34.548000,33.3,33.3,33.35,30881090.0
2018-01-29 13:47:37.490000,33.3,33.3,33.35,30881090.0
2018-01-29 13:47:40.579000,33.3,33.3,33.35,30881090.0
2018-01-29 13:47:43.366000,33.3,33.3,33.35,30881090.0
2018-01-29 13:47:46.283000,33.3,33.3,33.35,30881090.0
2018-01-29 13:47:49.392000,33.3,33.3,33.35,30881090.0
2018-01-29 13:47:52.239000,33.3,33.25,33.3,31299090.0
2018-01-29 13:47:55.228000,33.3,33.25,33.3,31299090.0
2018-01-29 13:47:58.628000,33.3,33.25,33.3,31299090.0
2018-01-29 13:48:01.485000,33.3,33.25,33.3,31299090.0
2018-01-29 13:48:04.564000,33.3,33.25,33.3,31299090.0
2018-01-29 13:48:07.514000,33.3,33.25,33.3,31299090.0
2018-01-29 13:48:10.595000,33.3,33.25,33.3,31299090.0
2018-01-29 13:48:13.632000,33.3,33.25,33.3,31299090.0
2018-01-29 13:48:16.415000,33.3,33.25,33.3,31299090.0
2018-01-29 13:48:19.296000,33.3,33.25,33.3,31299090.0
2018-01-29 13:48:22.222000,33.3,33.25,33.3,31299090.0
2018-01-29 13:48:25.173000,33.3,33.25,33.3,31299090.0
2018-01-29 13:48:28.286000,33.3,33.25,33.3,31299090.0
2018-01-29 13:48:31.131000,33.3,33.25,33.3,31299090.0
2018-01-29 13:48:34.236000,33.3,33.25,33.3,31299090.0
2018-01-29 13:48:37.104000,33.3,33.25,33.3,31299090.0
2018-01-29 13:48:39.924000,33.3,33.25,33.3,31299090.0
2018-01-29 13:48:43.173000,33.3,33.25,33.3,31299090.0
2018-01-29 13:48:46.539000,33.3,33.25,33.3,31299090.0
2018-01-29 13:48:49.532000,33.3,33.25,33.3,31299090.0
2018-01-29 13:48:52.544000,33.3,33.25,33.3,31299090.0
2018-01-29 13:48:55.563000,33.3,33.25,33.3,31299090.0
2018-01-29 13:48:58.525000,33.3,33.25,33.3,31299090.0
2018-01-29 13:49:01.698000,33.3,33.25,33.3,31299090.0
2018-01-29 13:49:04.534000,33.3,33.25,33.3,31299090.0
2018-01-29 13:49:07.601000,33.3,33.25,33.3,31299090.0
2018-01-29 13:49:10.549000,33.3,33.25,33.3,31299090.0
2018-01-29 13:49:13.633000,33.3,33.25,33.3,31299090.0
2018-01-29 13:49:16.517000,33.3,33.25,33.3,31299090.0
2018-01-29 13:49:19.438000,33.3,33.25,33.3,31299090.0
2018-01-29 13:49:22.401000,33.3,33.25,33.3,31299090.0
2018-01-29 13:49:25.439000,33.3,33.25,33.3,31299090.0
2018-01-29 13:49:28.588000,33.3,33.25,33.3,31299090.0
2018-01-29 13:49:31.646000,33.3,33.25,33.3,31299090.0
2018-01-29 13:49:34.533000,33.3,33.25,33.3,31299090.0
2018-01-29 13:49:37.542000,33.3,33.25,33.3,31299090.0
2018-01-29 13:49:40.473000,33.3,33.25,33.3,31299090.0
2018-01-29 13:49:43.324000,33.3,33.25,33.3,31299090.0
2018-01-29 13:49:46.286000,33.3,33.25,33.3,31299090.0
2018-01-29 13:49:49.564000,33.3,33.25,33.3,31299090.0
2018-01-29 13:49:52.433000,33.3,33.25,33.3,31299090.0
2018-01-29 13:49:55.647000,33.3,33.25,33.3,31299090.0
2018-01-29 13:49:58.622000,33.3,33.25,33.3,31299090.0
2018-01-29 13:50:01.762000,33.3,33.25,33.3,31299090.0
2018-01-29 13:50:05.159000,33.3,33.25,33.3,31299090.0
2018-01-29 13:50:08.184000,33.3,33.25,33.3,31299090.0
2018-01-29 13:50:11.037000,33.3,33.25,33.3,31299090.0
2018-01-29 13:50:13.916000,33.3,33.25,33.3,31299090.0
2018-01-29 13:50:17.016000,33.3,33.25,33.3,31299090.0
2018-01-29 13:50:19.986000,33.3,33.25,33.3,31548090.0
2018-01-29 13:50:23.013000,33.3,33.25,33.3,31548090.0
2018-01-29 13:50:26.005000,33.3,33.25,33.3,31548090.0
2018-01-29 13:50:28.972000,33.3,33.25,33.3,31548090.0
2018-01-29 13:50:31.834000,33.3,33.25,33.3,31548090.0
2018-01-29 13:50:34.738000,33.3,33.25,33.3,31548090.0
2018-01-29 13:50:37.837000,33.3,33.25,33.3,31548090.0
2018-01-29 13:50:40.780000,33.3,33.25,33.3,31548090.0
2018-01-29 13:50:44.111000,33.3,33.25,33.3,31548090.0
2018-01-29 13:50:47.248000,33.3,33.25,33.3,31548090.0
2018-01-29 13:50:50.427000,33.3,33.25,33.3,31548090.0
2018-01-29 13:50:53.435000,33.3,33.25,33.3,31548090.0
2018-01-29 13:50:56.535000,33.3,33.25,33.3,31548090.0
2018-01-29 13:50:59.427000,33.3,33.25,33.3,31548090.0
2018-01-29 13:51:02.433000,33.3,33.25,33.3,31548090.0
2018-01-29 13:51:05.318000,33.3,33.25,33.3,31548090.0
2018-01-29 13:51:08.391000,33.3,33.25,33.3,31548090.0
2018-01-29 13:51:11.514000,33.3,33.25,33.3,31548090.0
2018-01-29 13:51:14.964000,33.3,33.25,33.3,31548090.0
2018-01-29 13:51:18.014000,33.3,33.25,33.3,31548090.0
2018-01-29 13:51:20.995000,33.3,33.25,33.3,31548090.0
2018-01-29 13:51:24.022000,33.3,33.25,33.3,31548090.0
2018-01-29 13:51:26.951000,33.3,33.25,33.3,31548090.0
2018-01-29 13:51:30.073000,33.3,33.25,33.3,31548090.0
2018-01-29 13:51:33.198000,33.3,33.25,33.3,31548090.0
2018-01-29 13:51:36.259000,33.3,33.25,33.3,31548090.0
2018-01-29 13:51:39.318000,33.3,33.25,33.3,31548090.0
2018-01-29 13:51:42.323000,33.3,33.25,33.3,31548090.0
2018-01-29 13:51:45.402000,33.3,33.25,33.3,31548090.0
2018-01-29 13:51:48.371000,33.3,33.25,33.3,31548090.0
2018-01-29 13:51:51.384000,33.3,33.25,33.3,31548090.0
2018-01-29 13:51:54.194000,33.3,33.25,33.3,31548090.0
2018-01-29 13:51:57.314000,33.3,33.25,33.3,31548090.0
2018-01-29 13:52:00.257000,33.3,33.25,33.3,31548090.0
2018-01-29 13:52:03.232000,33.3,33.25,33.3,31548090.0
2018-01-29 13:52:06.262000,33.25,33.25,33.3,31888090.0
2018-01-29 13:52:09.239000,33.25,33.25,33.3,31888090.0
2018-01-29 13:52:12.049000,33.25,33.25,33.3,31888090.0
2018-01-29 13:52:15.500000,33.25,33.25,33.3,31888090.0
2018-01-29 13:52:18.465000,33.25,33.25,33.3,31888090.0
2018-01-29 13:52:21.532000,33.25,33.25,33.3,31888090.0
2018-01-29 13:52:24.536000,33.25,33.25,33.3,31888090.0
2018-01-29 13:52:27.767000,33.25,33.25,33.3,31888090.0
2018-01-29 13:52:30.633000,33.25,33.25,33.3,31888090.0
2018-01-29 13:52:33.544000,33.25,33.25,33.3,31888090.0
2018-01-29 13:52:36.407000,33.25,33.25,33.3,31888090.0
2018-01-29 13:52:39.194000,33.25,33.25,33.3,31888090.0
2018-01-29 13:52:42.033000,33.25,33.25,33.3,31888090.0
2018-01-29 13:52:45.005000,33.25,33.25,33.3,31888090.0
2018-01-29 13:52:47.982000,33.25,33.25,33.3,31888090.0
2018-01-29 13:52:51.248000,33.25,33.25,33.3,31888090.0
2018-01-29 13:52:54.213000,33.25,33.25,33.3,31888090.0
2018-01-29 13:52:57.060000,33.25,33.25,33.3,31888090.0
2018-01-29 13:52:59.888000,33.25,33.25,33.3,31888090.0
2018-01-29 13:53:02.892000,33.25,33.25,33.3,31888090.0
2018-01-29 13:53:05.950000,33.25,33.25,33.3,31888090.0
2018-01-29 13:53:08.920000,33.25,33.25,33.3,31888090.0
2018-01-29 13:53:11.920000,33.25,33.25,33.3,31893090.0
2018-01-29 13:53:14.732000,33.25,33.25,33.3,31893090.0
2018-01-29 13:53:17.389000,33.25,33.25,33.3,31893090.0
2018-01-29 13:53:20.135000,33.25,33.25,33.3,31893090.0
2018-01-29 13:53:23.118000,33.25,33.25,33.3,31893090.0
2018-01-29 13:53:25.964000,33.25,33.25,33.3,31893090.0
2018-01-29 13:53:28.862000,33.25,33.25,33.3,31893090.0
2018-01-29 13:53:31.866000,33.25,33.25,33.3,31893090.0
2018-01-29 13:53:35.244000,33.25,33.25,33.3,31893090.0
2018-01-29 13:53:38.213000,33.25,33.25,33.3,31893090.0
2018-01-29 13:53:41.029000,33.25,33.25,33.3,31893090.0
2018-01-29 13:53:43.837000,33.25,33.25,33.3,31893090.0
2018-01-29 13:53:46.860000,33.25,33.25,33.3,31893090.0
2018-01-29 13:53:50.290000,33.25,33.25,33.3,31893430.0
2018-01-29 13:53:53.050000,33.25,33.25,33.3,31893430.0
2018-01-29 13:53:56.172000,33.25,33.25,33.3,31893430.0
2018-01-29 13:53:59.167000,33.25,33.25,33.3,31893430.0
2018-01-29 13:54:02.312000,33.25,33.25,33.3,31893430.0
2018-01-29 13:54:05.322000,33.25,33.25,33.3,31893430.0
2018-01-29 13:54:08.200000,33.25,33.25,33.3,31893430.0
2018-01-29 13:54:11.275000,33.25,33.25,33.3,31893430.0
2018-01-29 13:54:14.352000,33.25,33.25,33.3,31893430.0
2018-01-29 13:54:17.292000,33.25,33.25,33.3,31893430.0
2018-01-29 13:54:20.035000,33.25,33.25,33.3,31893430.0
2018-01-29 13:54:23.139000,33.25,33.25,33.3,31893430.0
2018-01-29 13:54:26.186000,33.25,33.25,33.3,31893430.0
2018-01-29 13:54:29.432000,33.25,33.25,33.3,31893430.0
2018-01-29 13:54:32.335000,33.25,33.25,33.3,31893430.0
2018-01-29 13:54:35.155000,33.25,33.25,33.3,31893430.0
2018-01-29 13:54:38.218000,33.25,33.25,33.3,31893930.0
2018-01-29 13:54:41.208000,33.25,33.25,33.3,31893930.0
2018-01-29 13:54:44.185000,33.25,33.25,33.3,31893930.0
2018-01-29 13:54:47.246000,33.25,33.2,33.25,32262430.0
2018-01-29 13:54:50.209000,33.25,33.2,33.25,32262430.0
2018-01-29 13:54:53.172000,33.25,33.2,33.25,32262430.0
2018-01-29 13:54:56.060000,33.25,33.2,33.25,32262430.0
2018-01-29 13:54:59.371000,33.25,33.2,33.25,32262430.0
2018-01-29 13:55:02.006000,33.25,33.2,33.25,32262430.0
2018-01-29 13:55:04.650000,33.25,33.2,33.25,32262430.0
2018-01-29 13:55:07.714000,33.25,33.2,33.25,32262430.0
2018-01-29 13:55:10.558000,33.25,33.2,33.25,32262430.0
2018-01-29 13:55:13.470000,33.25,33.2,33.25,32262430.0
2018-01-29 13:55:16.402000,33.25,33.2,33.25,32262430.0
2018-01-29 13:55:19.463000,33.25,33.2,33.25,32262430.0
2018-01-29 13:55:22.341000,33.25,33.2,33.25,32262430.0
2018-01-29 13:55:25.291000,33.25,33.2,33.25,32262430.0
2018-01-29 13:55:28.151000,33.25,33.2,33.25,32262430.0
2018-01-29 13:55:31.104000,33.25,33.2,33.25,32262430.0
2018-01-29 13:55:34.204000,33.25,33.2,33.25,32262430.0
2018-01-29 13:55:37.100000,33.25,33.2,33.25,32262430.0
2018-01-29 13:55:40.075000,33.25,33.2,33.25,32262430.0
2018-01-29 13:55:43.090000,33.25,33.2,33.25,32262430.0
2018-01-29 13:55:46.017000,33.25,33.2,33.25,32262430.0
2018-01-29 13:55:49.089000,33.25,33.2,33.25,32262430.0
2018-01-29 13:55:51.980000,33.25,33.2,33.25,32262430.0
2018-01-29 13:55:55.013000,33.25,33.2,33.25,32262430.0
2018-01-29 13:55:57.897000,33.25,33.2,33.25,32262430.0
2018-01-29 13:56:00.862000,33.25,33.25,33.3,33233930.0
2018-01-29 13:56:03.840000,33.25,33.25,33.3,33233930.0
2018-01-29 13:56:06.894000,33.25,33.25,33.3,33233930.0
2018-01-29 13:56:10.105000,33.25,33.25,33.3,33233930.0
2018-01-29 13:56:13.022000,33.25,33.25,33.3,33233930.0
2018-01-29 13:56:15.903000,33.25,33.25,33.3,33233930.0
2018-01-29 13:56:18.898000,33.25,33.25,33.3,33233930.0
2018-01-29 13:56:21.737000,33.25,33.25,33.3,33233930.0
2018-01-29 13:56:24.699000,33.25,33.25,33.3,33233930.0
2018-01-29 13:56:27.574000,33.25,33.25,33.3,33233930.0
2018-01-29 13:56:30.718000,33.25,33.25,33.3,33233930.0
2018-01-29 13:56:33.765000,33.25,33.25,33.3,33233930.0
2018-01-29 13:56:36.722000,33.25,33.25,33.3,33233930.0
2018-01-29 13:56:39.670000,33.25,33.25,33.3,33233930.0
2018-01-29 13:56:42.467000,33.25,33.25,33.3,33233930.0
2018-01-29 13:56:45.486000,33.25,33.25,33.3,33233930.0
2018-01-29 13:56:48.379000,33.25,33.25,33.3,33233930.0
2018-01-29 13:56:51.324000,33.25,33.25,33.3,33233930.0
2018-01-29 13:56:54.282000,33.25,33.25,33.3,33233930.0
2018-01-29 13:56:57.285000,33.25,33.25,33.3,33233930.0
2018-01-29 13:57:00.270000,33.25,33.25,33.3,33233930.0
2018-01-29 13:57:03.332000,33.25,33.25,33.3,33233930.0
2018-01-29 13:57:06.252000,33.25,33.25,33.3,33233930.0
2018-01-29 13:57:08.972000,33.25,33.25,33.3,33233930.0
2018-01-29 13:57:11.807000,33.25,33.2,33.25,33405930.0
2018-01-29 13:57:14.769000,33.25,33.2,33.25,33405930.0
2018-01-29 13:57:17.663000,33.25,33.2,33.25,33405930.0
2018-01-29 13:57:20.655000,33.25,33.2,33.25,33405930.0
2018-01-29 13:57:23.418000,33.25,33.2,33.25,33405930.0
2018-01-29 13:57:26.285000,33.25,33.2,33.25,33405930.0
2018-01-29 13:57:29.025000,33.25,33.2,33.25,33405930.0
2018-01-29 13:57:31.805000,33.25,33.2,33.25,33405930.0
2018-01-29 13:57:34.811000,33.25,33.2,33.25,33405930.0
2018-01-29 13:57:37.883000,33.25,33.2,33.25,33405930.0
2018-01-29 13:57:40.796000,33.25,33.2,33.25,33405930.0
2018-01-29 13:57:43.697000,33.25,33.2,33.25,33405930.0
2018-01-29 13:57:46.805000,33.25,33.2,33.25,33405930.0
2018-01-29 13:57:54.134000,33.25,33.2,33.25,33405930.0
2018-01-29 13:57:58.299000,33.25,33.2,33.25,33405930.0
2018-01-29 13:58:01.347000,33.25,33.2,33.25,33405930.0
2018-01-29 13:58:04.477000,33.25,33.2,33.25,33405930.0
2018-01-29 13:58:08.404000,33.25,33.2,33.25,33405930.0
2018-01-29 13:58:15.473000,33.25,33.2,33.25,33405930.0
2018-01-29 13:58:19.021000,33.25,33.2,33.25,33405930.0
2018-01-29 13:58:21.660000,33.25,33.2,33.25,33405930.0
2018-01-29 13:58:28.286000,33.25,33.2,33.25,33405930.0
2018-01-29 13:58:32.982000,33.25,33.25,33.3,33664930.0
2018-01-29 13:58:35.944000,33.25,33.25,33.3,33664930.0
2018-01-29 13:58:38.849000,33.25,33.25,33.3,33664930.0
2018-01-29 13:58:41.580000,33.25,33.25,33.3,33664930.0
2018-01-29 13:58:44.561000,33.25,33.25,33.3,33664930.0
2018-01-29 13:58:55.958000,33.25,33.25,33.3,33664930.0
2018-01-29 13:59:03.953000,33.25,33.25,33.3,33664930.0
2018-01-29 13:59:09.101000,33.25,33.25,33.3,33664930.0
2018-01-29 13:59:16.183000,33.25,33.25,33.3,33664930.0
2018-01-29 13:59:22.544000,33.25,33.25,33.3,33664930.0
2018-01-29 13:59:25.717000,33.25,33.25,33.3,33664930.0
2018-01-29 13:59:28.434000,33.25,33.25,33.3,33664930.0
2018-01-29 13:59:31.282000,33.25,33.25,33.3,33664930.0
2018-01-29 13:59:34.189000,33.25,33.25,33.3,33664930.0
2018-01-29 13:59:36.878000,33.25,33.25,33.3,33664930.0
2018-01-29 13:59:39.942000,33.25,33.25,33.3,33664930.0
2018-01-29 13:59:42.654000,33.25,33.25,33.3,33664930.0
2018-01-29 13:59:45.424000,33.25,33.25,33.3,33664930.0
2018-01-29 13:59:48.226000,33.25,33.25,33.3,33664930.0
2018-01-29 13:59:51.321000,33.25,33.25,33.3,33664930.0
2018-01-29 13:59:54.102000,33.25,33.25,33.3,33664930.0
2018-01-29 13:59:57.091000,33.25,33.25,33.3,33664930.0
2018-01-29 13:59:59.926000,33.25,33.25,33.3,33664930.0
2018-01-29 14:00:02.842000,33.25,33.25,33.3,33664930.0
2018-01-29 14:00:05.993000,33.3,33.25,33.3,33924767.0
2018-01-29 14:00:08.872000,33.3,33.25,33.3,33924767.0
2018-01-29 14:00:11.820000,33.3,33.25,33.3,33924767.0
2018-01-29 14:00:14.521000,33.3,33.25,33.3,33924767.0
2018-01-29 14:00:17.264000,33.3,33.25,33.3,33924767.0
2018-01-29 14:00:20.253000,33.3,33.25,33.3,33924767.0
2018-01-29 14:00:23.237000,33.3,33.25,33.3,33924767.0
2018-01-29 14:00:26.272000,33.3,33.25,33.3,33924767.0
2018-01-29 14:00:29.028000,33.3,33.25,33.3,33924767.0
2018-01-29 14:00:31.913000,33.3,33.25,33.3,33924767.0
2018-01-29 14:00:34.956000,33.3,33.25,33.3,33924767.0
2018-01-29 14:00:37.819000,33.3,33.25,33.3,33924767.0
2018-01-29 14:00:40.599000,33.3,33.25,33.3,33924767.0
2018-01-29 14:00:44.131000,33.3,33.25,33.3,33924897.0
2018-01-29 14:00:46.947000,33.3,33.25,33.3,33924897.0
2018-01-29 14:00:49.791000,33.3,33.25,33.3,33924897.0
2018-01-29 14:00:52.781000,33.3,33.25,33.3,33924897.0
2018-01-29 14:00:55.457000,33.3,33.25,33.3,33924897.0
2018-01-29 14:00:58.319000,33.3,33.25,33.3,33924897.0
2018-01-29 14:01:01.305000,33.3,33.25,33.3,33924897.0
2018-01-29 14:01:04.186000,33.3,33.25,33.3,33924897.0
2018-01-29 14:01:07.125000,33.3,33.25,33.3,33924897.0
2018-01-29 14:01:10.082000,33.3,33.25,33.3,33924897.0
2018-01-29 14:01:12.852000,33.3,33.25,33.3,33924897.0
2018-01-29 14:01:15.613000,33.3,33.25,33.3,33924897.0
2018-01-29 14:01:18.611000,33.3,33.25,33.3,33924897.0
2018-01-29 14:01:21.245000,33.3,33.25,33.3,33924897.0
2018-01-29 14:01:23.901000,33.3,33.25,33.3,33924897.0
2018-01-29 14:01:27.515000,33.3,33.25,33.3,33924897.0
2018-01-29 14:01:31.259000,33.3,33.25,33.3,33924897.0
2018-01-29 14:01:34.643000,33.3,33.25,33.3,33924897.0
2018-01-29 14:01:38.374000,33.3,33.25,33.3,33924897.0
2018-01-29 14:01:42.842000,33.3,33.25,33.3,33924897.0
2018-01-29 14:01:46.025000,33.3,33.25,33.3,33924897.0
2018-01-29 14:01:49.300000,33.3,33.25,33.3,33924897.0
2018-01-29 14:01:52.513000,33.3,33.25,33.3,33924897.0
2018-01-29 14:01:56.054000,33.3,33.25,33.3,33924897.0
2018-01-29 14:01:59.171000,33.3,33.25,33.3,33924897.0
2018-01-29 14:02:02.595000,33.3,33.25,33.3,33924897.0
2018-01-29 14:02:05.716000,33.3,33.25,33.3,33924897.0
2018-01-29 14:02:08.715000,33.3,33.25,33.3,33924897.0
2018-01-29 14:02:12.190000,33.3,33.25,33.3,33924897.0
2018-01-29 14:02:15.224000,33.3,33.25,33.3,33924897.0
2018-01-29 14:02:18.356000,33.3,33.25,33.3,33924897.0
2018-01-29 14:02:21.884000,33.3,33.25,33.3,33924897.0
2018-01-29 14:02:24.938000,33.3,33.25,33.3,33924897.0
2018-01-29 14:02:28.073000,33.3,33.2,33.3,33930897.0
2018-01-29 14:02:31.645000,33.3,33.2,33.3,33930897.0
2018-01-29 14:02:34.757000,33.3,33.2,33.3,33930897.0
2018-01-29 14:02:37.797000,33.3,33.2,33.3,33930897.0
2018-01-29 14:02:40.977000,33.3,33.2,33.3,33930897.0
2018-01-29 14:02:44.018000,33.3,33.2,33.3,33930897.0
2018-01-29 14:02:47.220000,33.3,33.2,33.3,33930897.0
2018-01-29 14:02:50.491000,33.3,33.2,33.3,33930897.0
2018-01-29 14:02:53.867000,33.3,33.2,33.3,33930897.0
2018-01-29 14:02:57.153000,33.3,33.2,33.3,33930897.0
2018-01-29 14:03:00.474000,33.3,33.2,33.3,33930897.0
2018-01-29 14:03:03.488000,33.3,33.2,33.3,33930897.0
2018-01-29 14:03:06.652000,33.3,33.2,33.3,33930897.0
2018-01-29 14:03:09.996000,33.3,33.2,33.3,33930897.0
2018-01-29 14:03:13.238000,33.3,33.2,33.3,33930897.0
2018-01-29 14:03:16.381000,33.3,33.2,33.3,33930897.0
2018-01-29 14:03:19.768000,33.3,33.2,33.3,33930897.0
2018-01-29 14:03:23.108000,33.3,33.2,33.3,33930897.0
2018-01-29 14:03:26.504000,33.3,33.2,33.3,33930897.0
2018-01-29 14:03:29.589000,33.3,33.2,33.3,33930897.0
2018-01-29 14:03:32.769000,33.3,33.2,33.3,33930897.0
2018-01-29 14:03:35.843000,33.3,33.2,33.3,33930897.0
2018-01-29 14:03:39.045000,33.3,33.2,33.3,33930897.0
2018-01-29 14:03:42.249000,33.3,33.2,33.3,33930897.0
2018-01-29 14:03:45.273000,33.3,33.2,33.3,33930897.0
2018-01-29 14:03:48.327000,33.3,33.2,33.3,33930897.0
2018-01-29 14:03:52.002000,33.3,33.2,33.3,33930897.0
2018-01-29 14:03:55.368000,33.3,33.2,33.3,33930897.0
2018-01-29 14:03:59.165000,33.3,33.2,33.3,33930897.0
2018-01-29 14:04:02.526000,33.3,33.2,33.3,33930897.0
2018-01-29 14:04:05.492000,33.3,33.2,33.3,33930897.0
2018-01-29 14:04:08.723000,33.3,33.2,33.3,33930897.0
2018-01-29 14:04:11.893000,33.3,33.2,33.3,33930897.0
2018-01-29 14:04:15.068000,33.3,33.2,33.3,33930897.0
2018-01-29 14:04:18.138000,33.25,33.25,33.3,34089897.0
2018-01-29 14:04:21.337000,33.25,33.25,33.3,34089897.0
2018-01-29 14:04:24.657000,33.25,33.25,33.3,34089897.0
2018-01-29 14:04:27.931000,33.25,33.25,33.3,34089897.0
2018-01-29 14:04:31.171000,33.25,33.25,33.3,34089897.0
2018-01-29 14:04:34.234000,33.25,33.25,33.3,34089897.0
2018-01-29 14:04:37.443000,33.25,33.25,33.3,34089897.0
2018-01-29 14:04:40.477000,33.25,33.25,33.3,34089897.0
2018-01-29 14:04:43.805000,33.25,33.25,33.3,34089897.0
2018-01-29 14:04:46.982000,33.25,33.25,33.3,34089897.0
2018-01-29 14:04:50.353000,33.25,33.25,33.3,34089897.0
2018-01-29 14:04:53.426000,33.25,33.25,33.3,34089897.0
2018-01-29 14:04:56.642000,33.25,33.25,33.3,34089897.0
2018-01-29 14:04:59.813000,33.25,33.25,33.3,34089897.0
2018-01-29 14:05:03.235000,33.25,33.25,33.3,34089897.0
2018-01-29 14:05:06.625000,33.25,33.25,33.3,34089897.0
2018-01-29 14:05:10.150000,33.25,33.25,33.3,34089897.0
2018-01-29 14:05:13.689000,33.25,33.25,33.3,34089897.0
2018-01-29 14:05:16.730000,33.25,33.25,33.3,34089897.0
2018-01-29 14:05:19.963000,33.25,33.25,33.3,34089897.0
2018-01-29 14:05:23.208000,33.25,33.25,33.3,34089897.0
2018-01-29 14:05:26.354000,33.25,33.2,33.3,34119397.0
2018-01-29 14:05:29.547000,33.25,33.2,33.3,34119397.0
2018-01-29 14:05:32.876000,33.25,33.2,33.3,34119397.0
2018-01-29 14:05:36.346000,33.25,33.2,33.3,34119397.0
2018-01-29 14:05:39.709000,33.25,33.2,33.3,34119397.0
2018-01-29 14:05:42.641000,33.25,33.2,33.3,34119397.0
2018-01-29 14:05:45.937000,33.25,33.2,33.3,34119397.0
2018-01-29 14:05:49.271000,33.25,33.2,33.3,34119397.0
2018-01-29 14:05:52.451000,33.25,33.2,33.3,34119397.0
2018-01-29 14:05:55.496000,33.25,33.2,33.3,34119397.0
2018-01-29 14:05:58.699000,33.25,33.2,33.3,34119397.0
2018-01-29 14:06:02.249000,33.25,33.2,33.3,34119397.0
2018-01-29 14:06:05.497000,33.25,33.2,33.3,34119397.0
2018-01-29 14:06:09.006000,33.25,33.2,33.3,34119397.0
2018-01-29 14:06:12.421000,33.25,33.2,33.3,34119397.0
2018-01-29 14:06:15.702000,33.25,33.2,33.3,34119397.0
2018-01-29 14:06:19.138000,33.25,33.2,33.3,34119397.0
2018-01-29 14:06:22.717000,33.25,33.2,33.3,34119397.0
2018-01-29 14:06:25.889000,33.25,33.2,33.3,34119397.0
2018-01-29 14:06:29.168000,33.25,33.2,33.3,34119397.0
2018-01-29 14:06:32.366000,33.25,33.2,33.25,34255897.0
2018-01-29 14:06:35.481000,33.25,33.2,33.25,34255897.0
2018-01-29 14:06:38.717000,33.25,33.2,33.25,34255897.0
2018-01-29 14:06:41.718000,33.25,33.2,33.25,34255897.0
2018-01-29 14:06:44.754000,33.25,33.2,33.25,34255897.0
2018-01-29 14:06:47.956000,33.25,33.2,33.25,34255897.0
2018-01-29 14:06:51.148000,33.25,33.2,33.25,34255897.0
2018-01-29 14:06:54.465000,33.25,33.2,33.25,34255897.0
2018-01-29 14:06:57.784000,33.25,33.2,33.25,34255897.0
2018-01-29 14:07:01.046000,33.25,33.2,33.25,34255897.0
2018-01-29 14:07:04.362000,33.25,33.2,33.25,34255897.0
2018-01-29 14:07:07.828000,33.25,33.2,33.25,34255897.0
2018-01-29 14:07:10.953000,33.25,33.2,33.25,34255897.0
2018-01-29 14:07:14.201000,33.25,33.2,33.25,34255897.0
2018-01-29 14:07:17.330000,33.25,33.2,33.25,34255897.0
2018-01-29 14:07:20.467000,33.25,33.2,33.25,34255897.0
2018-01-29 14:07:23.823000,33.25,33.2,33.25,34255897.0
2018-01-29 14:07:26.973000,33.25,33.2,33.25,34255897.0
2018-01-29 14:07:30.721000,33.25,33.2,33.25,34255897.0
2018-01-29 14:07:34.167000,33.25,33.2,33.25,34255897.0
2018-01-29 14:07:37.258000,33.25,33.2,33.25,34255897.0
2018-01-29 14:07:40.395000,33.25,33.2,33.25,34255897.0
2018-01-29 14:07:43.450000,33.25,33.2,33.25,34255897.0
2018-01-29 14:07:46.909000,33.25,33.2,33.25,34255897.0
2018-01-29 14:07:50.254000,33.25,33.2,33.25,34255897.0
2018-01-29 14:07:53.670000,33.25,33.2,33.25,34255897.0
2018-01-29 14:07:56.974000,33.25,33.2,33.25,34255897.0
2018-01-29 14:07:59.934000,33.25,33.2,33.25,34255897.0
2018-01-29 14:08:02.945000,33.25,33.2,33.25,34255897.0
2018-01-29 14:08:06.234000,33.25,33.2,33.25,34255897.0
2018-01-29 14:08:09.370000,33.25,33.2,33.25,34255897.0
2018-01-29 14:08:12.518000,33.25,33.2,33.25,34255897.0
2018-01-29 14:08:15.656000,33.25,33.2,33.25,34255897.0
2018-01-29 14:08:18.938000,33.25,33.2,33.25,34255897.0
2018-01-29 14:08:22.173000,33.2,33.15,33.2,34262397.0
2018-01-29 14:08:25.293000,33.2,33.15,33.2,34262397.0
2018-01-29 14:08:28.812000,33.2,33.15,33.2,34262397.0
2018-01-29 14:08:31.995000,33.2,33.15,33.2,34262397.0
2018-01-29 14:08:35.017000,33.2,33.15,33.2,34262397.0
2018-01-29 14:08:38.267000,33.2,33.15,33.2,34262397.0
2018-01-29 14:08:41.588000,33.2,33.15,33.2,34262397.0
2018-01-29 14:08:44.707000,33.2,33.15,33.2,34262397.0
2018-01-29 14:08:48.065000,33.2,33.15,33.2,34262397.0
2018-01-29 14:08:51.382000,33.2,33.15,33.2,34262397.0
2018-01-29 14:08:54.522000,33.2,33.15,33.2,34262397.0
2018-01-29 14:08:57.697000,33.2,33.15,33.2,34262397.0
2018-01-29 14:09:00.784000,33.2,33.15,33.2,34262397.0
2018-01-29 14:09:04.053000,33.2,33.15,33.2,34262397.0
2018-01-29 14:09:07.153000,33.2,33.15,33.2,34262397.0
2018-01-29 14:09:10.209000,33.2,33.15,33.2,34262397.0
2018-01-29 14:09:13.632000,33.2,33.15,33.2,34262397.0
2018-01-29 14:09:17.118000,33.2,33.15,33.2,34262397.0
2018-01-29 14:09:20.144000,33.2,33.15,33.2,34262397.0
2018-01-29 14:09:23.372000,33.2,33.15,33.2,34262397.0
2018-01-29 14:09:26.487000,33.2,33.15,33.2,34262397.0
2018-01-29 14:09:29.732000,33.2,33.15,33.2,34391897.0
2018-01-29 14:09:32.926000,33.2,33.15,33.2,34391897.0
2018-01-29 14:09:36.129000,33.2,33.15,33.2,34391897.0
2018-01-29 14:09:39.126000,33.2,33.15,33.2,34391897.0
2018-01-29 14:09:42.235000,33.2,33.15,33.2,34391897.0
2018-01-29 14:09:45.239000,33.2,33.15,33.2,34391897.0
2018-01-29 14:09:48.275000,33.2,33.15,33.2,34391897.0
2018-01-29 14:09:51.452000,33.2,33.15,33.2,34391897.0
2018-01-29 14:09:54.334000,33.2,33.15,33.2,34391897.0
2018-01-29 14:09:57.458000,33.2,33.15,33.2,34391897.0
2018-01-29 14:10:00.659000,33.2,33.15,33.2,34391897.0
2018-01-29 14:10:03.955000,33.2,33.15,33.2,34391897.0
2018-01-29 14:10:07.449000,33.2,33.15,33.2,34391897.0
2018-01-29 14:10:10.490000,33.2,33.15,33.2,34628897.0
2018-01-29 14:10:14.129000,33.2,33.15,33.2,34628897.0
2018-01-29 14:10:17.253000,33.2,33.15,33.2,34628897.0
2018-01-29 14:10:20.359000,33.2,33.15,33.2,34628897.0
2018-01-29 14:10:23.341000,33.2,33.15,33.2,34628897.0
2018-01-29 14:10:26.441000,33.2,33.15,33.2,34628897.0
2018-01-29 14:10:29.922000,33.2,33.15,33.2,34628897.0
2018-01-29 14:10:33.062000,33.2,33.15,33.2,34628897.0
2018-01-29 14:10:36.150000,33.2,33.15,33.2,34628897.0
2018-01-29 14:10:39.119000,33.2,33.15,33.2,34628897.0
2018-01-29 14:10:42.323000,33.2,33.15,33.2,34628897.0
2018-01-29 14:10:45.321000,33.2,33.15,33.2,34628897.0
2018-01-29 14:10:48.537000,33.2,33.15,33.2,34628897.0
2018-01-29 14:10:51.678000,33.2,33.15,33.2,34628897.0
2018-01-29 14:10:54.837000,33.2,33.15,33.2,34628897.0
2018-01-29 14:10:57.710000,33.2,33.2,33.25,34818098.0
2018-01-29 14:11:00.654000,33.2,33.2,33.25,34818098.0
2018-01-29 14:11:03.894000,33.2,33.2,33.25,34818098.0
2018-01-29 14:11:07.113000,33.2,33.2,33.25,34818098.0
2018-01-29 14:11:10.285000,33.2,33.2,33.25,34818098.0
2018-01-29 14:11:13.354000,33.2,33.2,33.25,34818098.0
2018-01-29 14:11:16.484000,33.2,33.2,33.25,34818098.0
2018-01-29 14:11:19.870000,33.2,33.2,33.25,34818098.0
2018-01-29 14:11:22.973000,33.2,33.2,33.25,34818098.0
2018-01-29 14:11:26.163000,33.2,33.2,33.25,34818098.0
2018-01-29 14:11:29.461000,33.2,33.2,33.25,34818098.0
2018-01-29 14:11:32.760000,33.2,33.2,33.25,34818098.0
2018-01-29 14:11:35.849000,33.2,33.2,33.25,34818098.0
2018-01-29 14:11:38.993000,33.2,33.2,33.25,34818098.0
2018-01-29 14:11:41.976000,33.2,33.2,33.25,34818098.0
2018-01-29 14:11:45.033000,33.2,33.2,33.25,34818098.0
2018-01-29 14:11:48.029000,33.2,33.2,33.25,34818098.0
2018-01-29 14:11:51.084000,33.2,33.2,33.25,34893098.0
2018-01-29 14:11:54.167000,33.2,33.2,33.25,34893098.0
2018-01-29 14:11:57.296000,33.2,33.2,33.25,34893098.0
2018-01-29 14:12:00.299000,33.2,33.2,33.25,34893098.0
2018-01-29 14:12:03.540000,33.2,33.2,33.25,34893098.0
2018-01-29 14:12:06.895000,33.2,33.2,33.25,34893098.0
2018-01-29 14:12:09.911000,33.2,33.2,33.25,34893098.0
2018-01-29 14:12:12.855000,33.2,33.2,33.25,34893098.0
2018-01-29 14:12:16.413000,33.2,33.2,33.25,34893098.0
2018-01-29 14:12:19.487000,33.2,33.2,33.25,34893098.0
2018-01-29 14:12:22.521000,33.2,33.2,33.25,34893098.0
2018-01-29 14:12:25.544000,33.2,33.2,33.25,34893098.0
2018-01-29 14:12:28.640000,33.2,33.2,33.25,34893098.0
2018-01-29 14:12:31.815000,33.2,33.2,33.25,34893098.0
2018-01-29 14:12:35.012000,33.2,33.2,33.25,34893098.0
2018-01-29 14:12:37.959000,33.2,33.2,33.25,34893098.0
2018-01-29 14:12:41.763000,33.2,33.2,33.25,34893098.0
2018-01-29 14:12:45.094000,33.2,33.2,33.25,34893098.0
2018-01-29 14:12:48.086000,33.2,33.2,33.25,34893098.0
2018-01-29 14:12:51.700000,33.2,33.2,33.25,34893098.0
2018-01-29 14:12:54.980000,33.2,33.2,33.25,34893098.0
2018-01-29 14:12:58.197000,33.2,33.2,33.25,34893098.0
2018-01-29 14:13:01.289000,33.2,33.2,33.25,34893098.0
2018-01-29 14:13:04.435000,33.2,33.2,33.25,34893098.0
2018-01-29 14:13:08.220000,33.2,33.2,33.25,34893098.0
2018-01-29 14:13:11.486000,33.2,33.2,33.25,34893098.0
2018-01-29 14:13:14.679000,33.2,33.2,33.25,34893098.0
2018-01-29 14:13:17.889000,33.2,33.2,33.25,34893098.0
2018-01-29 14:13:21.133000,33.2,33.2,33.25,34893098.0
2018-01-29 14:13:24.560000,33.2,33.2,33.25,34893098.0
2018-01-29 14:13:27.957000,33.2,33.2,33.25,34893098.0
2018-01-29 14:13:31.149000,33.2,33.2,33.25,34895200.0
2018-01-29 14:13:34.306000,33.2,33.2,33.25,34895200.0
2018-01-29 14:13:37.663000,33.2,33.2,33.25,34895200.0
2018-01-29 14:13:41.040000,33.2,33.2,33.25,34895200.0
2018-01-29 14:13:44.150000,33.2,33.2,33.25,34895200.0
2018-01-29 14:13:47.291000,33.2,33.2,33.25,34895200.0
2018-01-29 14:13:50.443000,33.2,33.2,33.25,34895200.0
2018-01-29 14:13:53.543000,33.2,33.2,33.25,34895200.0
2018-01-29 14:13:56.984000,33.2,33.2,33.25,34895200.0
2018-01-29 14:14:00.076000,33.2,33.2,33.25,34895200.0
2018-01-29 14:14:03.583000,33.2,33.2,33.25,34895200.0
2018-01-29 14:14:06.788000,33.2,33.2,33.25,34895200.0
2018-01-29 14:14:09.898000,33.2,33.2,33.25,34895200.0
2018-01-29 14:14:13.218000,33.2,33.2,33.25,34895200.0
2018-01-29 14:14:16.493000,33.2,33.2,33.25,34895200.0
2018-01-29 14:14:19.696000,33.2,33.2,33.25,34895200.0
2018-01-29 14:14:23.118000,33.2,33.2,33.25,34895200.0
2018-01-29 14:14:26.353000,33.2,33.2,33.25,34895200.0
2018-01-29 14:14:29.348000,33.2,33.2,33.25,34895200.0
2018-01-29 14:14:32.813000,33.2,33.2,33.25,34895200.0
2018-01-29 14:14:35.934000,33.2,33.2,33.25,34895200.0
2018-01-29 14:14:39.128000,33.2,33.2,33.25,34895200.0
2018-01-29 14:14:42.138000,33.2,33.2,33.25,34895200.0
2018-01-29 14:14:45.491000,33.2,33.2,33.25,34895200.0
2018-01-29 14:14:48.845000,33.2,33.2,33.25,34896200.0
2018-01-29 14:14:52.335000,33.2,33.2,33.25,34896200.0
2018-01-29 14:14:55.704000,33.2,33.2,33.25,34896200.0
2018-01-29 14:14:58.835000,33.2,33.2,33.25,34896200.0
2018-01-29 14:15:01.918000,33.2,33.2,33.25,34896200.0
2018-01-29 14:15:05.416000,33.2,33.2,33.25,34896200.0
2018-01-29 14:15:08.622000,33.2,33.2,33.25,34896200.0
2018-01-29 14:15:11.949000,33.2,33.2,33.25,34896200.0
2018-01-29 14:15:15.260000,33.2,33.2,33.25,34896200.0
2018-01-29 14:15:18.329000,33.2,33.2,33.25,34896200.0
2018-01-29 14:15:21.588000,33.2,33.2,33.25,34896200.0
2018-01-29 14:15:24.607000,33.2,33.15,33.2,35231200.0
2018-01-29 14:15:29.527000,33.2,33.15,33.2,35231200.0
2018-01-29 14:15:32.939000,33.2,33.15,33.2,35231200.0
2018-01-29 14:15:36.261000,33.2,33.15,33.2,35231200.0
2018-01-29 14:15:39.405000,33.2,33.15,33.2,35231200.0
2018-01-29 14:15:42.391000,33.2,33.15,33.2,35231200.0
2018-01-29 14:15:45.534000,33.2,33.15,33.2,35231200.0
2018-01-29 14:15:48.774000,33.2,33.15,33.2,35231200.0
2018-01-29 14:15:51.967000,33.2,33.15,33.2,35231200.0
2018-01-29 14:15:55.556000,33.2,33.15,33.2,35231200.0
2018-01-29 14:15:58.535000,33.2,33.15,33.2,35231200.0
2018-01-29 14:16:01.638000,33.2,33.15,33.2,35231200.0
2018-01-29 14:16:04.911000,33.2,33.15,33.2,35231200.0
2018-01-29 14:16:08.027000,33.2,33.15,33.2,35231200.0
2018-01-29 14:16:10.927000,33.2,33.15,33.2,35231200.0
2018-01-29 14:16:14.231000,33.2,33.15,33.2,35231200.0
2018-01-29 14:16:17.438000,33.2,33.15,33.2,35231200.0
2018-01-29 14:16:20.669000,33.2,33.15,33.2,35231200.0
2018-01-29 14:16:23.900000,33.2,33.15,33.2,35231200.0
2018-01-29 14:16:26.815000,33.2,33.15,33.2,35231200.0
2018-01-29 14:16:29.838000,33.2,33.15,33.2,35231200.0
2018-01-29 14:16:32.940000,33.2,33.15,33.2,35231200.0
2018-01-29 14:16:36.079000,33.2,33.15,33.2,35231200.0
2018-01-29 14:16:39.190000,33.2,33.15,33.2,35231200.0
2018-01-29 14:16:42.576000,33.2,33.15,33.2,35231200.0
2018-01-29 14:16:45.952000,33.2,33.15,33.2,35231200.0
2018-01-29 14:16:49.021000,33.2,33.15,33.2,35231200.0
2018-01-29 14:16:52.029000,33.15,33.15,33.2,35356700.0
2018-01-29 14:16:55.001000,33.15,33.15,33.2,35356700.0
2018-01-29 14:16:59.194000,33.15,33.15,33.2,35356700.0
2018-01-29 14:17:03.764000,33.15,33.15,33.2,35356700.0
2018-01-29 14:17:06.685000,33.15,33.15,33.2,35356700.0
2018-01-29 14:17:09.654000,33.15,33.15,33.2,35356700.0
2018-01-29 14:17:12.892000,33.15,33.15,33.2,35356700.0
2018-01-29 14:17:15.834000,33.15,33.15,33.2,35356700.0
2018-01-29 14:17:18.840000,33.15,33.15,33.2,35356700.0
2018-01-29 14:17:21.967000,33.15,33.15,33.2,35356700.0
2018-01-29 14:17:25.013000,33.15,33.15,33.2,35356700.0
2018-01-29 14:17:28.082000,33.15,33.15,33.2,35356700.0
2018-01-29 14:17:31.514000,33.15,33.15,33.2,35356700.0
2018-01-29 14:17:34.340000,33.15,33.15,33.2,35356700.0
2018-01-29 14:17:37.154000,33.15,33.15,33.2,35356700.0
2018-01-29 14:17:39.871000,33.15,33.15,33.2,35356700.0
2018-01-29 14:17:42.799000,33.15,33.15,33.2,35356700.0
2018-01-29 14:17:45.765000,33.15,33.15,33.2,35356700.0
2018-01-29 14:17:48.622000,33.15,33.15,33.2,35356700.0
2018-01-29 14:17:51.906000,33.15,33.15,33.2,35356700.0
2018-01-29 14:17:55.206000,33.15,33.15,33.2,35356700.0
2018-01-29 14:17:58.397000,33.15,33.15,33.2,35356700.0
2018-01-29 14:18:01.967000,33.15,33.15,33.2,35818200.0
2018-01-29 14:18:04.853000,33.15,33.15,33.2,35818200.0
2018-01-29 14:18:07.871000,33.15,33.15,33.2,35818200.0
2018-01-29 14:18:10.874000,33.15,33.15,33.2,35818200.0
2018-01-29 14:18:14.297000,33.15,33.15,33.2,35818200.0
2018-01-29 14:18:17.279000,33.15,33.15,33.2,35818200.0
2018-01-29 14:18:19.845000,33.15,33.15,33.2,35818200.0
2018-01-29 14:18:22.299000,33.15,33.15,33.2,35818200.0
2018-01-29 14:18:25.180000,33.15,33.15,33.2,35818200.0
2018-01-29 14:18:27.765000,33.15,33.15,33.2,35818200.0
2018-01-29 14:18:30.552000,33.15,33.15,33.2,35818200.0
2018-01-29 14:18:33.163000,33.15,33.15,33.2,35818200.0
2018-01-29 14:18:35.747000,33.15,33.15,33.2,36108200.0
2018-01-29 14:18:38.587000,33.15,33.15,33.2,36108200.0
2018-01-29 14:18:41.468000,33.15,33.15,33.2,36108200.0
2018-01-29 14:18:44.016000,33.15,33.15,33.2,36108200.0
2018-01-29 14:18:46.873000,33.15,33.15,33.2,36108200.0
2018-01-29 14:18:49.425000,33.15,33.15,33.2,36108200.0
2018-01-29 14:18:52.267000,33.15,33.15,33.2,36108200.0
2018-01-29 14:18:54.958000,33.15,33.15,33.2,36108200.0
2018-01-29 14:18:57.623000,33.15,33.15,33.2,36108200.0
2018-01-29 14:20:02.302000,,,,
2018-01-29 14:20:20.114000,33.15,33.1,33.15,36129776.0
2018-01-29 14:20:23.286000,33.15,33.1,33.15,36129776.0
2018-01-29 14:20:26.773000,33.15,33.1,33.15,36129776.0
2018-01-29 14:20:29.977000,33.15,33.1,33.15,36129776.0
2018-01-29 14:20:33.244000,33.15,33.1,33.15,36129776.0
2018-01-29 14:20:36.540000,33.15,33.15,33.2,36551776.0
2018-01-29 14:20:39.779000,33.15,33.15,33.2,36551776.0
2018-01-29 14:20:43.348000,33.15,33.15,33.2,36551776.0
2018-01-29 14:20:46.775000,33.15,33.15,33.2,36551776.0
2018-01-29 14:20:50.003000,33.15,33.15,33.2,36551776.0
2018-01-29 14:20:53.334000,33.15,33.15,33.2,36551776.0
2018-01-29 14:20:56.611000,33.15,33.15,33.2,36551776.0
2018-01-29 14:20:59.811000,33.15,33.15,33.2,36551776.0
2018-01-29 14:21:03.162000,33.15,33.15,33.2,36551776.0
2018-01-29 14:21:06.345000,33.15,33.15,33.2,36551776.0
2018-01-29 14:21:09.649000,33.15,33.15,33.2,36551776.0
2018-01-29 14:21:13.138000,33.15,33.15,33.2,36551776.0
2018-01-29 14:21:16.566000,33.15,33.15,33.2,36551776.0
2018-01-29 14:21:19.919000,33.15,33.15,33.2,36551776.0
2018-01-29 14:21:23.223000,33.15,33.15,33.2,36551776.0
2018-01-29 14:21:26.273000,33.15,33.15,33.2,36551776.0
2018-01-29 14:21:29.880000,33.15,33.15,33.2,37616099.0
2018-01-29 14:21:33.115000,33.15,33.15,33.2,37616099.0
2018-01-29 14:21:36.167000,33.15,33.15,33.2,37616099.0
2018-01-29 14:21:39.321000,33.15,33.15,33.2,37616099.0
2018-01-29 14:21:42.572000,33.15,33.15,33.2,37616099.0
2018-01-29 14:21:45.858000,33.15,33.15,33.2,37616099.0
2018-01-29 14:21:48.947000,33.15,33.15,33.2,37616099.0
2018-01-29 14:21:52.018000,33.15,33.15,33.2,37616099.0
2018-01-29 14:21:55.284000,33.15,33.15,33.2,37616099.0
2018-01-29 14:21:58.459000,33.15,33.15,33.2,37616099.0
2018-01-29 14:22:02.018000,33.15,33.15,33.2,37616099.0
2018-01-29 14:22:05.461000,33.15,33.15,33.2,37616099.0
2018-01-29 14:22:08.699000,33.15,33.15,33.2,37616099.0
2018-01-29 14:22:12.025000,33.15,33.15,33.2,37616099.0
2018-01-29 14:22:15.152000,33.15,33.15,33.2,37616099.0
2018-01-29 14:22:20.169000,33.15,33.15,33.2,37616099.0
2018-01-29 14:22:23.178000,33.15,33.15,33.2,37620599.0
2018-01-29 14:22:26.319000,33.15,33.15,33.2,37620599.0
2018-01-29 14:22:29.662000,33.15,33.15,33.2,37620599.0
2018-01-29 14:22:33.266000,33.15,33.15,33.2,37620599.0
2018-01-29 14:22:36.609000,33.15,33.15,33.2,37620599.0
2018-01-29 14:22:39.805000,33.15,33.15,33.2,37620599.0
2018-01-29 14:22:43.108000,33.15,33.15,33.2,37620599.0
2018-01-29 14:22:46.314000,33.15,33.15,33.2,37620599.0
2018-01-29 14:22:49.497000,33.15,33.15,33.2,37620599.0
2018-01-29 14:22:52.660000,33.15,33.15,33.2,37620599.0
2018-01-29 14:22:55.898000,33.15,33.15,33.2,37620599.0
2018-01-29 14:22:58.993000,33.15,33.15,33.2,37620599.0
2018-01-29 14:23:02.180000,33.15,33.15,33.2,37620599.0
2018-01-29 14:23:05.329000,33.2,33.15,33.2,37850099.0
2018-01-29 14:23:08.239000,33.2,33.15,33.2,37850099.0
2018-01-29 14:23:11.272000,33.2,33.15,33.2,37850099.0
2018-01-29 14:23:14.411000,33.2,33.15,33.2,37850099.0
2018-01-29 14:23:17.333000,33.2,33.15,33.2,37850099.0
2018-01-29 14:23:20.505000,33.2,33.15,33.2,37850099.0
2018-01-29 14:23:23.539000,33.2,33.15,33.2,37850099.0
2018-01-29 14:23:26.531000,33.2,33.15,33.2,37850099.0
2018-01-29 14:23:29.988000,33.2,33.15,33.2,37850099.0
2018-01-29 14:23:33.169000,33.2,33.15,33.2,37850099.0
2018-01-29 14:23:36.434000,33.2,33.15,33.2,37850099.0
2018-01-29 14:23:39.747000,33.2,33.15,33.2,37850099.0
2018-01-29 14:23:42.945000,33.2,33.15,33.2,37850099.0
2018-01-29 14:23:46.011000,33.2,33.15,33.2,37850099.0
2018-01-29 14:23:49.014000,33.2,33.15,33.2,37850099.0
2018-01-29 14:23:52.147000,33.2,33.15,33.2,37850099.0
2018-01-29 14:23:56.214000,33.2,33.15,33.2,37850099.0
2018-01-29 14:23:59.373000,33.2,33.15,33.2,37850099.0
2018-01-29 14:24:02.475000,33.2,33.15,33.2,37850099.0
2018-01-29 14:24:05.634000,33.2,33.15,33.2,37850099.0
2018-01-29 14:24:08.872000,33.2,33.15,33.2,37850099.0
2018-01-29 14:24:12.288000,33.2,33.15,33.2,37850099.0
2018-01-29 14:24:15.357000,33.2,33.15,33.2,37850099.0
2018-01-29 14:24:18.482000,33.2,33.15,33.2,37850099.0
2018-01-29 14:24:21.813000,33.2,33.15,33.2,37850099.0
2018-01-29 14:24:24.851000,33.2,33.15,33.2,37850099.0
2018-01-29 14:24:27.945000,33.2,33.15,33.2,37850099.0
2018-01-29 14:24:31.136000,33.2,33.15,33.2,37850099.0
2018-01-29 14:24:34.415000,33.2,33.15,33.2,37850099.0
2018-01-29 14:24:37.897000,33.2,33.15,33.2,37850099.0
2018-01-29 14:24:40.959000,33.2,33.15,33.2,37903599.0
2018-01-29 14:24:44.102000,33.2,33.15,33.2,37903599.0
2018-01-29 14:24:47.194000,33.2,33.15,33.2,37903599.0
2018-01-29 14:24:50.858000,33.2,33.15,33.2,37903599.0
2018-01-29 14:24:54.038000,33.2,33.15,33.2,37903599.0
2018-01-29 14:24:57.353000,33.2,33.15,33.2,37903599.0
2018-01-29 14:25:00.311000,33.2,33.15,33.2,37903599.0
2018-01-29 14:25:03.577000,33.2,33.15,33.2,37903599.0
2018-01-29 14:25:06.694000,33.2,33.15,33.2,37903599.0
2018-01-29 14:25:09.978000,33.2,33.15,33.2,37903599.0
2018-01-29 14:25:13.259000,33.2,33.15,33.2,37903599.0
2018-01-29 14:25:16.424000,33.2,33.15,33.2,37903599.0
2018-01-29 14:25:19.722000,33.2,33.15,33.2,37903599.0
2018-01-29 14:25:22.837000,33.2,33.15,33.2,37903599.0
2018-01-29 14:25:26.080000,33.2,33.15,33.2,37903599.0
2018-01-29 14:25:29.320000,33.2,33.15,33.2,37903599.0
2018-01-29 14:25:32.257000,33.2,33.15,33.2,37903599.0
2018-01-29 14:25:35.229000,33.2,33.15,33.2,37903599.0
2018-01-29 14:25:38.509000,33.2,33.15,33.2,37903599.0
2018-01-29 14:25:41.802000,33.2,33.15,33.2,37903599.0
2018-01-29 14:25:44.828000,33.25,33.2,33.25,38140599.0
2018-01-29 14:25:47.969000,33.25,33.2,33.25,38140599.0
2018-01-29 14:25:51.405000,33.25,33.2,33.25,38140599.0
2018-01-29 14:25:56.196000,33.25,33.2,33.25,38140599.0
2018-01-29 14:25:59.403000,33.25,33.2,33.25,38140599.0
2018-01-29 14:26:02.446000,33.25,33.2,33.25,38140599.0
2018-01-29 14:26:05.379000,33.25,33.2,33.25,38140599.0
2018-01-29 14:26:08.555000,33.25,33.2,33.25,38140599.0
2018-01-29 14:26:11.531000,33.25,33.2,33.25,38140599.0
2018-01-29 14:26:14.496000,33.25,33.2,33.25,38140599.0
2018-01-29 14:26:17.651000,33.25,33.2,33.25,38140599.0
2018-01-29 14:26:20.605000,33.25,33.2,33.25,38140599.0
2018-01-29 14:26:23.495000,33.25,33.2,33.25,38140599.0
2018-01-29 14:26:26.656000,33.25,33.2,33.25,38140599.0
2018-01-29 14:26:29.954000,33.25,33.2,33.25,38140599.0
2018-01-29 14:26:33.055000,33.25,33.2,33.25,38140599.0
2018-01-29 14:26:36.063000,33.25,33.2,33.25,38140599.0
2018-01-29 14:26:39.265000,33.25,33.2,33.25,38140599.0
2018-01-29 14:26:42.306000,33.25,33.2,33.25,38140599.0
2018-01-29 14:26:45.344000,33.25,33.2,33.25,38140599.0
2018-01-29 14:26:48.392000,33.25,33.2,33.25,38140599.0
2018-01-29 14:26:51.494000,33.25,33.2,33.25,38140599.0
2018-01-29 14:26:54.673000,33.25,33.2,33.25,38140599.0
2018-01-29 14:26:58.075000,33.25,33.2,33.25,38140599.0
2018-01-29 14:27:01.078000,33.25,33.2,33.25,38140599.0
2018-01-29 14:27:04.244000,33.25,33.2,33.25,38140599.0
2018-01-29 14:27:07.024000,33.25,33.2,33.25,38140599.0
2018-01-29 14:27:10.174000,33.25,33.2,33.25,38146599.0
2018-01-29 14:27:13.065000,33.25,33.2,33.25,38146599.0
2018-01-29 14:27:16.036000,33.25,33.2,33.25,38146599.0
2018-01-29 14:27:19.122000,33.25,33.2,33.25,38146599.0
2018-01-29 14:27:22.173000,33.25,33.2,33.25,38146599.0
2018-01-29 14:27:25.099000,33.25,33.25,33.3,38276099.0
2018-01-29 14:27:28.135000,33.25,33.25,33.3,38276099.0
2018-01-29 14:27:31.046000,33.25,33.25,33.3,38276099.0
2018-01-29 14:27:34.089000,33.25,33.25,33.3,38276099.0
2018-01-29 14:27:36.949000,33.25,33.25,33.3,38276099.0
2018-01-29 14:27:40.121000,33.25,33.25,33.3,38276099.0
2018-01-29 14:27:43.266000,33.25,33.25,33.3,38276099.0
2018-01-29 14:27:46.568000,33.25,33.25,33.3,38276099.0
2018-01-29 14:27:49.826000,33.25,33.25,33.3,38276099.0
2018-01-29 14:27:52.785000,33.25,33.25,33.3,38276099.0
2018-01-29 14:27:55.995000,33.25,33.25,33.3,38276099.0
2018-01-29 14:27:58.936000,33.25,33.25,33.3,38276099.0
2018-01-29 14:28:01.989000,33.25,33.25,33.3,38276099.0
2018-01-29 14:28:05.109000,33.25,33.25,33.3,38276099.0
2018-01-29 14:28:08.183000,33.25,33.25,33.3,38276099.0
2018-01-29 14:28:11.131000,33.25,33.25,33.3,38276099.0
2018-01-29 14:28:14.231000,33.25,33.2,33.3,38380099.0
2018-01-29 14:28:17.241000,33.25,33.2,33.3,38380099.0
2018-01-29 14:28:20.261000,33.25,33.2,33.3,38380099.0
2018-01-29 14:28:23.561000,33.25,33.2,33.3,38380099.0
2018-01-29 14:28:26.675000,33.25,33.2,33.3,38380099.0
2018-01-29 14:28:29.658000,33.25,33.2,33.3,38380099.0
2018-01-29 14:28:32.592000,33.25,33.2,33.3,38380099.0
2018-01-29 14:28:35.508000,33.25,33.2,33.3,38380099.0
2018-01-29 14:28:38.593000,33.25,33.2,33.3,38380099.0
2018-01-29 14:28:41.559000,33.25,33.2,33.3,38380099.0
2018-01-29 14:28:44.297000,33.25,33.2,33.3,38380099.0
2018-01-29 14:28:47.405000,33.25,33.2,33.3,38380099.0
2018-01-29 14:28:50.461000,33.25,33.2,33.3,38380099.0
2018-01-29 14:28:53.437000,33.25,33.2,33.3,38380099.0
2018-01-29 14:28:56.976000,33.25,33.2,33.3,38380099.0
2018-01-29 14:29:00.099000,33.25,33.2,33.3,38380099.0
2018-01-29 14:29:03.006000,33.25,33.2,33.3,38380099.0
2018-01-29 14:29:06.075000,33.25,33.2,33.3,38380099.0
2018-01-29 14:29:09.079000,33.25,33.2,33.3,38380099.0
2018-01-29 14:29:11.656000,33.25,33.2,33.3,38380099.0
2018-01-29 14:29:15.006000,33.25,33.2,33.3,38380099.0
2018-01-29 14:29:17.897000,33.25,33.2,33.3,38380099.0
2018-01-29 14:29:20.683000,33.25,33.2,33.3,38380099.0
2018-01-29 14:29:23.457000,33.25,33.2,33.3,38380099.0
2018-01-29 14:29:26.577000,33.25,33.2,33.3,38380099.0
2018-01-29 14:29:29.494000,33.25,33.2,33.3,38380099.0
2018-01-29 14:29:32.654000,33.25,33.2,33.3,38380099.0
2018-01-29 14:29:35.508000,33.25,33.2,33.3,38380099.0
2018-01-29 14:29:38.742000,33.25,33.2,33.3,38380099.0
2018-01-29 14:29:41.576000,33.25,33.2,33.3,38380099.0
2018-01-29 14:29:44.516000,33.25,33.2,33.3,38380099.0
2018-01-29 14:29:47.578000,33.25,33.2,33.3,38380099.0
2018-01-29 14:29:50.704000,33.25,33.2,33.3,38380099.0
2018-01-29 14:29:53.936000,33.25,33.2,33.3,38380099.0
2018-01-29 14:29:56.990000,33.25,33.2,33.3,38380099.0
2018-01-29 14:30:00.195000,33.25,33.2,33.3,38380099.0
2018-01-29 14:30:03.209000,33.25,33.2,33.3,38380099.0
2018-01-29 14:30:06.381000,33.2,33.2,33.25,38432199.0
2018-01-29 14:30:09.484000,33.2,33.2,33.25,38432199.0
2018-01-29 14:30:12.595000,33.2,33.2,33.25,38432199.0
2018-01-29 14:30:15.506000,33.2,33.2,33.25,38432199.0
2018-01-29 14:30:18.364000,33.2,33.2,33.25,38432199.0
2018-01-29 14:30:21.518000,33.2,33.2,33.25,38432199.0
2018-01-29 14:30:24.456000,33.2,33.2,33.25,38432199.0
2018-01-29 14:30:27.955000,33.2,33.2,33.25,38432199.0
2018-01-29 14:30:31.474000,33.2,33.2,33.25,38432199.0
2018-01-29 14:30:34.701000,33.2,33.2,33.25,38432199.0
2018-01-29 14:30:38.062000,33.2,33.2,33.25,38432199.0
2018-01-29 14:30:41.596000,33.2,33.2,33.25,38432199.0
2018-01-29 14:30:44.885000,33.2,33.2,33.25,38432199.0
2018-01-29 14:30:48.191000,33.2,33.2,33.25,38432199.0
2018-01-29 14:30:51.552000,33.2,33.2,33.25,38432199.0
2018-01-29 14:30:55.097000,33.2,33.2,33.25,38432199.0
2018-01-29 14:30:58.535000,33.2,33.2,33.25,38432199.0
2018-01-29 14:31:01.792000,33.2,33.2,33.25,38432199.0
2018-01-29 14:31:04.933000,33.2,33.2,33.25,38432199.0
2018-01-29 14:31:08.131000,33.2,33.2,33.25,38432199.0
2018-01-29 14:31:11.316000,33.2,33.2,33.25,38432199.0
2018-01-29 14:31:14.425000,33.2,33.2,33.25,38432199.0
2018-01-29 14:31:17.627000,33.2,33.2,33.25,38432199.0
2018-01-29 14:31:21.180000,33.2,33.2,33.25,38432199.0
2018-01-29 14:31:24.863000,33.2,33.2,33.25,38432199.0
2018-01-29 14:31:27.955000,33.2,33.2,33.25,38432199.0
2018-01-29 14:31:30.946000,33.2,33.2,33.25,38432199.0
2018-01-29 14:31:34.123000,33.2,33.2,33.25,38432199.0
2018-01-29 14:31:37.204000,33.2,33.2,33.25,38432199.0
2018-01-29 14:31:40.402000,33.2,33.2,33.25,38432485.0
2018-01-29 14:31:43.613000,33.2,33.2,33.25,38432485.0
2018-01-29 14:31:46.698000,33.2,33.2,33.25,38432485.0
2018-01-29 14:31:49.724000,33.2,33.2,33.25,38432485.0
2018-01-29 14:31:52.768000,33.2,33.2,33.25,38432485.0
2018-01-29 14:31:55.739000,33.2,33.2,33.25,38432485.0
2018-01-29 14:31:58.865000,33.2,33.2,33.25,38432485.0
2018-01-29 14:32:02.174000,33.2,33.2,33.25,38432485.0
2018-01-29 14:32:05.368000,33.2,33.2,33.25,38432485.0
2018-01-29 14:32:10.134000,33.2,33.2,33.25,38432485.0
2018-01-29 14:32:13.223000,33.2,33.2,33.25,38432485.0
2018-01-29 14:32:16.240000,33.2,33.2,33.25,38432485.0
2018-01-29 14:32:19.975000,33.2,33.2,33.25,38432485.0
2018-01-29 14:32:23.693000,33.2,33.2,33.25,38432485.0
2018-01-29 14:32:27.084000,33.2,33.2,33.25,38432485.0
2018-01-29 14:32:30.228000,33.2,33.2,33.25,38432485.0
2018-01-29 14:32:33.510000,33.2,33.2,33.25,38432485.0
2018-01-29 14:32:36.534000,33.2,33.2,33.25,38432485.0
2018-01-29 14:32:39.674000,33.2,33.2,33.25,38432485.0
2018-01-29 14:32:42.903000,33.2,33.2,33.25,38432485.0
2018-01-29 14:32:46.296000,33.2,33.2,33.25,38434485.0
2018-01-29 14:32:49.552000,33.2,33.2,33.25,38434485.0
2018-01-29 14:32:52.771000,33.2,33.2,33.25,38434485.0
2018-01-29 14:32:56.129000,33.2,33.2,33.25,38434485.0
2018-01-29 14:32:59.551000,33.2,33.2,33.25,38434485.0
2018-01-29 14:33:02.657000,33.2,33.2,33.25,38434485.0
2018-01-29 14:33:06.777000,33.2,33.2,33.25,38434485.0
2018-01-29 14:33:09.786000,33.2,33.2,33.25,38434485.0
2018-01-29 14:33:13.102000,33.2,33.2,33.25,38434485.0
2018-01-29 14:33:16.298000,33.2,33.2,33.25,38434485.0
2018-01-29 14:33:19.585000,33.2,33.2,33.25,38434485.0
2018-01-29 14:33:22.897000,33.2,33.2,33.25,38434485.0
2018-01-29 14:33:26.484000,33.2,33.2,33.25,38434485.0
2018-01-29 14:33:29.840000,33.2,33.2,33.25,38434485.0
2018-01-29 14:33:33.248000,33.2,33.2,33.25,38434485.0
2018-01-29 14:33:36.387000,33.2,33.2,33.25,38434485.0
2018-01-29 14:33:39.536000,33.2,33.2,33.25,38434485.0
2018-01-29 14:33:43.071000,33.2,33.2,33.25,38434485.0
2018-01-29 14:33:46.255000,33.2,33.2,33.25,38434485.0
2018-01-29 14:33:49.695000,33.2,33.2,33.25,38434485.0
2018-01-29 14:33:52.818000,33.2,33.2,33.25,38434485.0
2018-01-29 14:33:56.281000,33.2,33.2,33.25,38434485.0
2018-01-29 14:33:59.636000,33.2,33.2,33.25,38434485.0
2018-01-29 14:34:02.975000,33.2,33.2,33.25,38434485.0
2018-01-29 14:34:06.059000,33.2,33.2,33.25,38434485.0
2018-01-29 14:34:09.405000,33.2,33.2,33.25,38434485.0
2018-01-29 14:34:13.023000,33.2,33.2,33.25,38434485.0
2018-01-29 14:34:16.257000,33.2,33.2,33.25,38434485.0
2018-01-29 14:34:19.624000,33.2,33.2,33.25,38434485.0
2018-01-29 14:34:22.898000,33.2,33.2,33.25,38434485.0
2018-01-29 14:34:26.549000,33.2,33.2,33.25,38434485.0
2018-01-29 14:34:29.810000,33.2,33.2,33.25,38434485.0
2018-01-29 14:34:33.131000,33.2,33.2,33.25,38434485.0
2018-01-29 14:34:36.697000,33.2,33.2,33.25,38434485.0
2018-01-29 14:34:40.260000,33.2,33.2,33.25,38434485.0
2018-01-29 14:34:43.432000,33.2,33.2,33.25,38434485.0
2018-01-29 14:34:46.686000,33.2,33.2,33.25,38434485.0
2018-01-29 14:34:49.903000,33.2,33.2,33.25,38434485.0
2018-01-29 14:34:53.071000,33.2,33.2,33.25,38434485.0
2018-01-29 14:34:56.492000,33.2,33.2,33.25,38434485.0
2018-01-29 14:34:59.634000,33.2,33.2,33.25,38434485.0
2018-01-29 14:35:02.977000,33.2,33.2,33.25,38450485.0
2018-01-29 14:35:06.324000,33.2,33.2,33.25,38450485.0
2018-01-29 14:35:09.463000,33.2,33.2,33.25,38450485.0
2018-01-29 14:35:12.571000,33.2,33.2,33.25,38450485.0
2018-01-29 14:35:15.837000,33.2,33.2,33.25,38450485.0
2018-01-29 14:35:19.633000,33.2,33.2,33.25,38450485.0
2018-01-29 14:35:22.779000,33.2,33.2,33.25,38450485.0
