time,price,bid,ask,volume
2018-01-30 10:33:50.554000,33.2,33.15,33.2,11635108.0
2018-01-30 10:33:53.106000,33.2,33.15,33.2,11635108.0
2018-01-30 10:33:55.685000,33.2,33.15,33.2,11635108.0
2018-01-30 10:33:58.251000,33.2,33.15,33.2,11635108.0
2018-01-30 10:34:00.791000,33.2,33.15,33.2,11635108.0
2018-01-30 10:34:03.316000,33.2,33.15,33.2,11635108.0
2018-01-30 10:34:05.938000,33.2,33.15,33.2,11635108.0
2018-01-30 10:34:08.498000,33.2,33.15,33.2,11635108.0
2018-01-30 10:34:10.982000,33.2,33.15,33.2,11635108.0
2018-01-30 10:34:13.647000,33.2,33.15,33.2,11635108.0
2018-01-30 10:34:16.359000,33.2,33.15,33.2,11635108.0
2018-01-30 10:34:19.142000,33.2,33.15,33.2,11635108.0
2018-01-30 10:34:21.788000,33.2,33.15,33.2,11635108.0
2018-01-30 10:34:24.536000,33.2,33.15,33.2,11897608.0
2018-01-30 10:34:27.106000,33.2,33.15,33.2,11897608.0
2018-01-30 10:34:29.648000,33.2,33.15,33.2,11897608.0
2018-01-30 10:34:32.269000,33.2,33.15,33.2,11897608.0
2018-01-30 10:34:34.982000,33.2,33.15,33.2,11897608.0
2018-01-30 10:34:37.679000,33.2,33.15,33.2,11897608.0
2018-01-30 10:34:40.518000,33.2,33.15,33.2,11897608.0
2018-01-30 10:34:43.072000,33.2,33.15,33.2,11897608.0
2018-01-30 10:34:45.675000,33.2,33.15,33.2,11897608.0
2018-01-30 10:34:48.329000,33.2,33.15,33.2,11897608.0
2018-01-30 10:34:50.853000,33.2,33.15,33.2,11897608.0
2018-01-30 10:34:53.347000,33.2,33.15,33.2,11897608.0
2018-01-30 10:34:56.076000,33.2,33.15,33.2,11897608.0
2018-01-30 10:34:58.770000,33.2,33.15,33.2,11897608.0
2018-01-30 10:35:01.118000,33.2,33.15,33.2,11897608.0
2018-01-30 10:35:03.815000,33.2,33.15,33.2,11897608.0
2018-01-30 10:35:06.681000,33.2,33.15,33.2,11897608.0
2018-01-30 10:35:09.775000,33.2,33.15,33.2,11897608.0
2018-01-30 10:35:12.404000,33.2,33.15,33.2,11897608.0
2018-01-30 10:35:14.947000,33.2,33.15,33.2,11897608.0
2018-01-30 10:35:17.404000,33.2,33.15,33.2,11897608.0
2018-01-30 10:35:20.192000,33.2,33.15,33.2,11897608.0
2018-01-30 10:35:23.439000,33.2,33.15,33.2,11897608.0
2018-01-30 10:35:26.244000,33.2,33.15,33.2,11897608.0
2018-01-30 10:35:28.899000,33.2,33.15,33.2,11897608.0
2018-01-30 10:35:31.352000,33.2,33.15,33.2,11897608.0
2018-01-30 10:35:34.230000,33.2,33.15,33.2,11897608.0
2018-01-30 10:35:36.835000,33.2,33.15,33.2,11897608.0
2018-01-30 10:35:40.115000,33.2,33.15,33.2,11897608.0
2018-01-30 10:35:43.040000,33.2,33.15,33.2,11897608.0
2018-01-30 10:35:47.685000,33.2,33.15,33.2,11908767.0
2018-01-30 10:35:51.244000,33.2,33.15,33.2,11908767.0
2018-01-30 10:35:54.434000,33.2,33.15,33.2,11908767.0
2018-01-30 10:35:57.773000,33.2,33.15,33.2,11908767.0
2018-01-30 10:36:01.126000,33.2,33.15,33.2,11908767.0
2018-01-30 10:36:04.295000,33.2,33.15,33.2,11908767.0
2018-01-30 10:36:07.995000,33.2,33.15,33.2,11908767.0
2018-01-30 10:36:11.470000,33.2,33.15,33.2,11908767.0
2018-01-30 10:36:14.930000,33.2,33.15,33.2,11908767.0
2018-01-30 10:36:18.114000,33.2,33.15,33.2,11908767.0
2018-01-30 10:36:21.353000,33.2,33.15,33.2,11908767.0
2018-01-30 10:36:24.694000,33.2,33.15,33.2,11908767.0
2018-01-30 10:36:27.854000,33.2,33.15,33.2,11908767.0
2018-01-30 10:36:31.076000,33.2,33.15,33.2,11908767.0
2018-01-30 10:36:34.320000,33.2,33.15,33.2,11908767.0
2018-01-30 10:36:37.496000,33.2,33.15,33.2,11908767.0
2018-01-30 10:36:40.845000,33.2,33.15,33.2,11908767.0
2018-01-30 10:36:44.147000,33.2,33.15,33.2,11908767.0
2018-01-30 10:36:47.362000,33.2,33.15,33.2,11908767.0
2018-01-30 10:36:50.477000,33.2,33.15,33.2,11908767.0
2018-01-30 10:36:53.714000,33.2,33.15,33.2,11908767.0
2018-01-30 10:36:57.050000,33.2,33.15,33.2,11908767.0
2018-01-30 10:37:00.353000,33.2,33.15,33.2,11908767.0
2018-01-30 10:37:03.745000,33.2,33.15,33.2,11908767.0
2018-01-30 10:37:06.748000,33.2,33.15,33.2,11908767.0
2018-01-30 10:37:10.009000,33.2,33.15,33.2,11908767.0
2018-01-30 10:37:13.289000,33.2,33.15,33.2,11908767.0
2018-01-30 10:37:16.493000,33.2,33.15,33.2,11908767.0
2018-01-30 10:37:20.183000,33.2,33.15,33.2,11908767.0
2018-01-30 10:37:23.386000,33.2,33.15,33.2,11908767.0
2018-01-30 10:37:26.903000,33.2,33.15,33.2,11908767.0
2018-01-30 10:37:30.105000,33.2,33.15,33.2,11908767.0
2018-01-30 10:37:33.328000,33.2,33.15,33.2,11908767.0
2018-01-30 10:37:36.730000,33.2,33.15,33.2,11908767.0
2018-01-30 10:37:39.839000,33.2,33.15,33.2,11908767.0
2018-01-30 10:37:42.934000,33.2,33.15,33.2,11908767.0
2018-01-30 10:37:46.447000,33.2,33.15,33.2,11908767.0
2018-01-30 10:37:49.537000,33.2,33.15,33.2,11908767.0
2018-01-30 10:37:53.185000,33.2,33.15,33.2,11908767.0
2018-01-30 10:37:56.179000,33.2,33.15,33.2,11908767.0
2018-01-30 10:37:59.305000,33.2,33.15,33.2,11908767.0
2018-01-30 10:38:02.539000,33.2,33.15,33.2,11908767.0
2018-01-30 10:38:05.275000,33.2,33.15,33.2,11908767.0
2018-01-30 10:38:08.015000,33.2,33.15,33.2,11908767.0
2018-01-30 10:38:10.692000,33.2,33.15,33.2,11908767.0
2018-01-30 10:38:13.368000,33.2,33.15,33.2,11908767.0
2018-01-30 10:38:16.679000,33.2,33.15,33.2,11908767.0
2018-01-30 10:38:19.715000,33.2,33.15,33.2,11908767.0
2018-01-30 10:38:22.709000,33.2,33.15,33.2,11908767.0
2018-01-30 10:38:27.356000,33.2,33.15,33.2,11908767.0
2018-01-30 10:38:30.245000,33.2,33.15,33.2,11908767.0
2018-01-30 10:38:32.864000,33.2,33.15,33.2,11908767.0
2018-01-30 10:38:35.662000,33.2,33.15,33.2,11908767.0
2018-01-30 10:38:38.535000,33.2,33.15,33.2,11908767.0
2018-01-30 10:38:41.175000,33.2,33.15,33.2,11908767.0
2018-01-30 10:38:43.993000,33.2,33.15,33.2,11908767.0
2018-01-30 10:38:46.786000,33.2,33.15,33.2,11908767.0
2018-01-30 10:38:49.580000,33.2,33.15,33.2,11908767.0
2018-01-30 10:38:52.217000,33.2,33.15,33.2,11908767.0
2018-01-30 10:38:55.106000,33.2,33.15,33.2,11908767.0
2018-01-30 10:38:57.911000,33.2,33.15,33.2,11908767.0
2018-01-30 10:39:00.644000,33.2,33.15,33.2,11908767.0
2018-01-30 10:39:03.734000,33.2,33.15,33.2,11908767.0
2018-01-30 10:39:08.190000,33.2,33.15,33.2,11908767.0
2018-01-30 10:39:10.833000,33.2,33.15,33.2,11908767.0
2018-01-30 10:39:13.701000,33.2,33.15,33.2,11908767.0
2018-01-30 10:39:18.564000,33.2,33.15,33.2,11908767.0
2018-01-30 10:39:21.559000,33.2,33.15,33.2,11908767.0
2018-01-30 10:39:24.399000,33.2,33.15,33.2,11908767.0
2018-01-30 10:39:27.341000,33.2,33.15,33.2,11908767.0
2018-01-30 10:39:30.168000,33.2,33.15,33.2,11908767.0
2018-01-30 10:39:32.930000,33.2,33.15,33.2,11908767.0
2018-01-30 10:39:35.707000,33.2,33.15,33.2,11908767.0
2018-01-30 10:39:38.625000,33.2,33.15,33.2,11908767.0
2018-01-30 10:39:41.380000,33.2,33.15,33.2,11908767.0
2018-01-30 10:39:44.104000,33.2,33.15,33.2,11908767.0
2018-01-30 10:39:46.911000,33.2,33.15,33.2,11908767.0
2018-01-30 10:39:49.834000,33.2,33.15,33.2,11908767.0
2018-01-30 10:39:52.563000,33.2,33.15,33.2,11908767.0
2018-01-30 10:39:55.311000,33.2,33.15,33.2,11908767.0
2018-01-30 10:39:58.089000,33.2,33.15,33.2,11908767.0
2018-01-30 10:40:01.039000,33.2,33.15,33.2,11908767.0
2018-01-30 10:40:03.679000,33.2,33.15,33.2,11908767.0
2018-01-30 10:40:06.808000,33.2,33.15,33.2,11908767.0
2018-01-30 10:40:09.526000,33.2,33.15,33.2,11908767.0
2018-01-30 10:40:12.525000,33.2,33.15,33.2,11908767.0
2018-01-30 10:40:15.496000,33.2,33.15,33.2,11908767.0
2018-01-30 10:40:18.960000,33.2,33.15,33.2,11908767.0
2018-01-30 10:40:22.013000,33.2,33.15,33.2,11908767.0
2018-01-30 10:40:25.030000,33.2,33.15,33.2,11915767.0
2018-01-30 10:40:28.062000,33.2,33.15,33.2,11915767.0
2018-01-30 10:40:31.126000,33.2,33.15,33.2,11915767.0
2018-01-30 10:40:34.207000,33.2,33.15,33.2,11915767.0
2018-01-30 10:40:37.245000,33.2,33.15,33.2,11915767.0
2018-01-30 10:40:40.327000,33.2,33.2,33.25,12286767.0
2018-01-30 10:40:43.642000,33.2,33.2,33.25,12286767.0
2018-01-30 10:40:46.698000,33.2,33.2,33.25,12286767.0
2018-01-30 10:40:49.572000,33.2,33.2,33.25,12286767.0
2018-01-30 10:40:52.482000,33.2,33.2,33.25,12286767.0
2018-01-30 10:40:55.484000,33.2,33.2,33.25,12286767.0
2018-01-30 10:40:58.693000,33.2,33.2,33.25,12286767.0
2018-01-30 10:41:01.592000,33.2,33.2,33.25,12286767.0
2018-01-30 10:41:04.538000,33.2,33.2,33.25,12286767.0
2018-01-30 10:41:07.442000,33.2,33.2,33.25,12286767.0
2018-01-30 10:41:10.468000,33.2,33.2,33.25,12286767.0
2018-01-30 10:41:13.504000,33.2,33.2,33.25,12286767.0
2018-01-30 10:41:16.475000,33.2,33.2,33.25,12286767.0
2018-01-30 10:41:19.571000,33.2,33.2,33.25,12286767.0
2018-01-30 10:41:22.781000,33.2,33.2,33.25,12286767.0
2018-01-30 10:41:25.711000,33.2,33.2,33.25,12286767.0
2018-01-30 10:41:28.606000,33.2,33.2,33.25,12286767.0
2018-01-30 10:41:31.461000,33.2,33.2,33.25,12286767.0
2018-01-30 10:41:34.538000,33.2,33.2,33.25,12286767.0
2018-01-30 10:41:37.496000,33.2,33.2,33.25,12286767.0
2018-01-30 10:41:40.617000,33.2,33.2,33.25,12286767.0
2018-01-30 10:41:43.575000,33.2,33.2,33.25,12286767.0
2018-01-30 10:41:46.652000,33.2,33.2,33.25,12286767.0
2018-01-30 10:41:49.841000,33.2,33.2,33.25,12286767.0
2018-01-30 10:41:52.772000,33.2,33.2,33.25,12286767.0
2018-01-30 10:41:55.738000,33.2,33.2,33.25,12286767.0
2018-01-30 10:41:58.590000,33.2,33.2,33.25,12298767.0
2018-01-30 10:42:01.596000,33.2,33.2,33.25,12298767.0
2018-01-30 10:42:04.575000,33.2,33.2,33.25,12298767.0
2018-01-30 10:42:07.474000,33.2,33.2,33.25,12298767.0
2018-01-30 10:42:10.838000,33.2,33.2,33.25,12298767.0
2018-01-30 10:42:13.800000,33.2,33.2,33.25,12298767.0
2018-01-30 10:42:17.025000,33.2,33.2,33.25,12298767.0
2018-01-30 10:42:20.204000,33.2,33.2,33.25,12298767.0
2018-01-30 10:42:23.441000,33.2,33.2,33.25,12298767.0
2018-01-30 10:42:26.330000,33.2,33.2,33.25,12298767.0
2018-01-30 10:42:29.285000,33.2,33.2,33.25,12298767.0
2018-01-30 10:42:32.295000,33.2,33.2,33.25,12298767.0
2018-01-30 10:42:35.393000,33.2,33.2,33.25,12298767.0
2018-01-30 10:42:38.378000,33.2,33.2,33.25,12298767.0
2018-01-30 10:42:41.506000,33.2,33.2,33.25,12298767.0
2018-01-30 10:42:44.564000,33.2,33.2,33.25,12298767.0
2018-01-30 10:42:47.568000,33.2,33.2,33.25,12298767.0
2018-01-30 10:42:50.689000,33.2,33.2,33.25,12298767.0
2018-01-30 10:42:53.708000,33.2,33.2,33.25,12298767.0
2018-01-30 10:42:56.834000,33.2,33.2,33.25,12298767.0
2018-01-30 10:42:59.845000,33.2,33.2,33.25,12298767.0
2018-01-30 10:43:03.079000,33.2,33.2,33.25,12298767.0
2018-01-30 10:43:06.058000,33.2,33.2,33.25,12298767.0
2018-01-30 10:43:09.229000,33.2,33.2,33.25,12298767.0
2018-01-30 10:43:12.405000,33.2,33.2,33.25,12298767.0
2018-01-30 10:43:15.470000,33.2,33.2,33.25,12298767.0
2018-01-30 10:43:18.405000,33.2,33.2,33.25,12298767.0
2018-01-30 10:43:21.380000,33.2,33.2,33.25,12298767.0
2018-01-30 10:43:24.418000,33.2,33.2,33.25,12298767.0
2018-01-30 10:43:27.894000,33.2,33.2,33.25,12299767.0
2018-01-30 10:43:31.008000,33.2,33.2,33.25,12299767.0
2018-01-30 10:43:34.050000,33.2,33.2,33.25,12299767.0
2018-01-30 10:43:36.950000,33.2,33.2,33.25,12299767.0
2018-01-30 10:43:39.943000,33.2,33.2,33.25,12299767.0
2018-01-30 10:43:43.007000,33.2,33.2,33.25,12299767.0
2018-01-30 10:43:46.191000,33.2,33.2,33.25,12299767.0
2018-01-30 10:43:49.084000,33.2,33.2,33.25,12299767.0
2018-01-30 10:43:51.975000,33.2,33.2,33.25,12299767.0
2018-01-30 10:43:54.913000,33.2,33.2,33.25,12299767.0
2018-01-30 10:43:57.891000,33.2,33.2,33.25,12299767.0
2018-01-30 10:44:00.945000,33.2,33.2,33.25,12299767.0
2018-01-30 10:44:04.040000,33.2,33.2,33.25,12299767.0
2018-01-30 10:44:07.253000,33.2,33.2,33.25,12299767.0
2018-01-30 10:44:10.130000,33.2,33.2,33.25,12318767.0
2018-01-30 10:44:13.095000,33.2,33.2,33.25,12318767.0
2018-01-30 10:44:16.099000,33.2,33.2,33.25,12318767.0
2018-01-30 10:44:18.972000,33.2,33.2,33.25,12318767.0
2018-01-30 10:44:21.936000,33.2,33.2,33.25,12318767.0
2018-01-30 10:44:24.899000,33.2,33.2,33.25,12318767.0
2018-01-30 10:44:27.964000,33.2,33.2,33.25,12318767.0
2018-01-30 10:44:30.921000,33.2,33.2,33.25,12318767.0
2018-01-30 10:44:33.838000,33.2,33.2,33.25,12318767.0
2018-01-30 10:44:36.896000,33.2,33.2,33.25,12318767.0
2018-01-30 10:44:39.711000,33.2,33.2,33.25,12318767.0
2018-01-30 10:44:42.706000,33.2,33.2,33.25,12318767.0
2018-01-30 10:44:45.645000,33.2,33.2,33.25,12318767.0
2018-01-30 10:44:48.506000,33.2,33.2,33.25,12318767.0
2018-01-30 10:44:51.378000,33.2,33.2,33.25,12318767.0
2018-01-30 10:44:54.131000,33.2,33.2,33.25,12318767.0
2018-01-30 10:44:57.141000,33.2,33.2,33.25,12318767.0
2018-01-30 10:45:00.065000,33.2,33.2,33.25,12318767.0
2018-01-30 10:45:03.177000,33.2,33.2,33.25,12318767.0
2018-01-30 10:45:06.321000,33.2,33.2,33.25,12318767.0
2018-01-30 10:45:09.343000,33.2,33.2,33.25,12318767.0
2018-01-30 10:45:12.399000,33.2,33.2,33.25,12318767.0
2018-01-30 10:45:15.272000,33.2,33.2,33.25,12318767.0
2018-01-30 10:45:18.246000,33.2,33.2,33.25,12318767.0
2018-01-30 10:45:21.098000,33.2,33.2,33.25,12318767.0
2018-01-30 10:45:24.011000,33.2,33.2,33.25,12318767.0
2018-01-30 10:45:27.305000,33.2,33.2,33.25,12318767.0
2018-01-30 10:45:30.256000,33.2,33.2,33.25,12318767.0
2018-01-30 10:45:33.615000,33.2,33.2,33.25,12318767.0
2018-01-30 10:45:36.681000,33.2,33.2,33.25,12318767.0
2018-01-30 10:45:39.730000,33.2,33.2,33.25,12318767.0
2018-01-30 10:45:42.591000,33.2,33.2,33.25,12318767.0
2018-01-30 10:45:45.432000,33.2,33.2,33.25,12318767.0
2018-01-30 10:45:48.369000,33.2,33.2,33.25,12318767.0
2018-01-30 10:45:51.198000,33.2,33.2,33.25,12318767.0
2018-01-30 10:45:54.134000,33.2,33.2,33.25,12318767.0
2018-01-30 10:45:56.862000,33.2,33.2,33.25,12318767.0
2018-01-30 10:45:59.995000,33.2,33.2,33.25,12318767.0
2018-01-30 10:46:03.057000,33.2,33.2,33.25,12318767.0
2018-01-30 10:46:06.077000,33.2,33.2,33.25,12318767.0
2018-01-30 10:46:09.191000,33.2,33.2,33.25,12318767.0
2018-01-30 10:46:12.235000,33.2,33.2,33.25,12318767.0
2018-01-30 10:46:15.273000,33.2,33.2,33.25,12318767.0
2018-01-30 10:46:18.265000,33.2,33.2,33.25,12318767.0
2018-01-30 10:46:21.163000,33.2,33.2,33.25,12318767.0
2018-01-30 10:46:24.143000,33.2,33.2,33.25,12318767.0
2018-01-30 10:46:27.071000,33.2,33.2,33.25,12318767.0
2018-01-30 10:46:30.143000,33.25,33.2,33.25,12320607.0
2018-01-30 10:46:33.048000,33.25,33.2,33.25,12320607.0
2018-01-30 10:46:36.476000,33.25,33.2,33.25,12320607.0
2018-01-30 10:46:39.575000,33.25,33.2,33.25,12320607.0
2018-01-30 10:46:42.777000,33.25,33.2,33.25,12320607.0
2018-01-30 10:46:45.477000,,,,
2018-01-30 10:46:48.341000,33.25,33.2,33.25,12320607.0
2018-01-30 10:46:51.307000,33.25,33.2,33.25,12320607.0
2018-01-30 10:46:54.281000,33.25,33.2,33.25,12320607.0
2018-01-30 10:46:57.369000,33.25,33.2,33.25,12320607.0
2018-01-30 10:47:00.431000,33.25,33.2,33.25,12320607.0
2018-01-30 10:47:03.326000,33.25,33.2,33.25,12320607.0
2018-01-30 10:47:06.398000,33.25,33.2,33.25,12320607.0
2018-01-30 10:47:09.405000,33.25,33.2,33.25,12320607.0
2018-01-30 10:47:12.527000,33.25,33.2,33.25,12320607.0
2018-01-30 10:47:15.587000,33.25,33.2,33.25,12320607.0
2018-01-30 10:47:18.587000,33.25,33.2,33.25,12320607.0
2018-01-30 10:47:21.620000,33.25,33.2,33.25,12320607.0
2018-01-30 10:47:24.586000,33.25,33.2,33.25,12320607.0
2018-01-30 10:47:27.470000,33.25,33.2,33.25,12320607.0
2018-01-30 10:47:30.369000,33.25,33.2,33.25,12320607.0
2018-01-30 10:47:33.380000,33.25,33.2,33.25,12320607.0
2018-01-30 10:47:36.388000,33.25,33.2,33.25,12320607.0
2018-01-30 10:47:39.371000,33.25,33.2,33.25,12320607.0
2018-01-30 10:47:42.616000,33.25,33.2,33.25,12320607.0
2018-01-30 10:47:45.790000,33.25,33.2,33.25,12320607.0
2018-01-30 10:47:48.790000,33.25,33.2,33.25,12320607.0
2018-01-30 10:47:52.324000,33.2,33.2,33.25,12333107.0
2018-01-30 10:47:55.273000,33.2,33.2,33.25,12333107.0
2018-01-30 10:47:58.302000,33.2,33.2,33.25,12333107.0
2018-01-30 10:48:01.303000,33.2,33.2,33.25,12333107.0
2018-01-30 10:48:04.307000,33.2,33.2,33.25,12601107.0
2018-01-30 10:48:07.278000,33.2,33.2,33.25,12601107.0
2018-01-30 10:48:10.232000,33.2,33.2,33.25,12601107.0
2018-01-30 10:48:13.155000,33.2,33.2,33.25,12601107.0
2018-01-30 10:48:16.004000,33.2,33.2,33.25,12601107.0
2018-01-30 10:48:18.760000,33.2,33.15,33.2,13151607.0
2018-01-30 10:48:21.621000,33.2,33.15,33.2,13151607.0
2018-01-30 10:48:24.402000,33.2,33.15,33.2,13151607.0
2018-01-30 10:48:27.040000,33.2,33.15,33.2,13151607.0
2018-01-30 10:48:29.702000,33.2,33.15,33.2,13151607.0
2018-01-30 10:48:32.525000,33.2,33.15,33.2,13151607.0
2018-01-30 10:48:35.278000,33.2,33.15,33.2,13151607.0
2018-01-30 10:48:37.925000,33.2,33.15,33.2,13151607.0
2018-01-30 10:48:40.676000,33.2,33.15,33.2,13151607.0
2018-01-30 10:48:43.391000,33.2,33.15,33.2,13151607.0
2018-01-30 10:48:46.268000,33.2,33.15,33.2,13151607.0
2018-01-30 10:48:48.908000,33.2,33.15,33.2,13151607.0
2018-01-30 10:48:51.651000,33.2,33.15,33.2,13151607.0
2018-01-30 10:48:54.321000,33.2,33.15,33.2,13151607.0
2018-01-30 10:48:56.938000,33.2,33.15,33.2,13151607.0
2018-01-30 10:48:59.756000,33.2,33.15,33.2,13151607.0
2018-01-30 10:49:02.433000,33.2,33.15,33.2,13151607.0
2018-01-30 10:49:05.203000,33.2,33.15,33.2,13151607.0
2018-01-30 10:49:07.939000,33.2,33.15,33.2,13151607.0
2018-01-30 10:49:10.629000,33.2,33.15,33.2,13151607.0
2018-01-30 10:49:13.446000,33.2,33.15,33.2,13151607.0
2018-01-30 10:49:16.207000,33.2,33.15,33.2,13151607.0
2018-01-30 10:49:18.939000,33.2,33.15,33.2,13151607.0
2018-01-30 10:49:21.619000,33.2,33.15,33.2,13151607.0
2018-01-30 10:49:24.364000,33.2,33.15,33.2,13151607.0
2018-01-30 10:49:26.936000,33.2,33.15,33.2,13404607.0
2018-01-30 10:49:29.631000,33.2,33.15,33.2,13404607.0
2018-01-30 10:49:32.234000,33.2,33.15,33.2,13404607.0
2018-01-30 10:49:34.976000,33.2,33.15,33.2,13404607.0
2018-01-30 10:49:37.721000,33.2,33.15,33.2,13404607.0
2018-01-30 10:49:40.509000,33.2,33.15,33.2,13404607.0
2018-01-30 10:49:43.366000,33.2,33.15,33.2,13404607.0
2018-01-30 10:49:46.471000,33.2,33.15,33.2,13404607.0
2018-01-30 10:49:49.359000,33.2,33.15,33.2,13404607.0
2018-01-30 10:49:52.360000,33.2,33.15,33.2,13404607.0
2018-01-30 10:49:55.209000,33.2,33.15,33.2,13404607.0
2018-01-30 10:49:58.295000,33.2,33.15,33.2,13404607.0
2018-01-30 10:50:01.427000,33.2,33.15,33.2,13404607.0
2018-01-30 10:50:04.306000,33.2,33.15,33.2,13404607.0
2018-01-30 10:50:07.454000,33.2,33.15,33.2,13404607.0
2018-01-30 10:50:10.628000,33.2,33.15,33.2,13404607.0
2018-01-30 10:50:13.454000,33.2,33.15,33.2,13404607.0
2018-01-30 10:50:16.402000,33.2,33.15,33.2,13404607.0
2018-01-30 10:50:19.448000,33.2,33.15,33.2,13404607.0
2018-01-30 10:50:22.409000,33.2,33.15,33.2,13404607.0
2018-01-30 10:50:25.148000,33.2,33.15,33.2,13404607.0
2018-01-30 10:50:28.099000,33.2,33.15,33.2,13404607.0
2018-01-30 10:50:31.184000,33.2,33.15,33.2,13404607.0
2018-01-30 10:50:34.310000,33.2,33.15,33.2,13404607.0
2018-01-30 10:50:37.501000,33.2,33.15,33.2,13404607.0
2018-01-30 10:50:40.425000,33.2,33.15,33.2,13404607.0
2018-01-30 10:50:43.310000,33.2,33.15,33.2,13404607.0
2018-01-30 10:50:46.200000,33.2,33.15,33.2,13404607.0
2018-01-30 10:50:48.943000,33.2,33.15,33.2,13404607.0
2018-01-30 10:50:51.865000,33.2,33.15,33.2,13404607.0
2018-01-30 10:50:54.754000,33.2,33.15,33.2,13404607.0
2018-01-30 10:50:57.606000,33.2,33.15,33.2,13404607.0
2018-01-30 10:51:01.924000,33.2,33.15,33.2,13404607.0
2018-01-30 10:51:04.911000,33.2,33.15,33.2,13404607.0
2018-01-30 10:51:07.943000,33.2,33.15,33.2,13404607.0
2018-01-30 10:51:10.747000,33.2,33.15,33.2,13404607.0
2018-01-30 10:51:13.745000,33.2,33.15,33.2,13404607.0
2018-01-30 10:51:16.618000,33.2,33.15,33.2,13404607.0
2018-01-30 10:51:19.620000,33.2,33.15,33.2,13404607.0
2018-01-30 10:51:22.587000,33.2,33.15,33.2,13404607.0
2018-01-30 10:51:25.452000,33.2,33.15,33.2,13404607.0
2018-01-30 10:51:28.392000,33.2,33.15,33.2,13404607.0
2018-01-30 10:51:31.250000,33.2,33.15,33.2,13404607.0
2018-01-30 10:51:34.228000,33.2,33.15,33.2,13404607.0
2018-01-30 10:51:37.143000,33.2,33.15,33.2,13404607.0
2018-01-30 10:51:39.908000,33.2,33.15,33.2,13404607.0
2018-01-30 10:51:42.880000,33.2,33.15,33.2,13404607.0
2018-01-30 10:51:45.780000,33.2,33.15,33.2,13404607.0
2018-01-30 10:51:48.959000,33.2,33.15,33.2,13404607.0
2018-01-30 10:51:51.828000,33.2,33.15,33.2,13404607.0
2018-01-30 10:51:54.629000,33.2,33.15,33.2,13409607.0
2018-01-30 10:51:57.680000,33.2,33.15,33.2,13409607.0
2018-01-30 10:52:00.600000,33.2,33.15,33.2,13409607.0
2018-01-30 10:52:03.372000,33.2,33.15,33.2,13409607.0
2018-01-30 10:52:06.218000,33.2,33.15,33.2,13409607.0
2018-01-30 10:52:08.909000,33.2,33.15,33.2,13409607.0
2018-01-30 10:52:11.719000,33.2,33.15,33.2,13409607.0
2018-01-30 10:52:14.505000,33.2,33.15,33.2,13409607.0
2018-01-30 10:52:17.349000,33.2,33.15,33.2,13409607.0
2018-01-30 10:52:20.206000,33.2,33.15,33.2,13409607.0
2018-01-30 10:52:23.066000,33.2,33.15,33.2,13409607.0
2018-01-30 10:52:25.845000,33.2,33.15,33.2,13409607.0
2018-01-30 10:52:28.660000,33.2,33.15,33.2,13409607.0
2018-01-30 10:52:31.589000,33.2,33.15,33.2,13409607.0
2018-01-30 10:52:34.492000,33.2,33.15,33.2,13409607.0
2018-01-30 10:52:37.462000,33.2,33.15,33.2,13409607.0
2018-01-30 10:52:40.364000,33.2,33.15,33.2,13409607.0
2018-01-30 10:52:44.113000,33.2,33.15,33.2,13409607.0
2018-01-30 10:52:47.599000,33.2,33.15,33.2,13409607.0
2018-01-30 10:52:50.514000,33.2,33.15,33.2,13409607.0
2018-01-30 10:52:53.354000,33.2,33.15,33.2,13409607.0
2018-01-30 10:52:56.222000,33.2,33.15,33.2,13409607.0
2018-01-30 10:52:59.145000,33.2,33.15,33.2,13409607.0
2018-01-30 10:53:02.018000,33.2,33.15,33.2,13409607.0
2018-01-30 10:53:05.021000,33.2,33.15,33.2,13409607.0
2018-01-30 10:53:07.885000,33.2,33.15,33.2,13409607.0
2018-01-30 10:53:10.662000,33.2,33.15,33.2,13409607.0
2018-01-30 10:53:13.829000,33.2,33.15,33.2,13409607.0
2018-01-30 10:53:17.019000,33.2,33.15,33.2,13409607.0
2018-01-30 10:53:19.961000,33.15,33.15,33.2,13419607.0
2018-01-30 10:53:22.833000,33.15,33.15,33.2,13419607.0
2018-01-30 10:53:26.051000,33.15,33.15,33.2,13419607.0
2018-01-30 10:53:28.927000,33.15,33.15,33.2,13419607.0
2018-01-30 10:53:31.710000,33.15,33.15,33.2,13419607.0
2018-01-30 10:53:34.677000,33.15,33.15,33.2,13419607.0
2018-01-30 10:53:37.611000,33.15,33.15,33.2,13419607.0
2018-01-30 10:53:42.025000,33.15,33.15,33.2,13419607.0
2018-01-30 10:53:45.231000,33.15,33.15,33.2,13419607.0
2018-01-30 10:53:47.859000,33.15,33.15,33.2,13419607.0
2018-01-30 10:53:50.462000,33.15,33.15,33.2,13419607.0
2018-01-30 10:53:54.491000,33.15,33.15,33.2,13419607.0
2018-01-30 10:53:57.138000,33.15,33.15,33.2,13419607.0
2018-01-30 10:54:00.083000,33.15,33.15,33.2,13419607.0
2018-01-30 10:54:03.667000,33.15,33.15,33.2,13419607.0
2018-01-30 10:54:06.856000,33.15,33.15,33.2,13419607.0
2018-01-30 10:54:09.578000,33.15,33.15,33.2,13419607.0
2018-01-30 10:54:12.120000,33.15,33.15,33.2,13419607.0
2018-01-30 10:54:14.783000,33.15,33.15,33.2,13419607.0
2018-01-30 10:54:17.384000,33.15,33.15,33.2,13419607.0
2018-01-30 10:54:20.074000,33.15,33.15,33.2,13419607.0
2018-01-30 10:54:22.894000,33.15,33.15,33.2,13419607.0
2018-01-30 10:54:25.464000,33.15,33.15,33.2,13419607.0
2018-01-30 10:54:28.143000,33.15,33.15,33.2,13419607.0
2018-01-30 10:54:30.664000,33.15,33.15,33.2,13419607.0
2018-01-30 10:54:33.316000,33.15,33.15,33.2,13419607.0
2018-01-30 10:54:36.716000,33.15,33.15,33.2,13419607.0
2018-01-30 10:54:39.283000,33.15,33.15,33.2,13419607.0
2018-01-30 10:54:41.933000,33.15,33.15,33.2,13419607.0
2018-01-30 10:54:44.618000,33.15,33.15,33.2,13419607.0
2018-01-30 10:54:47.200000,33.15,33.15,33.2,13419607.0
2018-01-30 10:54:49.929000,33.15,33.15,33.2,13419607.0
2018-01-30 10:54:52.871000,33.15,33.15,33.2,13419607.0
2018-01-30 10:54:55.615000,33.15,33.15,33.2,13419607.0
2018-01-30 10:54:58.274000,33.15,33.15,33.2,13419607.0
2018-01-30 10:55:00.857000,33.15,33.15,33.2,13419607.0
2018-01-30 10:55:03.618000,33.15,33.15,33.2,13419607.0
2018-01-30 10:55:06.158000,33.15,33.15,33.2,13419607.0
2018-01-30 10:55:09.108000,33.15,33.15,33.2,13419607.0
2018-01-30 10:55:11.761000,33.15,33.15,33.2,13419607.0
2018-01-30 10:55:14.387000,33.15,33.15,33.2,13419607.0
2018-01-30 10:55:16.972000,33.15,33.15,33.2,13419607.0
2018-01-30 10:55:19.854000,33.15,33.15,33.2,13419607.0
2018-01-30 10:55:22.626000,33.15,33.15,33.2,13419607.0
2018-01-30 10:55:25.532000,33.15,33.15,33.2,13419607.0
2018-01-30 10:55:28.152000,33.15,33.15,33.2,13419607.0
2018-01-30 10:55:30.911000,33.15,33.15,33.2,13419607.0
2018-01-30 10:55:33.757000,33.15,33.15,33.2,13419607.0
2018-01-30 10:55:36.912000,33.15,33.15,33.2,13419607.0
2018-01-30 10:55:39.806000,33.15,33.15,33.2,13419607.0
2018-01-30 10:55:42.828000,33.15,33.15,33.2,13419607.0
2018-01-30 10:55:45.655000,33.15,33.15,33.2,13419607.0
2018-01-30 10:55:48.637000,33.15,33.15,33.2,13419607.0
2018-01-30 10:55:51.491000,33.15,33.15,33.2,13419607.0
2018-01-30 10:55:54.338000,33.15,33.15,33.2,13419607.0
2018-01-30 10:55:57.466000,33.15,33.15,33.2,13419607.0
2018-01-30 10:56:00.376000,33.15,33.15,33.2,13419607.0
2018-01-30 10:56:03.284000,33.15,33.15,33.2,13419607.0
2018-01-30 10:56:06.210000,33.15,33.15,33.2,13419607.0
2018-01-30 10:56:09.226000,33.15,33.15,33.2,13426107.0
2018-01-30 10:56:12.161000,33.15,33.15,33.2,13426107.0
2018-01-30 10:56:15.195000,33.15,33.15,33.2,13426107.0
2018-01-30 10:56:18.224000,33.15,33.15,33.2,13426107.0
2018-01-30 10:56:21.397000,33.15,33.15,33.2,13426107.0
2018-01-30 10:56:24.340000,33.15,33.15,33.2,13426107.0
2018-01-30 10:56:27.216000,33.15,33.15,33.2,13426107.0
2018-01-30 10:56:30.246000,33.15,33.15,33.2,13426107.0
2018-01-30 10:56:33.177000,33.15,33.15,33.2,13426107.0
2018-01-30 10:56:36.100000,33.15,33.15,33.2,13426107.0
2018-01-30 10:56:39.186000,33.15,33.15,33.2,13426107.0
2018-01-30 10:56:42.108000,33.15,33.15,33.2,13706607.0
2018-01-30 10:56:44.980000,33.15,33.15,33.2,13706607.0
2018-01-30 10:56:48.177000,33.15,33.15,33.2,13706607.0
2018-01-30 10:56:51.055000,33.15,33.15,33.2,13706607.0
2018-01-30 10:56:54.004000,33.15,33.15,33.2,13706607.0
2018-01-30 10:56:56.908000,33.15,33.15,33.2,13706607.0
2018-01-30 10:56:59.934000,33.15,33.15,33.2,13706607.0
2018-01-30 10:57:02.872000,33.15,33.15,33.2,13706607.0
2018-01-30 10:57:05.903000,33.15,33.15,33.2,13706607.0
2018-01-30 10:57:09.688000,33.15,33.15,33.2,13706607.0
2018-01-30 10:57:12.586000,33.15,33.15,33.2,13706607.0
2018-01-30 10:57:15.379000,33.15,33.15,33.2,14244107.0
2018-01-30 10:57:18.656000,33.15,33.15,33.2,14244107.0
2018-01-30 10:57:21.369000,33.15,33.15,33.2,14244107.0
2018-01-30 10:57:24.256000,33.15,33.15,33.2,14244107.0
2018-01-30 10:57:27.198000,33.15,33.15,33.2,14244107.0
2018-01-30 10:57:30.049000,33.15,33.15,33.2,14244107.0
2018-01-30 10:57:32.895000,33.15,33.15,33.2,14244107.0
2018-01-30 10:57:35.758000,33.15,33.15,33.2,14244107.0
2018-01-30 10:57:39.532000,33.15,33.15,33.2,14244107.0
2018-01-30 10:57:42.917000,33.15,33.15,33.2,14244107.0
2018-01-30 10:57:46.180000,33.15,33.15,33.2,14244107.0
2018-01-30 10:57:49.084000,33.15,33.1,33.2,14653107.0
2018-01-30 10:57:52.226000,33.15,33.1,33.2,14653107.0
2018-01-30 10:57:55.206000,33.15,33.1,33.2,14653107.0
2018-01-30 10:57:58.434000,33.15,33.1,33.2,14653107.0
2018-01-30 10:58:01.368000,33.15,33.1,33.2,14653107.0
2018-01-30 10:58:04.411000,33.15,33.1,33.2,14653107.0
2018-01-30 10:58:07.305000,33.15,33.1,33.2,14653107.0
2018-01-30 10:58:10.291000,33.15,33.1,33.15,15759607.0
2018-01-30 10:58:13.284000,33.15,33.1,33.15,15759607.0
2018-01-30 10:58:16.508000,33.15,33.1,33.15,15759607.0
2018-01-30 10:58:19.491000,33.15,33.1,33.15,15759607.0
2018-01-30 10:58:22.435000,33.15,33.1,33.15,15759607.0
2018-01-30 10:58:25.711000,33.15,33.1,33.15,15759607.0
2018-01-30 10:58:28.708000,33.15,33.1,33.15,15759607.0
2018-01-30 10:58:31.848000,33.15,33.1,33.15,15759607.0
2018-01-30 10:58:35.194000,33.15,33.1,33.15,15759607.0
2018-01-30 10:58:38.335000,33.15,33.1,33.15,15759607.0
2018-01-30 10:58:41.431000,33.15,33.1,33.15,15759607.0
2018-01-30 10:58:44.353000,33.15,33.1,33.15,15759607.0
2018-01-30 10:58:47.268000,33.15,33.1,33.15,15759607.0
2018-01-30 10:58:50.376000,33.15,33.1,33.2,15759607.0
2018-01-30 10:58:53.735000,33.15,33.1,33.2,15759607.0
2018-01-30 10:58:56.719000,33.15,33.1,33.2,15759607.0
2018-01-30 10:59:00.721000,33.15,33.1,33.2,15759607.0
2018-01-30 10:59:03.879000,33.15,33.1,33.2,15759607.0
2018-01-30 10:59:06.995000,33.15,33.1,33.2,15759607.0
2018-01-30 10:59:10.202000,33.15,33.1,33.2,15759607.0
2018-01-30 10:59:13.653000,33.15,33.1,33.2,15759607.0
2018-01-30 10:59:16.810000,33.15,33.1,33.2,15759607.0
2018-01-30 10:59:19.787000,33.15,33.1,33.2,15759607.0
2018-01-30 10:59:22.606000,33.15,33.1,33.2,15759607.0
2018-01-30 10:59:25.281000,33.15,33.1,33.2,15759607.0
2018-01-30 10:59:27.934000,33.15,33.1,33.2,15759607.0
2018-01-30 10:59:30.692000,33.15,33.1,33.2,15759607.0
2018-01-30 10:59:33.249000,33.15,33.1,33.2,15759607.0
2018-01-30 10:59:35.914000,33.15,33.1,33.2,15759607.0
2018-01-30 10:59:38.688000,33.15,33.1,33.2,15759607.0
2018-01-30 10:59:41.495000,33.15,33.1,33.2,15759607.0
2018-01-30 10:59:44.106000,33.15,33.1,33.2,15759607.0
2018-01-30 10:59:46.721000,33.15,33.1,33.2,15759607.0
2018-01-30 10:59:49.470000,33.15,33.1,33.2,15759607.0
2018-01-30 10:59:52.063000,33.15,33.1,33.2,15759607.0
2018-01-30 10:59:54.623000,33.15,33.1,33.2,15759607.0
2018-01-30 10:59:57.191000,33.15,33.1,33.2,15759607.0
2018-01-30 10:59:59.995000,33.15,33.1,33.2,15759607.0
2018-01-30 11:00:02.694000,33.15,33.1,33.2,15759607.0
2018-01-30 11:00:05.568000,33.15,33.1,33.2,15759607.0
2018-01-30 11:00:08.174000,33.15,33.1,33.2,15759607.0
2018-01-30 11:00:10.836000,33.15,33.1,33.2,15759607.0
2018-01-30 11:00:13.384000,33.15,33.1,33.2,15759607.0
2018-01-30 11:00:16.277000,33.15,33.1,33.2,15759607.0
2018-01-30 11:00:18.973000,33.1,33.1,33.15,15769607.0
2018-01-30 11:00:21.513000,33.1,33.1,33.15,15769607.0
2018-01-30 11:00:24.317000,33.1,33.1,33.15,15769607.0
2018-01-30 11:00:26.880000,33.1,33.1,33.15,15769607.0
2018-01-30 11:00:29.793000,33.1,33.1,33.15,15769607.0
2018-01-30 11:00:33.558000,33.1,33.1,33.15,15769607.0
2018-01-30 11:00:37.963000,33.1,33.1,33.15,15769607.0
2018-01-30 11:00:40.663000,33.1,33.1,33.15,15769607.0
2018-01-30 11:00:43.503000,33.1,33.1,33.15,15769607.0
2018-01-30 11:00:46.177000,33.1,33.1,33.15,15769607.0
2018-01-30 11:00:49.785000,33.1,33.1,33.15,15769607.0
2018-01-30 11:00:53.761000,33.1,33.1,33.15,15769607.0
2018-01-30 11:00:56.295000,33.1,33.1,33.15,15769607.0
2018-01-30 11:00:58.745000,33.1,33.1,33.15,15769607.0
2018-01-30 11:01:01.512000,33.1,33.1,33.15,15769607.0
2018-01-30 11:01:04.731000,33.1,33.1,33.15,15769607.0
2018-01-30 11:01:07.534000,33.1,33.1,33.15,15769607.0
2018-01-30 11:01:10.196000,33.1,33.1,33.15,15769607.0
2018-01-30 11:01:12.808000,33.1,33.1,33.15,15769607.0
2018-01-30 11:01:15.526000,33.1,33.1,33.15,15769607.0
2018-01-30 11:01:18.159000,33.1,33.1,33.15,15769607.0
2018-01-30 11:01:20.640000,33.1,33.1,33.15,15769607.0
2018-01-30 11:01:23.344000,33.1,33.1,33.15,15769607.0
2018-01-30 11:01:26.048000,33.15,33.1,33.15,15772107.0
2018-01-30 11:01:28.676000,33.15,33.1,33.15,15772107.0
2018-01-30 11:01:31.260000,33.15,33.1,33.15,15772107.0
2018-01-30 11:01:34.254000,33.15,33.1,33.15,15772107.0
2018-01-30 11:01:36.911000,33.15,33.1,33.15,15772107.0
2018-01-30 11:01:39.427000,33.15,33.1,33.15,15772107.0
2018-01-30 11:01:42.041000,33.15,33.1,33.15,15772107.0
2018-01-30 11:01:44.845000,33.15,33.1,33.15,15772107.0
2018-01-30 11:01:47.411000,33.15,33.1,33.15,15772107.0
2018-01-30 11:01:50.211000,33.15,33.1,33.15,15772107.0
2018-01-30 11:01:53.080000,33.15,33.1,33.15,15772107.0
2018-01-30 11:01:55.971000,33.15,33.1,33.15,15772107.0
2018-01-30 11:01:59.040000,33.15,33.1,33.15,15772107.0
2018-01-30 11:02:01.980000,33.15,33.1,33.15,15772107.0
2018-01-30 11:02:04.829000,33.15,33.1,33.15,15772107.0
2018-01-30 11:02:07.564000,33.15,33.1,33.15,15772107.0
2018-01-30 11:02:10.513000,33.15,33.1,33.15,15772107.0
2018-01-30 11:02:13.461000,33.15,33.1,33.15,15772107.0
2018-01-30 11:02:16.428000,33.15,33.1,33.15,15772107.0
2018-01-30 11:02:19.340000,33.15,33.1,33.15,15772107.0
2018-01-30 11:02:22.561000,33.15,33.15,33.2,15786607.0
2018-01-30 11:02:25.512000,33.15,33.15,33.2,15786607.0
2018-01-30 11:02:28.741000,33.15,33.15,33.2,15786607.0
2018-01-30 11:02:31.565000,33.15,33.15,33.2,15786607.0
2018-01-30 11:02:34.386000,33.15,33.15,33.2,15786607.0
2018-01-30 11:02:37.249000,33.15,33.15,33.2,15786607.0
2018-01-30 11:02:40.078000,33.15,33.15,33.2,15786607.0
2018-01-30 11:02:43.248000,33.15,33.15,33.2,15786607.0
2018-01-30 11:02:46.313000,33.15,33.15,33.2,15786607.0
2018-01-30 11:02:49.317000,33.15,33.15,33.2,15786607.0
2018-01-30 11:02:52.287000,33.15,33.15,33.2,15786607.0
2018-01-30 11:02:55.131000,33.15,33.15,33.2,15786607.0
2018-01-30 11:02:58.314000,33.15,33.15,33.2,15786607.0
2018-01-30 11:03:01.117000,33.15,33.15,33.2,15786607.0
2018-01-30 11:03:04.043000,33.15,33.15,33.2,15786607.0
2018-01-30 11:03:07.005000,33.15,33.15,33.2,15786607.0
2018-01-30 11:03:13.215000,33.15,33.15,33.2,15786607.0
2018-01-30 11:03:16.501000,33.15,33.15,33.2,15786607.0
2018-01-30 11:03:19.979000,33.15,33.15,33.2,15801607.0
2018-01-30 11:03:23.122000,33.15,33.15,33.2,15801607.0
2018-01-30 11:03:26.162000,33.15,33.15,33.2,15801607.0
2018-01-30 11:03:29.202000,33.15,33.15,33.2,15801607.0
2018-01-30 11:03:32.380000,33.15,33.15,33.2,15801607.0
2018-01-30 11:03:35.441000,33.15,33.15,33.2,15801607.0
2018-01-30 11:03:38.747000,33.15,33.15,33.2,15801607.0
2018-01-30 11:03:41.804000,33.15,33.15,33.2,15801607.0
2018-01-30 11:03:44.819000,33.15,33.15,33.2,15801607.0
2018-01-30 11:03:47.800000,33.15,33.15,33.2,15801607.0
2018-01-30 11:03:50.932000,33.15,33.15,33.2,15801607.0
2018-01-30 11:03:53.801000,33.15,33.15,33.2,15801607.0
2018-01-30 11:03:57.126000,33.15,33.15,33.2,15801607.0
2018-01-30 11:04:00.163000,33.15,33.15,33.2,15801607.0
2018-01-30 11:04:03.722000,33.15,33.15,33.2,15801607.0
2018-01-30 11:04:06.953000,33.15,33.15,33.2,15801607.0
2018-01-30 11:04:10.123000,33.15,33.15,33.2,15801607.0
2018-01-30 11:04:13.191000,33.15,33.15,33.2,15801607.0
2018-01-30 11:04:16.316000,33.15,33.15,33.2,15801607.0
2018-01-30 11:04:19.536000,33.15,33.15,33.2,15801607.0
2018-01-30 11:04:22.749000,33.15,33.15,33.2,15801607.0
2018-01-30 11:04:25.871000,33.15,33.15,33.2,15801607.0
2018-01-30 11:04:28.814000,33.15,33.15,33.2,15801607.0
2018-01-30 11:04:32.049000,33.15,33.15,33.2,15801607.0
2018-01-30 11:04:35.115000,33.15,33.15,33.2,15801607.0
2018-01-30 11:04:38.207000,33.15,33.15,33.2,15801607.0
2018-01-30 11:04:41.357000,33.15,33.15,33.2,15801607.0
2018-01-30 11:04:44.318000,33.15,33.15,33.2,15801607.0
2018-01-30 11:04:47.518000,33.15,33.15,33.2,15801607.0
2018-01-30 11:04:50.681000,33.15,33.15,33.2,15801607.0
2018-01-30 11:04:53.955000,33.15,33.15,33.2,15801607.0
2018-01-30 11:04:57.034000,33.15,33.15,33.2,15801607.0
2018-01-30 11:05:00.199000,33.15,33.15,33.2,15801607.0
2018-01-30 11:05:03.161000,33.15,33.15,33.2,15801607.0
2018-01-30 11:05:06.251000,33.15,33.15,33.2,15801607.0
2018-01-30 11:05:09.222000,33.15,33.15,33.2,15801607.0
2018-01-30 11:05:12.268000,33.15,33.15,33.2,15801607.0
2018-01-30 11:05:15.327000,33.15,33.15,33.2,15801607.0
2018-01-30 11:05:18.741000,33.15,33.15,33.2,15801607.0
2018-01-30 11:05:22.021000,33.15,33.15,33.2,15801607.0
2018-01-30 11:05:25.234000,33.15,33.15,33.2,15801607.0
2018-01-30 11:05:28.331000,33.15,33.15,33.2,15801607.0
2018-01-30 11:05:31.536000,33.15,33.15,33.2,15801607.0
2018-01-30 11:05:34.891000,33.15,33.1,33.15,15802607.0
2018-01-30 11:05:38.192000,33.15,33.1,33.15,15802607.0
2018-01-30 11:05:41.831000,33.15,33.1,33.15,15802607.0
2018-01-30 11:05:44.834000,33.15,33.1,33.15,15802607.0
2018-01-30 11:05:49.450000,33.15,33.1,33.15,15802607.0
2018-01-30 11:05:52.684000,33.15,33.1,33.15,15802607.0
2018-01-30 11:05:55.775000,33.15,33.1,33.15,15802607.0
2018-01-30 11:05:59.156000,33.15,33.1,33.15,15802607.0
2018-01-30 11:06:02.225000,33.15,33.1,33.15,15802607.0
2018-01-30 11:06:05.215000,33.15,33.1,33.15,15802607.0
2018-01-30 11:06:08.555000,33.15,33.1,33.15,15802607.0
2018-01-30 11:06:11.615000,33.15,33.1,33.15,15802607.0
2018-01-30 11:06:14.727000,33.15,33.1,33.15,15802607.0
2018-01-30 11:06:17.895000,33.15,33.1,33.15,15802607.0
2018-01-30 11:06:21.029000,33.15,33.1,33.15,15802607.0
2018-01-30 11:06:24.211000,33.15,33.1,33.15,15802607.0
2018-01-30 11:06:27.339000,33.15,33.1,33.15,15802607.0
2018-01-30 11:06:30.446000,33.15,33.1,33.15,15802607.0
2018-01-30 11:06:33.665000,33.15,33.1,33.15,15802607.0
2018-01-30 11:06:36.685000,33.15,33.1,33.15,15802607.0
2018-01-30 11:06:39.930000,33.15,33.1,33.15,15802607.0
2018-01-30 11:06:42.931000,33.15,33.1,33.15,15802607.0
2018-01-30 11:06:46.087000,33.15,33.1,33.15,15802607.0
2018-01-30 11:06:49.356000,33.15,33.1,33.15,15802607.0
2018-01-30 11:06:52.607000,33.15,33.1,33.15,15802607.0
2018-01-30 11:06:55.618000,33.15,33.1,33.15,15802607.0
2018-01-30 11:06:58.815000,33.15,33.1,33.15,15802607.0
2018-01-30 11:07:01.912000,33.15,33.1,33.15,15802607.0
2018-01-30 11:07:04.987000,33.15,33.1,33.15,15802607.0
2018-01-30 11:07:08.156000,33.15,33.1,33.15,15803607.0
2018-01-30 11:07:11.154000,33.15,33.1,33.15,15803607.0
2018-01-30 11:07:14.376000,33.15,33.1,33.15,15803607.0
2018-01-30 11:07:17.635000,33.15,33.1,33.15,15803607.0
2018-01-30 11:07:20.755000,33.15,33.1,33.15,15803607.0
2018-01-30 11:07:23.866000,33.15,33.1,33.15,15803607.0
2018-01-30 11:07:27.023000,33.15,33.1,33.15,15803607.0
2018-01-30 11:07:30.250000,33.15,33.1,33.15,15803607.0
2018-01-30 11:07:33.338000,33.15,33.1,33.15,15803607.0
2018-01-30 11:07:36.494000,33.15,33.1,33.15,15803607.0
2018-01-30 11:07:39.650000,33.15,33.1,33.15,15803607.0
2018-01-30 11:07:42.460000,33.15,33.1,33.15,15803607.0
2018-01-30 11:07:45.250000,33.15,33.1,33.15,15803607.0
2018-01-30 11:07:48.316000,33.15,33.1,33.15,15803607.0
2018-01-30 11:07:51.115000,33.15,33.1,33.15,15803607.0
2018-01-30 11:07:53.793000,33.15,33.1,33.15,15803607.0
2018-01-30 11:07:56.406000,33.15,33.1,33.15,15803607.0
2018-01-30 11:07:59.075000,33.15,33.1,33.15,15803607.0
2018-01-30 11:08:01.698000,33.15,33.1,33.15,15803607.0
2018-01-30 11:08:04.608000,33.15,33.1,33.15,15803607.0
2018-01-30 11:08:07.165000,33.15,33.1,33.15,15803607.0
2018-01-30 11:08:09.822000,33.15,33.1,33.15,15803607.0
2018-01-30 11:08:12.508000,33.15,33.1,33.15,15803607.0
2018-01-30 11:08:15.311000,33.15,33.1,33.15,15803607.0
2018-01-30 11:08:18.546000,33.1,33.1,33.15,15811607.0
2018-01-30 11:08:20.649000,33.1,33.1,33.15,15811607.0
2018-01-30 11:08:22.671000,33.1,33.1,33.15,15811607.0
2018-01-30 11:08:25.005000,33.1,33.1,33.15,15811607.0
2018-01-30 11:08:27.056000,33.1,33.1,33.15,15811607.0
2018-01-30 11:08:29.320000,33.1,33.1,33.15,15811607.0
2018-01-30 11:08:35.982000,33.1,33.1,33.15,15811607.0
2018-01-30 11:08:45.983000,33.1,33.1,33.15,15811607.0
2018-01-30 11:08:55.966000,33.1,33.1,33.15,15811607.0
2018-01-30 11:09:06.344000,33.1,33.1,33.15,15811607.0
2018-01-30 11:09:13.884000,33.1,33.1,33.15,15811607.0
2018-01-30 11:09:24.356000,33.1,33.1,33.15,15811607.0
2018-01-30 11:09:34.987000,33.1,33.1,33.15,15811607.0
2018-01-30 11:09:45.955000,33.1,33.1,33.15,15811607.0
2018-01-30 11:09:57.823000,33.1,33.1,33.15,15811607.0
2018-01-30 11:10:18.725000,33.1,33.1,33.15,15811607.0
2018-01-30 11:10:42.638000,33.1,33.1,33.15,15811607.0
2018-01-30 11:10:59.776000,33.1,33.1,33.15,15811607.0
2018-01-30 11:11:09.094000,33.1,33.1,33.15,15831107.0
2018-01-30 11:11:13.249000,33.1,33.1,33.15,15831107.0
2018-01-30 11:11:16.693000,33.1,33.1,33.15,15831107.0
2018-01-30 11:11:19.810000,33.1,33.1,33.15,15831107.0
2018-01-30 11:11:23.681000,33.1,33.1,33.15,15831107.0
2018-01-30 11:11:27.560000,33.1,33.1,33.15,15831107.0
2018-01-30 11:11:30.269000,33.1,33.1,33.15,15831107.0
2018-01-30 11:11:33.226000,33.1,33.1,33.15,15831107.0
2018-01-30 11:11:36.400000,33.1,33.1,33.15,15831107.0
2018-01-30 11:11:40.671000,33.1,33.1,33.15,15831107.0
2018-01-30 11:11:43.359000,33.1,33.1,33.15,15831107.0
2018-01-30 11:11:45.944000,33.1,33.1,33.15,15831107.0
2018-01-30 11:11:50.985000,33.1,33.1,33.15,15831107.0
2018-01-30 11:11:53.856000,33.1,33.1,33.15,15831107.0
2018-01-30 11:12:00.846000,33.1,33.1,33.15,15831107.0
2018-01-30 11:12:04.536000,33.1,33.1,33.15,15831107.0
2018-01-30 11:12:15.224000,33.1,33.1,33.15,15831107.0
2018-01-30 11:12:32.281000,33.1,33.1,33.15,15831107.0
2018-01-30 11:12:40.934000,33.1,33.1,33.15,15831107.0
2018-01-30 11:12:51.296000,33.1,33.1,33.15,15831107.0
2018-01-30 11:13:03.016000,33.1,33.1,33.15,15831107.0
2018-01-30 11:13:18.768000,33.1,33.1,33.15,15832607.0
2018-01-30 11:13:23.303000,33.1,33.1,33.15,15832607.0
2018-01-30 11:13:26.361000,33.1,33.1,33.15,15832607.0
2018-01-30 11:13:29.436000,33.1,33.1,33.15,15832607.0
2018-01-30 11:13:32.422000,33.1,33.1,33.15,15832607.0
2018-01-30 11:13:35.279000,33.1,33.1,33.15,15832607.0
2018-01-30 11:13:39.166000,33.1,33.1,33.15,15832607.0
2018-01-30 11:13:42.925000,33.1,33.1,33.15,15832607.0
2018-01-30 11:13:45.758000,33.1,33.1,33.15,15832607.0
2018-01-30 11:13:50.520000,33.1,33.1,33.15,15832607.0
2018-01-30 11:13:56.657000,33.1,33.1,33.15,15832607.0
2018-01-30 11:14:02.046000,33.1,33.1,33.15,15832607.0
2018-01-30 11:14:05.182000,33.1,33.1,33.15,15832607.0
2018-01-30 11:14:08.591000,33.1,33.1,33.15,15832607.0
2018-01-30 11:14:11.756000,33.1,33.1,33.15,15832607.0
2018-01-30 11:14:14.973000,33.1,33.1,33.15,15832607.0
2018-01-30 11:14:18.066000,33.1,33.1,33.15,15832607.0
2018-01-30 11:14:21.422000,33.1,33.1,33.15,15832607.0
2018-01-30 11:14:25.860000,33.1,33.1,33.15,15832607.0
2018-01-30 11:14:29.880000,33.1,33.1,33.15,15832607.0
2018-01-30 11:14:45.092000,33.1,33.1,33.15,15834607.0
2018-01-30 11:14:54.657000,33.1,33.1,33.15,15834607.0
2018-01-30 11:15:00.953000,33.1,33.05,33.1,16131607.0
2018-01-30 11:15:57.088000,33.1,33.05,33.1,17018607.0
2018-01-30 11:16:26.040000,33.1,33.05,33.1,17018607.0
2018-01-30 11:16:31.519000,33.1,33.05,33.1,17018607.0
2018-01-30 11:16:33.896000,33.1,33.05,33.1,17018607.0
2018-01-30 11:16:36.429000,33.1,33.05,33.1,17018607.0
2018-01-30 11:16:39.099000,33.1,33.05,33.1,17018607.0
2018-01-30 11:16:41.474000,33.1,33.05,33.15,17134107.0
2018-01-30 11:16:43.760000,33.1,33.05,33.15,17134107.0
2018-01-30 11:16:46.042000,33.1,33.05,33.15,17134107.0
2018-01-30 11:16:48.583000,33.1,33.05,33.15,17134107.0
2018-01-30 11:16:50.808000,33.1,33.05,33.15,17134107.0
2018-01-30 11:16:54.036000,33.1,33.05,33.15,17134107.0
2018-01-30 11:16:56.848000,33.1,33.05,33.15,17134107.0
2018-01-30 11:16:59.520000,33.1,33.05,33.15,17134107.0
2018-01-30 11:17:02.061000,33.1,33.05,33.15,17134107.0
2018-01-30 11:17:04.763000,33.1,33.05,33.15,17134107.0
2018-01-30 11:17:07.553000,33.1,33.05,33.15,17134107.0
2018-01-30 11:17:10.153000,33.1,33.05,33.15,17134107.0
2018-01-30 11:17:12.865000,33.1,33.05,33.15,17134107.0
2018-01-30 11:17:15.700000,33.1,33.05,33.15,17134107.0
2018-01-30 11:17:18.570000,33.1,33.05,33.15,17134107.0
2018-01-30 11:17:21.421000,33.1,33.05,33.15,17134107.0
2018-01-30 11:17:24.452000,33.1,33.05,33.15,17134107.0
2018-01-30 11:17:27.593000,33.1,33.05,33.15,17134107.0
2018-01-30 11:17:30.670000,33.1,33.05,33.15,17134107.0
2018-01-30 11:17:33.366000,33.1,33.05,33.15,17134107.0
2018-01-30 11:17:36.012000,33.1,33.05,33.15,17134107.0
2018-01-30 11:17:38.876000,33.1,33.05,33.15,17134107.0
2018-01-30 11:17:41.597000,33.1,33.05,33.15,17134107.0
2018-01-30 11:17:44.391000,33.1,33.05,33.15,17134107.0
2018-01-30 11:17:46.966000,33.1,33.05,33.15,17134107.0
2018-01-30 11:17:49.694000,33.1,33.05,33.15,17134107.0
2018-01-30 11:17:52.430000,33.1,33.05,33.15,17134107.0
2018-01-30 11:17:55.055000,33.1,33.05,33.15,17134107.0
2018-01-30 11:17:57.787000,33.1,33.05,33.15,17134107.0
2018-01-30 11:18:00.458000,33.1,33.05,33.1,18048107.0
2018-01-30 11:18:03.116000,33.1,33.05,33.1,18048107.0
2018-01-30 11:18:06.045000,33.1,33.05,33.1,18048107.0
2018-01-30 11:18:08.655000,33.1,33.05,33.1,18048107.0
2018-01-30 11:18:11.294000,33.1,33.05,33.1,18048107.0
2018-01-30 11:18:13.954000,33.1,33.05,33.1,18048107.0
2018-01-30 11:18:16.344000,33.1,33.05,33.1,18048107.0
2018-01-30 11:18:19.062000,33.1,33.05,33.1,18048107.0
2018-01-30 11:18:21.808000,33.1,33.05,33.1,18048107.0
2018-01-30 11:18:24.646000,33.1,33.05,33.1,18048107.0
2018-01-30 11:18:27.172000,33.1,33.05,33.1,18048107.0
2018-01-30 11:18:29.740000,33.1,33.05,33.1,18048107.0
2018-01-30 11:18:32.303000,33.1,33.05,33.1,18048107.0
2018-01-30 11:18:34.928000,33.1,33.05,33.1,18048107.0
2018-01-30 11:18:37.531000,33.1,33.05,33.1,18048107.0
2018-01-30 11:18:40.257000,33.1,33.05,33.1,18048107.0
2018-01-30 11:18:42.964000,33.1,33.05,33.1,18048107.0
2018-01-30 11:18:45.451000,33.1,33.05,33.1,18048107.0
2018-01-30 11:18:48.133000,33.1,33.05,33.1,18048107.0
2018-01-30 11:18:50.798000,33.1,33.05,33.1,18048107.0
2018-01-30 11:18:53.354000,33.1,33.05,33.1,18048107.0
2018-01-30 11:18:56.047000,33.1,33.05,33.1,18048107.0
2018-01-30 11:18:58.770000,33.1,33.05,33.1,18048107.0
2018-01-30 11:19:01.459000,33.1,33.05,33.1,18048107.0
2018-01-30 11:19:03.970000,33.1,33.05,33.1,18048107.0
2018-01-30 11:19:06.609000,33.1,33.05,33.1,18048107.0
2018-01-30 11:19:09.609000,33.1,33.05,33.1,18048107.0
2018-01-30 11:19:12.194000,33.1,33.05,33.1,18048107.0
2018-01-30 11:19:14.837000,33.1,33.05,33.1,18048107.0
2018-01-30 11:19:17.461000,33.1,33.05,33.1,18048107.0
2018-01-30 11:19:19.975000,33.05,33.05,33.1,18050951.0
2018-01-30 11:19:22.643000,33.05,33.05,33.1,18050951.0
2018-01-30 11:19:25.631000,33.05,33.05,33.1,18050951.0
2018-01-30 11:19:28.541000,33.05,33.05,33.1,18050951.0
2018-01-30 11:19:31.305000,33.05,33.05,33.1,18050951.0
2018-01-30 11:19:33.875000,33.05,33.05,33.1,18050951.0
2018-01-30 11:19:36.517000,33.05,33.05,33.1,18050951.0
2018-01-30 11:19:39.224000,33.05,33.05,33.1,18050951.0
2018-01-30 11:19:41.797000,33.05,33.05,33.1,18050951.0
2018-01-30 11:19:44.851000,33.05,33.05,33.1,18050951.0
2018-01-30 11:19:47.475000,33.05,33.05,33.1,18050951.0
2018-01-30 11:19:50.025000,33.05,33.05,33.1,18050951.0
2018-01-30 11:19:52.676000,33.05,33.05,33.1,18050951.0
2018-01-30 11:19:55.465000,33.05,33.05,33.1,18050951.0
2018-01-30 11:20:00.109000,33.05,33.05,33.1,18050951.0
2018-01-30 11:20:02.833000,33.05,33.05,33.1,18050951.0
2018-01-30 11:20:05.682000,33.05,33.05,33.1,18050951.0
2018-01-30 11:20:08.479000,33.05,33.05,33.1,18050951.0
2018-01-30 11:20:11.159000,33.05,33.05,33.1,18050951.0
2018-01-30 11:20:13.773000,33.05,33.05,33.1,18050951.0
2018-01-30 11:20:16.613000,33.05,33.05,33.1,18050951.0
2018-01-30 11:20:19.656000,33.05,33.05,33.1,18050951.0
2018-01-30 11:20:22.169000,33.05,33.05,33.1,18050951.0
2018-01-30 11:20:24.880000,33.05,33.05,33.1,18050951.0
2018-01-30 11:20:27.310000,33.05,33.05,33.1,18050951.0
2018-01-30 11:20:30.126000,33.05,33.05,33.1,18050951.0
2018-01-30 11:20:32.834000,33.05,33.05,33.1,18050951.0
2018-01-30 11:20:35.352000,33.05,33.05,33.1,18050951.0
2018-01-30 11:20:38.121000,33.05,33.05,33.1,18050951.0
2018-01-30 11:20:40.494000,33.05,33.05,33.1,18050951.0
2018-01-30 11:20:43.526000,33.05,33.05,33.1,18050951.0
2018-01-30 11:20:46.392000,33.05,33.05,33.1,18050951.0
2018-01-30 11:20:49.096000,33.05,33.05,33.1,18050951.0
2018-01-30 11:20:51.743000,33.05,33.05,33.1,18050951.0
2018-01-30 11:20:54.505000,33.05,33.05,33.1,18050951.0
2018-01-30 11:20:57.325000,33.05,33.05,33.1,18050951.0
2018-01-30 11:21:00.662000,33.05,33.05,33.1,18050951.0
2018-01-30 11:21:03.246000,33.05,33.05,33.1,18050951.0
2018-01-30 11:21:05.936000,33.05,33.05,33.1,18050951.0
2018-01-30 11:21:08.621000,33.05,33.05,33.1,18050951.0
2018-01-30 11:21:11.134000,33.05,33.05,33.1,18050951.0
2018-01-30 11:21:13.641000,33.05,33.05,33.1,18050951.0
2018-01-30 11:21:16.360000,33.05,33.05,33.1,18053489.0
2018-01-30 11:21:18.864000,33.05,33.05,33.1,18053489.0
2018-01-30 11:21:21.504000,33.05,33.05,33.1,18053489.0
2018-01-30 11:21:24.193000,33.05,33.05,33.1,18053489.0
2018-01-30 11:21:26.902000,33.05,33.05,33.1,18053489.0
2018-01-30 11:21:29.651000,33.05,33.05,33.1,18053489.0
2018-01-30 11:21:32.315000,33.05,33.05,33.1,18053489.0
2018-01-30 11:21:35.089000,33.05,33.05,33.1,18053489.0
2018-01-30 11:21:37.684000,33.05,33.05,33.1,18053489.0
2018-01-30 11:21:40.277000,33.05,33.05,33.1,18053489.0
2018-01-30 11:21:42.956000,33.05,33.05,33.1,18053489.0
2018-01-30 11:21:45.591000,33.05,33.05,33.1,18053489.0
2018-01-30 11:21:48.170000,33.05,33.05,33.1,18053489.0
2018-01-30 11:21:50.761000,33.05,33.05,33.1,18053489.0
2018-01-30 11:21:53.467000,33.05,33.05,33.1,18053489.0
2018-01-30 11:21:56.099000,33.05,33.05,33.1,18053489.0
2018-01-30 11:21:58.754000,33.05,33.05,33.1,18053489.0
2018-01-30 11:22:01.346000,33.05,33.05,33.1,18053489.0
2018-01-30 11:22:04.005000,33.05,33.05,33.1,18053489.0
2018-01-30 11:22:06.765000,33.05,33.05,33.1,18053489.0
2018-01-30 11:22:09.337000,33.05,33.05,33.1,18053489.0
2018-01-30 11:22:11.964000,33.05,33.05,33.1,18053489.0
2018-01-30 11:22:14.582000,33.05,33.05,33.1,18053489.0
2018-01-30 11:22:17.363000,33.05,33.05,33.1,18053489.0
2018-01-30 11:22:20.059000,33.05,33.05,33.1,18053489.0
2018-01-30 11:22:22.783000,33.05,33.05,33.1,18053489.0
2018-01-30 11:22:25.477000,33.05,33.05,33.1,18053489.0
2018-01-30 11:22:28.091000,33.05,33.05,33.1,18053489.0
2018-01-30 11:22:30.724000,33.05,33.05,33.1,18053489.0
2018-01-30 11:22:33.389000,33.05,33.05,33.1,18053489.0
2018-01-30 11:22:36.083000,33.05,33.05,33.1,18053489.0
2018-01-30 11:22:38.897000,33.05,33.05,33.1,18053489.0
2018-01-30 11:22:41.704000,33.05,33.05,33.1,18053489.0
2018-01-30 11:22:44.397000,33.05,33.05,33.1,18053489.0
2018-01-30 11:22:47.150000,33.05,33.05,33.1,18053489.0
2018-01-30 11:22:50.044000,33.05,33.05,33.1,18053489.0
2018-01-30 11:22:52.655000,33.05,33.05,33.1,18053489.0
2018-01-30 11:22:55.387000,33.05,33.05,33.1,18053489.0
2018-01-30 11:22:57.941000,33.05,33.05,33.1,18053489.0
2018-01-30 11:23:00.538000,33.05,33.05,33.1,18053489.0
2018-01-30 11:23:03.696000,33.05,33.05,33.1,18083489.0
2018-01-30 11:23:06.413000,33.05,33.05,33.1,18083489.0
2018-01-30 11:23:09.128000,33.05,33.05,33.1,18083489.0
2018-01-30 11:23:12.021000,33.05,33.05,33.1,18083489.0
2018-01-30 11:23:15.062000,33.05,33.05,33.1,18083489.0
2018-01-30 11:23:18.029000,33.05,33.05,33.1,18083489.0
2018-01-30 11:23:20.893000,33.05,33.05,33.1,18083489.0
2018-01-30 11:23:23.897000,33.05,33.05,33.1,18083489.0
2018-01-30 11:23:26.823000,33.05,33.05,33.1,18083489.0
2018-01-30 11:23:29.822000,33.05,33.05,33.1,18083489.0
2018-01-30 11:23:32.972000,33.05,33.05,33.1,18083489.0
2018-01-30 11:23:35.855000,33.05,33.05,33.1,18083489.0
2018-01-30 11:23:38.911000,33.05,33.05,33.1,18083489.0
2018-01-30 11:23:41.787000,33.05,33.05,33.1,18083489.0
2018-01-30 11:23:44.744000,33.05,33.05,33.1,18083489.0
2018-01-30 11:23:47.907000,33.05,33.05,33.1,18083489.0
2018-01-30 11:23:50.823000,33.05,33.05,33.1,18083489.0
2018-01-30 11:23:53.772000,33.05,33.05,33.1,18083489.0
2018-01-30 11:23:56.722000,33.05,33.05,33.1,18086989.0
2018-01-30 11:23:59.729000,33.05,33.05,33.1,18086989.0
2018-01-30 11:24:02.457000,33.05,33.05,33.1,18086989.0
2018-01-30 11:24:05.353000,33.05,33.05,33.1,18086989.0
2018-01-30 11:24:08.611000,33.05,33.05,33.1,18086989.0
2018-01-30 11:24:11.586000,33.05,33.05,33.1,18086989.0
2018-01-30 11:24:14.522000,33.05,33.05,33.1,18086989.0
2018-01-30 11:24:17.593000,33.05,33.05,33.1,18086989.0
2018-01-30 11:24:20.636000,33.05,33.05,33.1,18086989.0
2018-01-30 11:24:23.548000,33.05,33.05,33.1,18086989.0
2018-01-30 11:24:26.519000,33.05,33.05,33.1,18086989.0
2018-01-30 11:24:29.558000,33.05,33.05,33.1,18086989.0
2018-01-30 11:24:32.516000,33.05,33.05,33.1,18086989.0
2018-01-30 11:24:35.527000,33.05,33.05,33.1,18086989.0
2018-01-30 11:24:38.647000,33.05,33.05,33.1,18086989.0
2018-01-30 11:24:41.560000,33.05,33.05,33.1,18086989.0
2018-01-30 11:24:44.507000,33.05,33.05,33.1,18086989.0
2018-01-30 11:24:47.617000,33.05,33.05,33.1,18086989.0
2018-01-30 11:24:50.463000,33.05,33.05,33.1,18086989.0
2018-01-30 11:24:53.425000,33.05,33.05,33.1,18086989.0
2018-01-30 11:24:56.581000,33.05,33.05,33.1,18086989.0
2018-01-30 11:24:59.696000,33.05,33.05,33.1,18086989.0
2018-01-30 11:25:02.728000,33.05,33.05,33.1,18086989.0
2018-01-30 11:25:05.741000,33.05,33.05,33.1,18086989.0
2018-01-30 11:25:08.883000,33.05,33.05,33.1,18086989.0
2018-01-30 11:25:11.835000,33.05,33.05,33.1,18086989.0
2018-01-30 11:25:14.853000,33.05,33.05,33.1,18086989.0
2018-01-30 11:25:17.873000,33.05,33.05,33.1,18086989.0
2018-01-30 11:25:21.056000,33.05,33.05,33.1,18086989.0
2018-01-30 11:25:23.885000,33.05,33.05,33.1,18086989.0
2018-01-30 11:25:26.851000,33.05,33.05,33.1,18086989.0
2018-01-30 11:25:29.905000,33.05,33.05,33.1,18136489.0
2018-01-30 11:25:32.761000,33.05,33.05,33.1,18136489.0
2018-01-30 11:25:35.721000,33.05,33.05,33.1,18136489.0
2018-01-30 11:25:38.455000,33.05,33.05,33.1,18136489.0
2018-01-30 11:25:41.539000,33.05,33.05,33.1,18136489.0
2018-01-30 11:25:44.764000,33.05,33.05,33.1,18136489.0
2018-01-30 11:25:47.933000,33.05,33.05,33.1,18136489.0
2018-01-30 11:25:50.812000,33.05,33.05,33.1,18136489.0
2018-01-30 11:25:53.651000,33.05,33.05,33.1,18136489.0
2018-01-30 11:25:56.908000,33.05,33.05,33.1,18136489.0
2018-01-30 11:25:59.857000,33.05,33.05,33.1,18136489.0
2018-01-30 11:26:02.952000,33.05,33.0,33.1,18837489.0
2018-01-30 11:26:05.847000,33.05,33.0,33.1,18837489.0
2018-01-30 11:26:08.836000,33.05,33.0,33.1,18837489.0
2018-01-30 11:26:11.822000,33.05,33.0,33.1,18837489.0
2018-01-30 11:26:14.857000,33.05,33.0,33.1,18837489.0
2018-01-30 11:26:18.075000,33.05,33.0,33.1,18837489.0
2018-01-30 11:26:20.858000,33.05,33.0,33.1,18837489.0
2018-01-30 11:26:23.820000,33.05,33.0,33.1,18837489.0
2018-01-30 11:26:27.099000,33.05,33.0,33.1,18837489.0
2018-01-30 11:26:30.570000,33.05,33.0,33.1,18837489.0
2018-01-30 11:26:33.789000,33.05,33.0,33.1,18837489.0
2018-01-30 11:26:36.649000,33.05,33.0,33.1,18837489.0
2018-01-30 11:26:39.373000,33.05,33.0,33.1,18837489.0
2018-01-30 11:26:42.340000,33.05,33.0,33.1,18837489.0
2018-01-30 11:26:45.281000,33.05,33.0,33.1,18837489.0
2018-01-30 11:26:48.504000,33.05,33.0,33.1,18837489.0
2018-01-30 11:26:51.448000,33.05,33.0,33.1,18837489.0
2018-01-30 11:26:54.636000,33.05,33.0,33.1,18837489.0
2018-01-30 11:26:57.716000,33.05,33.0,33.1,18837489.0
2018-01-30 11:27:00.818000,33.05,33.0,33.1,18837489.0
2018-01-30 11:27:03.698000,33.05,33.0,33.1,18837489.0
2018-01-30 11:27:06.602000,33.05,33.0,33.05,18878489.0
2018-01-30 11:27:09.729000,33.05,33.0,33.05,18878489.0
2018-01-30 11:27:12.589000,33.05,33.0,33.05,18878489.0
2018-01-30 11:27:15.640000,33.05,33.0,33.05,18878489.0
2018-01-30 11:27:19.232000,33.05,33.0,33.05,18878489.0
2018-01-30 11:27:22.384000,33.0,32.95,33.0,19082989.0
2018-01-30 11:27:25.347000,33.0,32.95,33.0,19082989.0
2018-01-30 11:27:28.682000,33.0,32.95,33.0,19082989.0
2018-01-30 11:27:31.634000,33.0,32.95,33.0,19082989.0
2018-01-30 11:27:34.510000,33.0,32.95,33.0,19082989.0
2018-01-30 11:27:37.508000,33.0,32.95,33.0,19082989.0
2018-01-30 11:27:40.511000,33.0,32.95,33.0,19082989.0
2018-01-30 11:27:43.475000,33.0,32.95,33.0,19082989.0
2018-01-30 11:27:46.402000,33.0,32.95,33.0,19082989.0
2018-01-30 11:27:49.266000,33.0,32.95,33.0,19082989.0
2018-01-30 11:27:52.414000,33.0,32.95,33.0,19082989.0
2018-01-30 11:27:55.297000,32.95,32.95,33.0,19193989.0
2018-01-30 11:27:58.269000,32.95,32.95,33.0,19193989.0
2018-01-30 11:28:01.446000,32.95,32.95,33.0,19193989.0
2018-01-30 11:28:04.414000,32.95,32.95,33.0,19193989.0
2018-01-30 11:28:07.332000,32.95,32.95,33.0,19193989.0
2018-01-30 11:28:10.191000,32.95,32.95,33.0,19193989.0
2018-01-30 11:28:13.231000,32.95,32.95,33.0,19193989.0
2018-01-30 11:28:16.186000,32.95,32.95,33.0,19193989.0
2018-01-30 11:28:19.400000,32.95,32.95,33.0,19193989.0
2018-01-30 11:28:22.247000,32.95,32.95,33.0,19193989.0
2018-01-30 11:28:25.244000,32.95,32.95,33.0,19193989.0
2018-01-30 11:28:28.201000,32.95,32.95,33.0,19193989.0
2018-01-30 11:28:31.068000,32.95,32.95,33.0,19193989.0
2018-01-30 11:28:34.078000,32.95,32.95,33.0,19193989.0
2018-01-30 11:28:37.106000,32.95,32.95,33.0,19193989.0
2018-01-30 11:28:40.565000,32.95,32.95,33.0,19193989.0
2018-01-30 11:28:43.508000,32.95,32.95,33.0,19193989.0
2018-01-30 11:28:46.549000,32.95,32.95,33.0,19348989.0
2018-01-30 11:28:49.523000,32.95,32.95,33.0,19348989.0
2018-01-30 11:28:52.527000,32.95,32.95,33.0,19348989.0
2018-01-30 11:28:55.197000,32.95,32.95,33.0,19348989.0
2018-01-30 11:28:57.789000,32.95,32.95,33.0,19348989.0
2018-01-30 11:29:00.669000,32.95,32.95,33.0,19348989.0
2018-01-30 11:29:03.357000,32.95,32.95,33.0,19348989.0
2018-01-30 11:29:06.062000,32.95,32.95,33.0,19348989.0
2018-01-30 11:29:08.719000,32.95,32.95,33.0,19348989.0
2018-01-30 11:29:11.376000,32.95,32.95,33.0,19348989.0
2018-01-30 11:29:13.984000,32.95,32.95,33.0,19348989.0
2018-01-30 11:29:16.697000,32.95,32.95,33.0,19348989.0
2018-01-30 11:29:19.440000,32.95,32.95,33.0,19348989.0
2018-01-30 11:29:22.086000,32.95,32.95,33.0,19348989.0
2018-01-30 11:29:24.766000,32.95,32.95,33.0,19348989.0
2018-01-30 11:29:27.374000,32.95,32.95,33.0,19348989.0
2018-01-30 11:29:30.026000,32.95,32.95,33.0,19348989.0
2018-01-30 11:29:33.023000,32.95,32.95,33.0,19348989.0
2018-01-30 11:29:35.689000,32.95,32.95,33.0,19348989.0
2018-01-30 11:29:38.563000,32.95,32.95,33.0,19348989.0
2018-01-30 11:29:41.283000,32.95,32.95,33.0,19348989.0
2018-01-30 11:29:43.879000,32.95,32.95,33.0,19348989.0
2018-01-30 11:29:46.674000,32.95,32.95,33.0,19348989.0
2018-01-30 11:29:49.502000,32.95,32.95,33.0,19348989.0
2018-01-30 11:29:52.430000,32.95,32.95,33.0,19348989.0
2018-01-30 11:29:55.344000,32.95,32.95,33.0,19348989.0
2018-01-30 11:29:58.024000,32.95,32.95,33.0,19348989.0
2018-01-30 11:30:00.744000,32.95,32.95,33.0,19348989.0
2018-01-30 11:30:03.305000,32.95,32.95,33.0,19348989.0
2018-01-30 11:30:06.062000,32.95,32.9,33.0,19362489.0
2018-01-30 11:30:08.698000,32.95,32.9,33.0,19362489.0
2018-01-30 11:30:11.354000,32.95,32.9,33.0,19362489.0
2018-01-30 11:30:14.056000,32.95,32.9,33.0,19362489.0
2018-01-30 11:30:16.930000,32.95,32.9,33.0,19362489.0
2018-01-30 11:30:19.676000,32.95,32.9,33.0,19362489.0
2018-01-30 11:30:22.172000,32.95,32.9,33.0,19362489.0
2018-01-30 11:30:24.690000,32.95,32.9,33.0,19362489.0
2018-01-30 11:30:27.260000,32.95,32.9,33.0,19362489.0
2018-01-30 11:30:30.628000,32.95,32.9,33.0,19362489.0
2018-01-30 11:30:33.579000,32.95,32.9,33.0,19362489.0
2018-01-30 11:30:36.200000,32.95,32.9,33.0,19362489.0
2018-01-30 11:30:38.744000,32.95,32.9,33.0,19362489.0
2018-01-30 11:30:41.415000,32.95,32.95,33.0,19439625.0
2018-01-30 11:30:44.104000,32.95,32.95,33.0,19439625.0
2018-01-30 11:30:46.719000,32.95,32.95,33.0,19439625.0
2018-01-30 11:30:49.356000,32.95,32.95,33.0,19439625.0
2018-01-30 11:30:51.862000,32.95,32.95,33.0,19439625.0
2018-01-30 11:30:54.528000,32.95,32.95,33.0,19439625.0
2018-01-30 11:30:57.073000,32.95,32.95,33.0,19439625.0
2018-01-30 11:30:59.738000,32.95,32.95,33.0,19439625.0
2018-01-30 11:31:02.882000,32.95,32.95,33.0,19439625.0
2018-01-30 11:31:05.595000,32.95,32.95,33.0,19439625.0
2018-01-30 11:31:08.224000,32.95,32.95,33.0,19439625.0
2018-01-30 11:31:10.778000,32.95,32.95,33.0,19439625.0
2018-01-30 11:31:13.406000,32.95,32.95,33.0,19439625.0
2018-01-30 11:31:16.041000,32.95,32.95,33.0,19439625.0
2018-01-30 11:31:18.602000,32.95,32.95,33.0,19439625.0
2018-01-30 11:31:21.314000,32.95,32.95,33.0,19439625.0
2018-01-30 11:31:24.202000,32.95,32.95,33.0,19439625.0
2018-01-30 11:31:26.694000,32.95,32.95,33.0,19439625.0
2018-01-30 11:31:29.247000,32.95,32.95,33.0,19439625.0
2018-01-30 11:31:31.902000,32.95,32.95,33.0,19439625.0
2018-01-30 11:31:34.498000,32.95,32.95,33.0,19439625.0
2018-01-30 11:31:37.046000,32.95,32.95,33.0,19439625.0
2018-01-30 11:31:39.755000,32.95,32.95,33.0,19439625.0
2018-01-30 11:31:42.274000,32.95,32.95,33.0,19439625.0
2018-01-30 11:31:44.869000,32.95,32.95,33.0,19439625.0
2018-01-30 11:31:47.433000,32.95,32.95,33.0,19439625.0
2018-01-30 11:31:49.987000,32.95,32.95,33.0,19439625.0
2018-01-30 11:31:52.520000,32.95,32.95,33.0,19439625.0
2018-01-30 11:31:55.270000,32.95,32.95,33.0,19439625.0
2018-01-30 11:31:57.906000,32.95,32.95,33.0,19439625.0
2018-01-30 11:32:00.458000,32.95,32.95,33.0,19439625.0
2018-01-30 11:32:02.845000,32.95,32.95,33.0,19439625.0
2018-01-30 11:32:05.428000,32.95,32.95,33.0,19439625.0
2018-01-30 11:32:08.041000,32.95,32.95,33.0,19439625.0
2018-01-30 11:32:10.597000,32.95,32.95,33.0,19439625.0
2018-01-30 11:32:13.112000,32.95,32.95,33.0,19439625.0
2018-01-30 11:32:15.764000,32.95,32.95,33.0,19439625.0
2018-01-30 11:32:18.435000,32.95,32.95,33.0,19439625.0
2018-01-30 11:32:21.341000,32.95,32.95,33.0,19439625.0
2018-01-30 11:32:23.892000,32.95,32.95,33.0,19439625.0
2018-01-30 11:32:26.294000,32.95,32.95,33.0,19439625.0
2018-01-30 11:32:29.013000,32.95,32.95,33.0,19439625.0
2018-01-30 11:32:31.694000,32.95,32.95,33.0,19439625.0
2018-01-30 11:32:34.295000,32.95,32.95,33.0,19439625.0
2018-01-30 11:32:36.943000,32.95,32.95,33.0,19439625.0
2018-01-30 11:32:39.607000,32.95,32.95,33.0,19439625.0
2018-01-30 11:32:42.186000,32.95,32.95,33.0,19439625.0
2018-01-30 11:32:45.132000,32.95,32.95,33.0,19439625.0
2018-01-30 11:32:47.678000,32.95,32.95,33.0,19510125.0
2018-01-30 11:32:50.225000,32.95,32.95,33.0,19510125.0
2018-01-30 11:32:52.643000,32.95,32.95,33.0,19510125.0
2018-01-30 11:32:55.398000,32.95,32.95,33.0,19510125.0
2018-01-30 11:32:57.938000,32.95,32.95,33.0,19510125.0
2018-01-30 11:33:00.474000,32.95,32.95,33.0,19510125.0
2018-01-30 11:33:03.110000,32.95,32.95,33.0,19510125.0
2018-01-30 11:33:05.683000,32.95,32.95,33.0,19510125.0
2018-01-30 11:33:08.450000,32.95,32.95,33.0,19510125.0
2018-01-30 11:33:10.907000,32.95,32.95,33.0,19510125.0
2018-01-30 11:33:13.536000,32.95,32.95,33.0,19510125.0
2018-01-30 11:33:16.444000,32.95,32.95,33.0,19510125.0
2018-01-30 11:33:18.967000,32.95,32.95,33.0,19510125.0
2018-01-30 11:33:21.639000,32.95,32.95,33.0,19510125.0
2018-01-30 11:33:24.154000,32.95,32.95,33.0,19510125.0
2018-01-30 11:33:26.973000,32.95,32.95,33.0,19510125.0
2018-01-30 11:33:29.726000,32.95,32.95,33.0,19510125.0
2018-01-30 11:33:32.317000,32.95,32.95,33.0,19510125.0
2018-01-30 11:33:34.805000,32.95,32.95,33.0,19510125.0
2018-01-30 11:33:37.242000,32.95,32.95,33.0,19510125.0
2018-01-30 11:33:39.886000,32.95,32.95,33.0,19510125.0
2018-01-30 11:33:42.788000,32.95,32.95,33.0,19510125.0
2018-01-30 11:33:45.383000,32.95,32.95,33.0,19510125.0
2018-01-30 11:33:48.483000,32.95,32.95,33.0,19510125.0
2018-01-30 11:33:51.147000,32.95,32.95,33.0,19510125.0
2018-01-30 11:33:53.739000,32.95,32.95,33.0,19510125.0
2018-01-30 11:33:56.408000,32.95,32.95,33.0,19510125.0
2018-01-30 11:33:58.970000,32.95,32.95,33.0,19510125.0
2018-01-30 11:34:01.678000,32.95,32.95,33.0,19510125.0
2018-01-30 11:34:04.251000,32.95,32.95,33.0,19510125.0
2018-01-30 11:34:06.858000,32.95,32.95,33.0,19510125.0
2018-01-30 11:34:09.501000,32.95,32.95,33.0,19510125.0
2018-01-30 11:34:11.947000,32.95,32.95,33.0,19510125.0
2018-01-30 11:34:14.616000,32.95,32.95,33.0,19510125.0
2018-01-30 11:34:17.140000,32.95,32.95,33.0,19510125.0
2018-01-30 11:34:19.668000,32.95,32.95,33.0,19510125.0
2018-01-30 11:34:22.178000,32.95,32.95,33.0,19510125.0
2018-01-30 11:34:24.792000,32.95,32.95,33.0,19510125.0
2018-01-30 11:34:27.408000,32.95,32.95,33.0,19510125.0
2018-01-30 11:34:30.041000,32.95,32.95,33.0,19510125.0
2018-01-30 11:34:32.626000,32.95,32.95,33.0,19510125.0
2018-01-30 11:34:35.135000,32.95,32.95,33.0,19510125.0
2018-01-30 11:34:37.797000,32.95,32.95,33.0,19510125.0
2018-01-30 11:34:40.368000,32.95,32.95,33.0,19510125.0
2018-01-30 11:34:42.925000,32.95,32.95,33.0,19510125.0
2018-01-30 11:34:45.430000,32.95,32.95,33.0,19510125.0
2018-01-30 11:34:48.203000,32.95,32.95,33.0,19530225.0
2018-01-30 11:34:50.953000,32.95,32.95,33.0,19530225.0
2018-01-30 11:34:53.523000,32.95,32.95,33.0,19530225.0
2018-01-30 11:34:56.574000,32.95,32.95,33.0,19530225.0
2018-01-30 11:34:59.159000,32.95,32.95,33.0,19530225.0
2018-01-30 11:35:01.723000,32.95,32.95,33.0,19530225.0
2018-01-30 11:35:04.267000,32.95,32.95,33.0,19530225.0
2018-01-30 11:35:06.788000,32.95,32.95,33.0,19530225.0
2018-01-30 11:35:09.486000,32.95,32.95,33.0,19530225.0
2018-01-30 11:35:12.214000,32.95,32.95,33.0,19530225.0
2018-01-30 11:35:14.759000,32.95,32.95,33.0,19530225.0
2018-01-30 11:35:17.815000,32.95,32.95,33.0,19530225.0
2018-01-30 11:35:20.691000,32.95,32.95,33.0,19530225.0
2018-01-30 11:35:23.176000,32.95,32.95,33.0,19530225.0
2018-01-30 11:35:25.752000,32.95,32.95,33.0,19530225.0
2018-01-30 11:35:28.267000,32.95,32.95,33.0,19530225.0
2018-01-30 11:35:30.653000,32.95,32.95,33.0,19530225.0
2018-01-30 11:35:33.322000,32.95,32.95,33.0,19530225.0
2018-01-30 11:35:36.215000,32.95,32.95,33.0,19530225.0
2018-01-30 11:35:38.690000,32.95,32.95,33.0,19530225.0
2018-01-30 11:35:41.456000,32.95,32.95,33.0,19530225.0
2018-01-30 11:35:44.615000,32.95,32.95,33.0,19530225.0
2018-01-30 11:35:47.185000,32.95,32.95,33.0,19530225.0
2018-01-30 11:35:49.797000,32.95,32.95,33.0,19530225.0
2018-01-30 11:35:52.440000,32.95,32.95,33.0,19530225.0
2018-01-30 11:35:55.058000,32.95,32.95,33.0,19530225.0
2018-01-30 11:35:57.650000,32.95,32.95,33.0,19530225.0
2018-01-30 11:36:00.072000,32.95,32.95,33.0,19530225.0
2018-01-30 11:36:02.877000,32.95,32.95,33.0,19530225.0
2018-01-30 11:36:05.636000,32.95,32.95,33.0,19530225.0
2018-01-30 11:36:08.283000,32.95,32.95,33.0,19530225.0
2018-01-30 11:36:10.822000,32.95,32.95,33.0,19530225.0
2018-01-30 11:36:13.363000,32.95,32.95,33.0,19530225.0
2018-01-30 11:36:16.087000,32.95,32.95,33.0,19530225.0
2018-01-30 11:36:18.721000,32.95,32.95,33.0,19530225.0
2018-01-30 11:36:21.415000,33.0,32.95,33.0,19531225.0
2018-01-30 11:36:23.828000,33.0,32.95,33.0,19531225.0
2018-01-30 11:36:26.350000,33.0,32.95,33.0,19531225.0
2018-01-30 11:36:29.088000,33.0,32.95,33.0,19531225.0
2018-01-30 11:36:31.823000,33.0,32.95,33.0,19531225.0
2018-01-30 11:36:34.472000,33.0,32.95,33.0,19531225.0
2018-01-30 11:36:37.072000,33.0,32.95,33.0,19531225.0
2018-01-30 11:36:39.614000,33.0,32.95,33.0,19531225.0
2018-01-30 11:36:42.140000,33.0,32.95,33.0,19531225.0
2018-01-30 11:36:44.693000,33.0,32.95,33.0,19531225.0
2018-01-30 11:36:47.272000,33.0,32.95,33.0,19531225.0
2018-01-30 11:36:49.875000,33.0,32.95,33.0,19531225.0
2018-01-30 11:36:52.581000,33.0,32.95,33.0,19531225.0
2018-01-30 11:36:55.751000,33.0,32.95,33.0,19531225.0
2018-01-30 11:36:58.606000,33.0,32.95,33.0,19531225.0
2018-01-30 11:37:01.615000,33.0,32.95,33.0,19531225.0
2018-01-30 11:37:04.569000,33.0,32.95,33.0,19531225.0
2018-01-30 11:37:07.228000,33.0,32.95,33.0,19531225.0
2018-01-30 11:37:10.493000,33.0,32.95,33.0,19531225.0
2018-01-30 11:37:13.273000,33.0,32.95,33.0,19531225.0
2018-01-30 11:37:16.238000,33.0,32.95,33.0,19531225.0
2018-01-30 11:37:19.126000,33.0,32.95,33.0,19531225.0
2018-01-30 11:37:22.003000,33.0,32.95,33.0,19531225.0
2018-01-30 11:37:24.818000,33.0,32.95,33.0,19531225.0
2018-01-30 11:37:27.735000,33.0,32.95,33.0,19531225.0
2018-01-30 11:37:30.422000,33.0,32.95,33.0,19531225.0
2018-01-30 11:37:33.192000,33.0,32.95,33.0,19531225.0
2018-01-30 11:37:35.803000,33.0,32.95,33.0,19531225.0
2018-01-30 11:37:38.773000,33.0,32.95,33.0,19531225.0
2018-01-30 11:37:41.851000,33.0,32.95,33.0,19531225.0
2018-01-30 11:37:44.633000,33.0,32.95,33.0,19531225.0
2018-01-30 11:37:47.340000,33.0,32.95,33.0,19531225.0
2018-01-30 11:37:50.582000,33.0,32.95,33.0,19531225.0
2018-01-30 11:37:53.661000,33.0,32.95,33.0,19605725.0
2018-01-30 11:37:56.705000,33.0,32.95,33.0,19605725.0
2018-01-30 11:37:59.295000,33.0,32.95,33.0,19605725.0
2018-01-30 11:38:02.197000,33.0,32.95,33.0,19605725.0
2018-01-30 11:38:04.893000,33.0,32.95,33.0,19605725.0
2018-01-30 11:38:07.805000,33.0,32.95,33.0,19605725.0
2018-01-30 11:38:10.946000,33.0,32.95,33.0,19605725.0
2018-01-30 11:38:13.554000,33.0,32.95,33.0,19605725.0
2018-01-30 11:38:16.191000,33.0,32.95,33.0,19605725.0
2018-01-30 11:38:19.377000,33.0,32.95,33.0,19605725.0
2018-01-30 11:38:22.105000,33.0,32.95,33.0,19605725.0
2018-01-30 11:38:25.123000,33.0,32.95,33.0,19605725.0
2018-01-30 11:38:27.765000,33.0,32.95,33.0,19605725.0
2018-01-30 11:38:30.633000,33.0,32.95,33.0,19605725.0
2018-01-30 11:38:33.555000,33.0,32.95,33.0,19605725.0
2018-01-30 11:38:36.225000,33.0,32.95,33.0,19605725.0
2018-01-30 11:38:38.934000,33.0,32.95,33.0,19605725.0
2018-01-30 11:38:41.510000,33.0,32.95,33.0,19605725.0
2018-01-30 11:38:44.587000,32.95,32.9,32.95,19655225.0
2018-01-30 11:38:47.531000,32.95,32.9,32.95,19655225.0
2018-01-30 11:38:50.454000,32.95,32.9,32.95,19655225.0
2018-01-30 11:38:53.517000,32.95,32.9,32.95,19655225.0
2018-01-30 11:38:56.161000,32.95,32.9,32.95,19655225.0
2018-01-30 11:38:59.137000,32.95,32.9,32.95,19655225.0
2018-01-30 11:39:02.016000,32.95,32.9,32.95,19655225.0
2018-01-30 11:39:04.730000,32.95,32.9,32.95,19655225.0
2018-01-30 11:39:07.386000,32.95,32.9,32.95,19655225.0
2018-01-30 11:39:10.531000,32.95,32.9,32.95,19655225.0
2018-01-30 11:39:13.424000,32.95,32.9,32.95,19655225.0
2018-01-30 11:39:16.302000,32.95,32.9,32.95,19655225.0
2018-01-30 11:39:19.212000,32.95,32.9,32.95,19655225.0
2018-01-30 11:39:21.994000,32.95,32.9,32.95,19655225.0
2018-01-30 11:39:24.841000,32.95,32.9,32.95,19655225.0
2018-01-30 11:39:27.700000,32.95,32.9,32.95,19655225.0
2018-01-30 11:39:30.622000,32.95,32.9,32.95,19655225.0
2018-01-30 11:39:33.525000,32.95,32.9,32.95,19655225.0
2018-01-30 11:39:36.396000,32.95,32.9,32.95,19655225.0
2018-01-30 11:39:39.366000,32.95,32.9,32.95,19655225.0
2018-01-30 11:39:42.316000,32.95,32.9,32.95,19655225.0
2018-01-30 11:39:45.312000,32.95,32.9,32.95,19655225.0
2018-01-30 11:39:48.160000,32.95,32.9,32.95,19655225.0
2018-01-30 11:39:50.976000,32.95,32.9,32.95,19655225.0
2018-01-30 11:39:54.048000,32.95,32.9,32.95,19655225.0
2018-01-30 11:39:56.943000,32.95,32.9,32.95,19655225.0
2018-01-30 11:39:59.782000,32.95,32.9,32.95,19655225.0
2018-01-30 11:40:02.608000,32.95,32.9,32.95,19655225.0
2018-01-30 11:40:05.529000,32.95,32.9,32.95,19655225.0
2018-01-30 11:40:08.422000,32.95,32.9,32.95,19655225.0
2018-01-30 11:40:11.149000,32.95,32.9,32.95,19655225.0
2018-01-30 11:40:14.293000,32.95,32.95,33.0,20296225.0
2018-01-30 11:40:17.057000,32.95,32.95,33.0,20296225.0
2018-01-30 11:40:19.982000,32.95,32.95,33.0,20296225.0
2018-01-30 11:40:23.045000,32.95,32.95,33.0,20296225.0
2018-01-30 11:40:25.788000,32.95,32.95,33.0,20296225.0
2018-01-30 11:40:28.655000,32.95,32.95,33.0,20296225.0
2018-01-30 11:40:31.428000,32.95,32.95,33.0,20296225.0
2018-01-30 11:40:34.496000,32.95,32.95,33.0,20296225.0
2018-01-30 11:40:37.420000,32.95,32.95,33.0,20296225.0
2018-01-30 11:40:40.359000,32.95,32.95,33.0,20296225.0
2018-01-30 11:40:43.234000,32.95,32.95,33.0,20296225.0
2018-01-30 11:40:47.387000,32.95,32.95,33.0,20296225.0
2018-01-30 11:40:50.358000,32.95,32.95,33.0,20296225.0
2018-01-30 11:40:53.141000,32.95,32.95,33.0,20296225.0
2018-01-30 11:40:56.444000,32.95,32.95,33.0,20296225.0
2018-01-30 11:40:59.238000,32.95,32.95,33.0,20296225.0
2018-01-30 11:41:02.087000,32.95,32.95,33.0,20296225.0
2018-01-30 11:41:04.873000,32.95,32.95,33.0,20296225.0
2018-01-30 11:41:07.574000,32.95,32.95,33.0,20302225.0
2018-01-30 11:41:10.313000,32.95,32.95,33.0,20302225.0
2018-01-30 11:41:13.145000,32.95,32.95,33.0,20302225.0
2018-01-30 11:41:15.945000,32.95,32.95,33.0,20302225.0
2018-01-30 11:41:18.733000,32.95,32.95,33.0,20302225.0
2018-01-30 11:41:21.516000,32.95,32.95,33.0,20302225.0
2018-01-30 11:41:24.495000,32.95,32.95,33.0,20302225.0
2018-01-30 11:41:27.429000,32.95,32.95,33.0,20302225.0
2018-01-30 11:41:30.165000,32.95,32.95,33.0,20302225.0
2018-01-30 11:41:32.988000,32.95,32.95,33.0,20302225.0
2018-01-30 11:41:35.781000,32.95,32.95,33.0,20302225.0
2018-01-30 11:41:38.431000,32.95,32.95,33.0,20302225.0
2018-01-30 11:41:41.347000,32.95,32.95,33.0,20302225.0
2018-01-30 11:41:44.048000,32.95,32.95,33.0,20302225.0
2018-01-30 11:41:46.953000,32.95,32.9,32.95,20412225.0
2018-01-30 11:41:49.999000,32.95,32.9,32.95,20412225.0
2018-01-30 11:41:52.858000,32.95,32.9,32.95,20412225.0
2018-01-30 11:41:55.613000,32.95,32.9,32.95,20412225.0
2018-01-30 11:41:58.616000,32.95,32.9,32.95,20412225.0
2018-01-30 11:42:01.660000,32.95,32.9,32.95,20412225.0
2018-01-30 11:42:04.704000,32.95,32.9,32.95,20412225.0
2018-01-30 11:42:07.531000,32.95,32.9,32.95,20412225.0
2018-01-30 11:42:10.407000,32.95,32.9,32.95,20412225.0
2018-01-30 11:42:13.171000,32.95,32.9,32.95,20412225.0
2018-01-30 11:42:16.014000,32.95,32.9,32.95,20412225.0
2018-01-30 11:42:18.863000,32.95,32.9,32.95,20412225.0
2018-01-30 11:42:22.018000,32.95,32.9,32.95,20412225.0
2018-01-30 11:42:24.985000,32.95,32.9,32.95,20412225.0
2018-01-30 11:42:27.842000,32.95,32.9,32.95,20412225.0
2018-01-30 11:42:30.551000,32.95,32.9,32.95,20412225.0
2018-01-30 11:42:33.384000,32.95,32.9,32.95,20412225.0
2018-01-30 11:42:36.366000,32.95,32.9,32.95,20412225.0
2018-01-30 11:42:39.445000,32.95,32.9,32.95,20412225.0
2018-01-30 11:42:42.298000,32.95,32.9,32.95,20412225.0
2018-01-30 11:42:45.234000,32.95,32.9,32.95,20412225.0
2018-01-30 11:42:48.515000,32.95,32.9,32.95,20412225.0
2018-01-30 11:42:51.334000,32.95,32.9,32.95,20412225.0
2018-01-30 11:42:54.380000,32.95,32.9,32.95,20412225.0
2018-01-30 11:42:57.233000,32.95,32.9,32.95,20412225.0
2018-01-30 11:43:00.172000,32.95,32.9,32.95,20423725.0
2018-01-30 11:43:02.909000,32.95,32.9,32.95,20423725.0
2018-01-30 11:43:06.066000,32.95,32.9,32.95,20423725.0
2018-01-30 11:43:08.971000,32.95,32.9,32.95,20423725.0
2018-01-30 11:43:12.469000,32.95,32.9,32.95,20423725.0
2018-01-30 11:43:15.404000,32.95,32.9,32.95,20423725.0
2018-01-30 11:43:18.253000,32.95,32.9,32.95,20423725.0
2018-01-30 11:43:20.866000,32.95,32.9,32.95,20423725.0
2018-01-30 11:43:23.737000,32.95,32.9,32.95,20423725.0
2018-01-30 11:43:26.572000,32.95,32.9,32.95,20423725.0
2018-01-30 11:43:29.398000,32.95,32.9,32.95,20423725.0
2018-01-30 11:43:32.457000,32.95,32.9,32.95,20423725.0
2018-01-30 11:43:35.265000,32.95,32.9,32.95,20423725.0
2018-01-30 11:43:38.280000,32.95,32.9,32.95,20423725.0
2018-01-30 11:43:41.221000,32.95,32.9,32.95,20423725.0
2018-01-30 11:43:44.117000,32.95,32.9,32.95,20423725.0
2018-01-30 11:43:47.028000,32.95,32.9,32.95,20423725.0
2018-01-30 11:43:49.784000,32.95,32.9,32.95,20423725.0
2018-01-30 11:43:52.504000,32.95,32.9,32.95,20423725.0
2018-01-30 11:43:55.280000,32.95,32.9,32.95,20423725.0
2018-01-30 11:43:58.245000,32.95,32.9,32.95,20423725.0
2018-01-30 11:44:01.217000,32.95,32.9,32.95,20423725.0
2018-01-30 11:44:04.050000,32.95,32.9,32.95,20423725.0
2018-01-30 11:44:06.936000,32.95,32.9,32.95,20423725.0
2018-01-30 11:44:09.678000,32.95,32.9,32.95,20423725.0
2018-01-30 11:44:12.611000,32.95,32.9,32.95,20423725.0
2018-01-30 11:44:15.281000,32.95,32.9,32.95,20423725.0
2018-01-30 11:44:18.200000,32.9,32.9,32.95,20437225.0
2018-01-30 11:44:21.048000,32.9,32.9,32.95,20437225.0
2018-01-30 11:44:23.790000,32.9,32.9,32.95,20437225.0
2018-01-30 11:44:26.571000,32.9,32.9,32.95,20437225.0
2018-01-30 11:44:29.346000,32.9,32.9,32.95,20437225.0
2018-01-30 11:44:32.065000,32.9,32.9,32.95,20437225.0
2018-01-30 11:44:35.094000,32.9,32.9,32.95,20437225.0
2018-01-30 11:44:38.091000,32.9,32.9,32.95,20437225.0
2018-01-30 11:44:40.947000,32.9,32.9,32.95,20437225.0
2018-01-30 11:44:43.839000,32.9,32.9,32.95,20437225.0
2018-01-30 11:44:46.667000,32.9,32.9,32.95,20437225.0
2018-01-30 11:44:49.440000,32.9,32.9,32.95,20437225.0
2018-01-30 11:44:52.109000,32.9,32.9,32.95,20437225.0
2018-01-30 11:44:54.877000,32.9,32.9,32.95,20437225.0
2018-01-30 11:44:57.660000,32.9,32.9,32.95,20437225.0
2018-01-30 11:45:00.550000,32.9,32.9,32.95,20437225.0
2018-01-30 11:45:03.422000,32.9,32.9,32.95,20437225.0
2018-01-30 11:45:06.265000,32.9,32.9,32.95,20448725.0
2018-01-30 11:45:08.926000,32.9,32.9,32.95,20448725.0
2018-01-30 11:45:11.750000,32.9,32.9,32.95,20448725.0
2018-01-30 11:45:14.510000,32.9,32.9,32.95,20448725.0
2018-01-30 11:45:17.472000,32.9,32.9,32.95,20448725.0
2018-01-30 11:45:20.346000,32.9,32.9,32.95,20448725.0
2018-01-30 11:45:23.305000,32.9,32.9,32.95,20448725.0
2018-01-30 11:45:26.223000,32.9,32.9,32.95,20448725.0
2018-01-30 11:45:28.948000,32.9,32.9,32.95,20448725.0
2018-01-30 11:45:31.834000,32.9,32.9,32.95,20448725.0
2018-01-30 11:45:34.970000,32.9,32.9,32.95,20448725.0
2018-01-30 11:45:37.673000,32.9,32.9,32.95,20448725.0
2018-01-30 11:45:40.714000,32.9,32.9,32.95,20448725.0
2018-01-30 11:45:43.577000,32.9,32.9,32.95,20448725.0
2018-01-30 11:45:46.347000,32.9,32.9,32.95,20448725.0
2018-01-30 11:45:49.401000,32.9,32.9,32.95,20448725.0
2018-01-30 11:45:52.330000,32.9,32.9,32.95,20448725.0
2018-01-30 11:45:55.236000,32.9,32.9,32.95,20448725.0
2018-01-30 11:45:58.142000,32.9,32.9,32.95,20448725.0
2018-01-30 11:46:01.105000,32.9,32.9,32.95,20448725.0
2018-01-30 11:46:03.866000,32.9,32.9,32.95,20448725.0
2018-01-30 11:46:08.286000,32.9,32.9,32.95,20448725.0
2018-01-30 11:46:11.256000,32.9,32.9,32.95,20448725.0
2018-01-30 11:46:14.277000,32.9,32.9,32.95,20615225.0
2018-01-30 11:46:17.307000,32.9,32.9,32.95,20615225.0
2018-01-30 11:46:20.125000,32.9,32.9,32.95,20615225.0
2018-01-30 11:46:23.060000,32.9,32.9,32.95,20615225.0
2018-01-30 11:46:26.090000,32.9,32.9,32.95,20615225.0
2018-01-30 11:46:29.072000,32.9,32.9,32.95,20615225.0
2018-01-30 11:46:31.864000,32.9,32.9,32.95,20615225.0
2018-01-30 11:46:34.885000,32.9,32.9,32.95,20615225.0
2018-01-30 11:46:37.750000,32.9,32.9,32.95,20615225.0
2018-01-30 11:46:40.596000,32.9,32.9,32.95,20615225.0
2018-01-30 11:46:43.461000,32.9,32.9,32.95,20615225.0
2018-01-30 11:46:46.523000,32.9,32.9,32.95,20615225.0
2018-01-30 11:46:49.525000,32.9,32.9,32.95,20615225.0
2018-01-30 11:46:52.623000,32.9,32.9,32.95,20615225.0
2018-01-30 11:46:55.621000,32.9,32.9,32.95,20679225.0
2018-01-30 11:46:58.660000,32.9,32.9,32.95,20679225.0
2018-01-30 11:47:01.645000,32.9,32.9,32.95,20679225.0
2018-01-30 11:47:04.717000,32.9,32.9,32.95,20679225.0
2018-01-30 11:47:07.684000,32.9,32.9,32.95,20679225.0
2018-01-30 11:47:10.711000,,,,
2018-01-30 11:47:13.523000,32.9,32.9,32.95,20679225.0
2018-01-30 11:47:16.583000,32.9,32.9,32.95,20679225.0
2018-01-30 11:47:19.527000,32.9,32.9,32.95,20679225.0
2018-01-30 11:47:22.490000,32.9,32.9,32.95,20679225.0
2018-01-30 11:47:25.363000,32.9,32.9,32.95,20679225.0
2018-01-30 11:47:28.624000,32.9,32.9,32.95,20679225.0
2018-01-30 11:47:31.524000,32.9,32.9,32.95,20679225.0
2018-01-30 11:47:34.526000,32.9,32.9,32.95,20679225.0
2018-01-30 11:47:37.540000,32.9,32.9,32.95,20679225.0
2018-01-30 11:47:40.550000,32.9,32.9,32.95,20679225.0
2018-01-30 11:47:43.739000,32.9,32.9,32.95,20679225.0
2018-01-30 11:47:46.736000,32.9,32.9,32.95,20679225.0
2018-01-30 11:47:49.711000,32.9,32.9,32.95,20679225.0
2018-01-30 11:47:52.638000,32.9,32.9,32.95,20679225.0
2018-01-30 11:47:55.634000,32.9,32.85,32.9,20707225.0
2018-01-30 11:47:58.750000,32.9,32.85,32.9,20707225.0
2018-01-30 11:48:01.504000,32.9,32.85,32.9,20707225.0
2018-01-30 11:48:04.729000,32.9,32.85,32.9,20707225.0
2018-01-30 11:48:07.681000,32.9,32.85,32.9,20707225.0
2018-01-30 11:48:10.843000,32.9,32.85,32.9,20707225.0
2018-01-30 11:48:14.088000,32.9,32.85,32.9,20707225.0
2018-01-30 11:48:16.986000,32.9,32.85,32.9,20707225.0
2018-01-30 11:48:19.942000,32.9,32.85,32.9,20707225.0
2018-01-30 11:48:22.862000,32.9,32.85,32.9,20707225.0
2018-01-30 11:48:25.985000,32.9,32.85,32.9,20707225.0
2018-01-30 11:48:28.877000,32.9,32.85,32.9,20707225.0
2018-01-30 11:48:32.196000,32.9,32.85,32.9,20707225.0
2018-01-30 11:48:34.939000,32.9,32.85,32.9,20707286.0
2018-01-30 11:48:37.992000,32.9,32.85,32.9,20707286.0
2018-01-30 11:48:40.868000,32.9,32.85,32.9,20707286.0
2018-01-30 11:48:43.806000,32.9,32.85,32.9,20707286.0
2018-01-30 11:48:46.926000,32.9,32.85,32.9,20707286.0
2018-01-30 11:48:49.728000,32.9,32.85,32.9,20707286.0
2018-01-30 11:48:52.791000,32.9,32.85,32.9,20707286.0
2018-01-30 11:48:55.955000,32.9,32.85,32.9,20707286.0
2018-01-30 11:48:58.728000,32.9,32.85,32.9,20707286.0
2018-01-30 11:49:01.909000,32.9,32.85,32.9,20707286.0
2018-01-30 11:49:04.736000,32.9,32.85,32.9,20707286.0
2018-01-30 11:49:07.635000,32.9,32.85,32.9,20707286.0
2018-01-30 11:49:10.504000,32.9,32.85,32.9,20707286.0
2018-01-30 11:49:13.559000,32.9,32.85,32.9,20707286.0
2018-01-30 11:49:16.525000,32.9,32.85,32.9,20707286.0
2018-01-30 11:49:19.444000,32.9,32.85,32.9,20707286.0
2018-01-30 11:49:22.645000,32.9,32.85,32.9,20707286.0
2018-01-30 11:49:25.573000,32.9,32.85,32.9,20707286.0
2018-01-30 11:49:28.373000,32.9,32.85,32.9,20707286.0
2018-01-30 11:49:31.509000,32.9,32.85,32.9,20707286.0
2018-01-30 11:49:34.465000,32.9,32.85,32.9,20707286.0
2018-01-30 11:49:37.415000,32.9,32.85,32.9,20707286.0
2018-01-30 11:49:40.225000,32.9,32.85,32.9,20707286.0
2018-01-30 11:49:43.172000,32.9,32.85,32.9,20707286.0
2018-01-30 11:49:46.194000,32.9,32.85,32.9,20707286.0
2018-01-30 11:49:48.960000,32.9,32.85,32.9,20707286.0
2018-01-30 11:49:51.991000,32.9,32.85,32.9,20707286.0
2018-01-30 11:49:55.010000,32.9,32.85,32.9,20707286.0
2018-01-30 11:49:57.932000,32.9,32.85,32.9,20707286.0
2018-01-30 11:50:00.711000,32.9,32.85,32.9,20707286.0
2018-01-30 11:50:03.840000,32.9,32.85,32.9,20707286.0
2018-01-30 11:50:06.744000,32.9,32.85,32.9,20707286.0
2018-01-30 11:50:09.667000,32.9,32.85,32.9,20707286.0
2018-01-30 11:50:12.533000,32.9,32.85,32.9,20707286.0
2018-01-30 11:50:15.664000,32.9,32.85,32.9,20707286.0
2018-01-30 11:50:18.698000,32.9,32.85,32.9,20707286.0
2018-01-30 11:50:21.509000,32.9,32.85,32.9,20707286.0
2018-01-30 11:50:24.456000,32.9,32.85,32.9,20707286.0
2018-01-30 11:50:27.303000,32.9,32.85,32.9,20707286.0
2018-01-30 11:50:30.183000,32.85,32.85,32.9,20756786.0
2018-01-30 11:50:33.393000,32.85,32.85,32.9,20756786.0
2018-01-30 11:50:36.494000,32.85,32.85,32.9,20756786.0
2018-01-30 11:50:39.295000,32.85,32.85,32.9,20756786.0
2018-01-30 11:50:42.268000,32.9,32.9,32.95,20896286.0
2018-01-30 11:50:45.197000,32.9,32.9,32.95,20896286.0
2018-01-30 11:50:47.972000,32.9,32.9,32.95,20896286.0
2018-01-30 11:50:50.964000,32.9,32.9,32.95,20896286.0
2018-01-30 11:50:53.993000,32.9,32.9,32.95,20896286.0
2018-01-30 11:50:56.967000,32.9,32.9,32.95,20896286.0
2018-01-30 11:50:59.994000,32.9,32.9,32.95,20896286.0
2018-01-30 11:51:02.889000,32.9,32.9,32.95,20896286.0
2018-01-30 11:51:05.931000,32.9,32.9,32.95,20896286.0
2018-01-30 11:51:08.937000,32.9,32.9,32.95,20896286.0
2018-01-30 11:51:12.065000,32.9,32.85,32.9,21069286.0
2018-01-30 11:51:15.178000,32.9,32.85,32.9,21069286.0
2018-01-30 11:51:18.537000,32.9,32.85,32.9,21069286.0
2018-01-30 11:51:21.417000,32.9,32.85,32.9,21069286.0
2018-01-30 11:51:24.276000,32.9,32.85,32.9,21069286.0
2018-01-30 11:51:27.217000,32.9,32.85,32.9,21069286.0
2018-01-30 11:51:30.340000,32.9,32.85,32.9,21069286.0
2018-01-30 11:51:33.336000,32.9,32.85,32.9,21069286.0
2018-01-30 11:51:36.339000,32.9,32.85,32.9,21069286.0
2018-01-30 11:51:39.211000,32.9,32.85,32.9,21069286.0
2018-01-30 11:51:42.377000,32.9,32.85,32.9,21069286.0
2018-01-30 11:51:45.329000,32.9,32.85,32.9,21069286.0
2018-01-30 11:51:48.398000,32.9,32.9,32.95,21169786.0
2018-01-30 11:51:51.276000,32.9,32.9,32.95,21169786.0
2018-01-30 11:51:54.451000,32.9,32.9,32.95,21169786.0
2018-01-30 11:51:57.507000,32.9,32.9,32.95,21169786.0
2018-01-30 11:52:00.395000,32.9,32.9,32.95,21169786.0
2018-01-30 11:52:03.390000,32.9,32.9,32.95,21169786.0
2018-01-30 11:52:06.264000,32.9,32.9,32.95,21169786.0
2018-01-30 11:52:09.191000,32.9,32.9,32.95,21169786.0
2018-01-30 11:52:12.147000,32.9,32.9,32.95,21169786.0
2018-01-30 11:52:15.062000,32.9,32.9,32.95,21169786.0
2018-01-30 11:52:18.068000,32.9,32.9,32.95,21169786.0
2018-01-30 11:52:21.062000,32.9,32.9,32.95,21169786.0
2018-01-30 11:52:24.027000,32.9,32.9,32.95,21169786.0
2018-01-30 11:52:27.055000,32.9,32.9,32.95,21169786.0
2018-01-30 11:52:29.887000,32.9,32.9,32.95,21169786.0
2018-01-30 11:52:32.808000,32.9,32.9,32.95,21169786.0
2018-01-30 11:52:35.565000,32.9,32.9,32.95,21169786.0
2018-01-30 11:52:38.428000,32.9,32.9,32.95,21169786.0
2018-01-30 11:52:41.318000,32.9,32.9,32.95,21232786.0
2018-01-30 11:52:44.421000,32.9,32.9,32.95,21232786.0
2018-01-30 11:52:47.351000,32.9,32.9,32.95,21232786.0
2018-01-30 11:52:50.261000,32.9,32.9,32.95,21232786.0
2018-01-30 11:52:53.189000,32.9,32.9,32.95,21232786.0
2018-01-30 11:52:56.152000,32.9,32.9,32.95,21232786.0
2018-01-30 11:52:59.199000,32.9,32.9,32.95,21232786.0
2018-01-30 11:53:02.133000,32.9,32.9,32.95,21232786.0
2018-01-30 11:53:04.963000,32.9,32.9,32.95,21232786.0
2018-01-30 11:53:07.915000,32.9,32.9,32.95,21232786.0
2018-01-30 11:53:10.949000,32.9,32.9,32.95,21232786.0
2018-01-30 11:53:13.730000,32.9,32.9,32.95,21232786.0
2018-01-30 11:53:16.860000,32.9,32.9,32.95,21232786.0
2018-01-30 11:53:19.945000,32.9,32.9,32.95,21232786.0
2018-01-30 11:53:22.940000,32.9,32.9,32.95,21232786.0
2018-01-30 11:53:25.937000,32.9,32.9,32.95,21232786.0
2018-01-30 11:53:28.816000,32.9,32.9,32.95,21232786.0
2018-01-30 11:53:31.806000,32.9,32.9,32.95,21232786.0
2018-01-30 11:53:34.653000,32.9,32.9,32.95,21232786.0
2018-01-30 11:53:37.516000,32.9,32.9,32.95,21232786.0
2018-01-30 11:53:40.408000,32.9,32.9,32.95,21232786.0
2018-01-30 11:53:43.499000,32.9,32.9,32.95,21232786.0
2018-01-30 11:53:46.533000,32.9,32.9,32.95,21232786.0
2018-01-30 11:53:49.557000,32.9,32.9,32.95,21232786.0
2018-01-30 11:53:52.580000,32.9,32.9,32.95,21232786.0
2018-01-30 11:53:55.499000,32.9,32.9,32.95,21232786.0
2018-01-30 11:53:58.438000,32.9,32.9,32.95,21232786.0
2018-01-30 11:54:01.529000,32.9,32.9,32.95,21232786.0
2018-01-30 11:54:04.490000,32.9,32.9,32.95,21232786.0
2018-01-30 11:54:07.738000,32.9,32.85,32.9,21236786.0
2018-01-30 11:54:10.607000,32.9,32.85,32.9,21236786.0
2018-01-30 11:54:13.646000,32.9,32.85,32.9,21236786.0
2018-01-30 11:54:16.411000,32.9,32.85,32.9,21236786.0
2018-01-30 11:54:19.345000,32.9,32.85,32.9,21236786.0
2018-01-30 11:54:22.916000,32.9,32.85,32.9,21236786.0
2018-01-30 11:54:26.030000,32.9,32.85,32.9,21236786.0
2018-01-30 11:54:28.918000,32.9,32.85,32.9,21236786.0
2018-01-30 11:54:31.940000,32.9,32.85,32.9,21236786.0
2018-01-30 11:54:35.048000,32.9,32.85,32.9,21236786.0
2018-01-30 11:54:37.948000,32.9,32.85,32.9,21236786.0
2018-01-30 11:54:41.031000,32.9,32.85,32.9,21236786.0
2018-01-30 11:54:43.945000,32.9,32.85,32.9,21236786.0
2018-01-30 11:54:47.187000,32.9,32.85,32.9,21236786.0
2018-01-30 11:54:50.241000,32.9,32.85,32.9,21236786.0
2018-01-30 11:54:53.317000,32.9,32.85,32.9,21236786.0
2018-01-30 11:54:56.281000,32.9,32.85,32.95,21268286.0
2018-01-30 11:54:59.144000,32.9,32.85,32.95,21268286.0
2018-01-30 11:55:02.111000,32.9,32.85,32.95,21268286.0
2018-01-30 11:55:05.027000,32.9,32.85,32.95,21268286.0
2018-01-30 11:55:07.894000,32.9,32.85,32.95,21268286.0
2018-01-30 11:55:11.672000,32.9,32.85,32.95,21268286.0
2018-01-30 11:55:14.761000,32.9,32.85,32.95,21268286.0
2018-01-30 11:55:17.824000,32.9,32.85,32.95,21268286.0
2018-01-30 11:55:20.937000,32.9,32.85,32.95,21268286.0
2018-01-30 11:55:24.019000,32.9,32.85,32.95,21268286.0
2018-01-30 11:55:27.003000,32.9,32.85,32.95,21268286.0
2018-01-30 11:55:29.944000,32.9,32.85,32.95,21268286.0
2018-01-30 11:55:33.064000,32.9,32.85,32.95,21268286.0
2018-01-30 11:55:36.220000,32.9,32.85,32.95,21268286.0
2018-01-30 11:55:39.004000,32.9,32.85,32.95,21268286.0
2018-01-30 11:55:41.893000,32.9,32.85,32.95,21268286.0
2018-01-30 11:55:44.974000,32.9,32.85,32.95,21268286.0
2018-01-30 11:55:47.958000,32.9,32.85,32.95,21268286.0
2018-01-30 11:55:51.001000,32.9,32.85,32.95,21268286.0
2018-01-30 11:55:54.134000,32.9,32.85,32.95,21268286.0
2018-01-30 11:55:57.128000,32.9,32.85,32.95,21268286.0
2018-01-30 11:56:00.083000,32.9,32.85,32.95,21268286.0
2018-01-30 11:56:03.011000,32.9,32.9,32.95,21286786.0
2018-01-30 11:56:05.955000,32.9,32.9,32.95,21286786.0
2018-01-30 11:56:08.934000,32.9,32.9,32.95,21286786.0
2018-01-30 11:56:12.038000,32.9,32.9,32.95,21286786.0
2018-01-30 11:56:14.863000,32.9,32.9,32.95,21286786.0
2018-01-30 11:56:17.927000,32.9,32.9,32.95,21286786.0
2018-01-30 11:56:21.066000,32.9,32.9,32.95,21286786.0
2018-01-30 11:56:24.015000,32.9,32.9,32.95,21286786.0
2018-01-30 11:56:26.988000,32.9,32.9,32.95,21286786.0
2018-01-30 11:56:29.997000,32.9,32.9,32.95,21286786.0
2018-01-30 11:56:34.642000,32.9,32.9,32.95,21286786.0
2018-01-30 11:56:37.819000,32.9,32.9,32.95,21286786.0
2018-01-30 11:56:41.036000,32.9,32.9,32.95,21286786.0
2018-01-30 11:56:44.202000,32.9,32.9,32.95,21475786.0
2018-01-30 11:56:47.292000,32.9,32.9,32.95,21475786.0
2018-01-30 11:56:50.692000,32.9,32.9,32.95,21475786.0
2018-01-30 11:56:54.310000,32.9,32.9,32.95,21475786.0
2018-01-30 11:56:57.551000,32.9,32.9,32.95,21475786.0
2018-01-30 11:57:00.699000,32.9,32.9,32.95,21475786.0
2018-01-30 11:57:03.956000,32.9,32.9,32.95,21475786.0
2018-01-30 11:57:07.026000,32.9,32.9,32.95,21475786.0
2018-01-30 11:57:09.836000,32.9,32.9,32.95,21475786.0
2018-01-30 11:57:12.725000,32.9,32.9,32.95,21475786.0
2018-01-30 11:57:15.687000,32.9,32.9,32.95,21652286.0
2018-01-30 11:57:18.664000,32.9,32.9,32.95,21652286.0
2018-01-30 11:57:21.723000,32.9,32.9,32.95,21652286.0
2018-01-30 11:57:24.789000,32.9,32.9,32.95,21652286.0
2018-01-30 11:57:27.790000,32.9,32.9,32.95,21652286.0
2018-01-30 11:57:30.670000,32.9,32.9,32.95,21652286.0
2018-01-30 11:57:33.704000,32.9,32.9,32.95,21652286.0
2018-01-30 11:57:36.480000,32.9,32.9,32.95,21652286.0
2018-01-30 11:57:39.539000,32.9,32.9,32.95,21652286.0
2018-01-30 11:57:42.597000,32.9,32.9,32.95,21652286.0
2018-01-30 11:57:45.486000,32.9,32.9,32.95,21652286.0
2018-01-30 11:57:48.620000,32.9,32.9,32.95,21652286.0
2018-01-30 11:57:51.725000,32.9,32.9,32.95,21652286.0
2018-01-30 11:57:54.759000,32.9,32.9,32.95,21652286.0
2018-01-30 11:57:57.834000,32.9,32.9,32.95,21652286.0
2018-01-30 11:58:01.082000,32.9,32.9,32.95,21724286.0
2018-01-30 11:58:04.172000,32.9,32.9,32.95,21724286.0
2018-01-30 11:58:07.371000,32.9,32.9,32.95,21724286.0
2018-01-30 11:58:10.457000,32.9,32.9,32.95,21724286.0
2018-01-30 11:58:13.318000,32.9,32.9,32.95,21724286.0
2018-01-30 11:58:16.077000,32.9,32.9,32.95,21724286.0
2018-01-30 11:58:18.913000,32.9,32.9,32.95,21724286.0
2018-01-30 11:58:21.788000,32.9,32.9,32.95,21724286.0
2018-01-30 11:58:24.826000,32.9,32.9,32.95,21724286.0
2018-01-30 11:58:27.787000,32.9,32.9,32.95,21724286.0
2018-01-30 11:58:30.668000,32.9,32.9,32.95,21724286.0
2018-01-30 11:58:33.593000,32.9,32.9,32.95,21724286.0
2018-01-30 11:58:36.521000,32.9,32.9,32.95,21724286.0
2018-01-30 11:58:39.549000,32.9,32.9,32.95,21758786.0
2018-01-30 11:58:42.682000,32.9,32.9,32.95,21758786.0
2018-01-30 11:58:45.659000,32.9,32.9,32.95,21758786.0
2018-01-30 11:58:48.611000,32.9,32.9,32.95,21758786.0
2018-01-30 11:58:51.818000,32.9,32.9,32.95,21758786.0
2018-01-30 11:58:54.878000,32.9,32.9,32.95,21758786.0
2018-01-30 11:58:57.914000,32.9,32.9,32.95,21758786.0
2018-01-30 11:59:00.849000,32.9,32.9,32.95,21758786.0
2018-01-30 11:59:03.727000,32.9,32.9,32.95,21758786.0
2018-01-30 11:59:06.599000,32.9,32.9,32.95,21758786.0
2018-01-30 11:59:09.516000,32.9,32.9,32.95,21758786.0
2018-01-30 11:59:12.432000,32.9,32.9,32.95,21758786.0
2018-01-30 11:59:15.478000,32.9,32.9,32.95,21758786.0
2018-01-30 11:59:18.424000,32.9,32.9,32.95,21758786.0
2018-01-30 11:59:21.271000,32.9,32.9,32.95,21758786.0
2018-01-30 11:59:24.181000,32.9,32.9,32.95,21758786.0
2018-01-30 11:59:27.100000,32.9,32.9,32.95,21758786.0
2018-01-30 11:59:30.213000,32.9,32.9,32.95,21758786.0
2018-01-30 11:59:33.277000,32.9,32.9,32.95,21758786.0
2018-01-30 11:59:36.349000,32.9,32.9,32.95,21758786.0
2018-01-30 11:59:39.344000,32.9,32.9,32.95,21758786.0
2018-01-30 11:59:42.289000,32.9,32.9,32.95,21758786.0
2018-01-30 11:59:45.277000,32.95,32.9,32.95,21766786.0
2018-01-30 11:59:48.246000,32.95,32.9,32.95,21766786.0
2018-01-30 11:59:51.158000,32.95,32.9,32.95,21766786.0
2018-01-30 11:59:54.113000,32.95,32.9,32.95,21766786.0
2018-01-30 11:59:57.120000,32.95,32.9,32.95,21766786.0
2018-01-30 12:00:00.133000,32.95,32.9,32.95,21766786.0
2018-01-30 12:00:03.802000,32.95,32.9,32.95,21766786.0
2018-01-30 12:00:06.868000,32.95,32.9,32.95,21766786.0
2018-01-30 12:00:10.545000,32.95,32.9,32.95,21766786.0
2018-01-30 12:00:14.042000,32.95,32.9,32.95,21766786.0
2018-01-30 12:00:17.079000,32.95,32.9,32.95,21766786.0
2018-01-30 12:00:22.180000,32.95,32.9,32.95,21766786.0
2018-01-30 12:00:25.664000,32.95,32.9,32.95,21766786.0
2018-01-30 12:00:28.561000,32.95,32.9,32.95,21766786.0
2018-01-30 12:00:31.640000,32.95,32.9,32.95,21766786.0
2018-01-30 12:00:34.587000,32.95,32.9,32.95,21766786.0
2018-01-30 12:00:37.399000,32.95,32.9,32.95,21766786.0
2018-01-30 12:00:40.228000,32.95,32.9,32.95,21766786.0
2018-01-30 12:00:43.237000,32.95,32.9,32.95,21766786.0
2018-01-30 12:00:46.121000,32.95,32.9,32.95,21766786.0
2018-01-30 12:00:48.934000,32.95,32.9,32.95,21766786.0
2018-01-30 12:00:51.913000,32.95,32.9,32.95,21766786.0
2018-01-30 12:00:54.790000,32.95,32.9,32.95,21766786.0
2018-01-30 12:00:57.714000,32.95,32.9,32.95,21766786.0
2018-01-30 12:01:00.759000,32.95,32.9,32.95,21766786.0
2018-01-30 12:01:04.071000,32.95,32.9,32.95,21766786.0
2018-01-30 12:01:06.963000,32.95,32.9,32.95,21766786.0
2018-01-30 12:01:09.966000,32.95,32.9,32.95,21766786.0
2018-01-30 12:01:12.966000,32.95,32.9,32.95,21766786.0
2018-01-30 12:01:15.962000,32.95,32.9,32.95,21766786.0
2018-01-30 12:01:18.852000,32.95,32.9,32.95,21766786.0
2018-01-30 12:01:21.822000,32.95,32.9,32.95,21766786.0
2018-01-30 12:01:24.726000,32.95,32.9,32.95,21766786.0
2018-01-30 12:01:27.553000,32.95,32.9,32.95,21766786.0
2018-01-30 12:01:30.584000,32.95,32.9,32.95,21766786.0
2018-01-30 12:01:33.464000,32.95,32.9,32.95,21766786.0
2018-01-30 12:01:36.479000,32.95,32.9,32.95,21766786.0
2018-01-30 12:01:39.538000,32.95,32.9,32.95,21766786.0
2018-01-30 12:01:42.639000,32.95,32.9,32.95,21766786.0
2018-01-30 12:01:45.768000,32.95,32.9,32.95,21766786.0
2018-01-30 12:01:48.710000,32.95,32.9,32.95,21766786.0
2018-01-30 12:01:51.605000,32.95,32.9,32.95,21766786.0
2018-01-30 12:01:54.578000,32.95,32.9,32.95,21766786.0
2018-01-30 12:01:57.596000,32.95,32.9,32.95,21766786.0
2018-01-30 12:02:00.459000,32.95,32.9,32.95,21766786.0
2018-01-30 12:02:03.546000,32.95,32.9,32.95,21766786.0
2018-01-30 12:02:06.523000,32.95,32.9,32.95,21766786.0
2018-01-30 12:02:09.494000,32.95,32.9,32.95,21766786.0
2018-01-30 12:02:12.499000,32.95,32.9,32.95,21766786.0
2018-01-30 12:02:15.578000,32.95,32.9,32.95,21766786.0
2018-01-30 12:02:18.541000,32.95,32.9,32.95,21766786.0
2018-01-30 12:02:21.464000,32.95,32.9,32.95,21766786.0
2018-01-30 12:02:24.373000,32.95,32.9,32.95,21766786.0
2018-01-30 12:02:27.684000,32.95,32.9,32.95,21766786.0
2018-01-30 12:02:30.565000,32.95,32.9,32.95,21766786.0
2018-01-30 12:02:33.372000,32.95,32.9,32.95,21766786.0
2018-01-30 12:02:36.395000,32.95,32.9,32.95,21766786.0
2018-01-30 12:02:39.368000,32.95,32.9,32.95,21766786.0
2018-01-30 12:02:42.275000,32.95,32.9,32.95,21766786.0
2018-01-30 12:02:45.216000,32.95,32.9,32.95,21766786.0
2018-01-30 12:02:48.014000,32.95,32.9,32.95,21766786.0
2018-01-30 12:02:51.099000,32.95,32.9,32.95,21766786.0
2018-01-30 12:02:54.061000,32.95,32.9,32.95,21766786.0
2018-01-30 12:02:56.969000,32.95,32.9,32.95,21766786.0
2018-01-30 12:03:00.058000,32.95,32.9,32.95,21766786.0
2018-01-30 12:03:03.177000,32.95,32.9,32.95,21766786.0
2018-01-30 12:03:06.177000,32.95,32.9,32.95,21766786.0
2018-01-30 12:03:09.024000,32.95,32.9,32.95,21766786.0
2018-01-30 12:03:11.951000,32.95,32.9,32.95,21766786.0
2018-01-30 12:03:14.970000,32.95,32.9,32.95,21766786.0
2018-01-30 12:03:17.939000,32.95,32.9,32.95,21766786.0
2018-01-30 12:03:21.383000,32.95,32.9,32.95,21766786.0
2018-01-30 12:03:24.329000,32.95,32.9,32.95,21766786.0
2018-01-30 12:03:27.179000,32.95,32.9,32.95,21766786.0
2018-01-30 12:03:30.118000,32.95,32.9,32.95,21766786.0
2018-01-30 12:03:33.168000,32.95,32.9,32.95,21766786.0
2018-01-30 12:03:36.112000,32.95,32.9,32.95,21766786.0
2018-01-30 12:03:38.949000,32.95,32.9,32.95,21766786.0
2018-01-30 12:03:41.809000,32.95,32.9,32.95,21766786.0
2018-01-30 12:03:44.881000,32.95,32.9,32.95,21766786.0
2018-01-30 12:03:47.807000,32.95,32.9,32.95,21766786.0
