time,price,bid,ask,volume
2018-01-03 13:01:54.195000,5.36,5.35,5.37,3295400.0
2018-01-03 13:01:58.172000,5.36,5.35,5.37,3295400.0
2018-01-03 13:02:01.342000,5.36,5.35,5.37,3295400.0
2018-01-03 13:02:05.398000,5.36,5.35,5.37,3295400.0
2018-01-03 13:02:10.288000,5.36,5.35,5.37,3295400.0
2018-01-03 13:02:15.481000,5.36,5.35,5.37,3295400.0
2018-01-03 13:02:19.464000,5.36,5.35,5.37,3295400.0
2018-01-03 13:02:23.347000,5.36,5.35,5.37,3295400.0
2018-01-03 13:02:27.137000,5.36,5.35,5.37,3295400.0
2018-01-03 13:02:30.877000,5.36,5.35,5.37,3295400.0
2018-01-03 13:02:34.551000,5.36,5.35,5.37,3295400.0
2018-01-03 13:02:38.538000,5.36,5.35,5.37,3295400.0
2018-01-03 13:02:41.867000,5.36,5.35,5.37,3295400.0
2018-01-03 13:02:45.710000,5.36,5.35,5.37,3295400.0
2018-01-03 13:02:49.575000,5.36,5.35,5.37,3295400.0
2018-01-03 13:02:52.581000,5.36,5.35,5.37,3295400.0
2018-01-03 13:02:56.242000,5.36,5.35,5.37,3295400.0
2018-01-03 13:03:00.402000,5.36,5.35,5.37,3295400.0
2018-01-03 13:03:04.371000,5.36,5.35,5.37,3295400.0
2018-01-03 13:03:09.275000,5.36,5.35,5.37,3295400.0
2018-01-03 13:03:12.805000,5.36,5.35,5.37,3295400.0
2018-01-03 13:03:16.593000,5.36,5.35,5.37,3295400.0
2018-01-03 13:03:21.419000,5.36,5.35,5.37,3295400.0
2018-01-03 13:03:25.073000,5.36,5.35,5.37,3295400.0
2018-01-03 13:03:28.411000,5.36,5.35,5.37,3295400.0
2018-01-03 13:03:32.993000,5.35,5.35,5.36,3302400.0
2018-01-03 13:03:36.603000,5.35,5.35,5.36,3302400.0
2018-01-03 13:03:39.757000,5.35,5.35,5.36,3302400.0
2018-01-03 13:03:43.410000,5.35,5.35,5.36,3302400.0
2018-01-03 13:03:47.292000,5.35,5.35,5.36,3302400.0
2018-01-03 13:03:51.217000,5.35,5.35,5.36,3302400.0
2018-01-03 13:03:55.169000,5.35,5.35,5.36,3302400.0
2018-01-03 13:03:58.827000,5.35,5.35,5.36,3302400.0
2018-01-03 13:04:02.410000,5.35,5.35,5.36,3302400.0
2018-01-03 13:04:06.091000,5.35,5.35,5.36,3302400.0
2018-01-03 13:04:13.387000,5.35,5.35,5.36,3302400.0
2018-01-03 13:04:17.079000,5.36,5.36,5.37,3302400.0
2018-01-03 13:04:20.950000,5.36,5.36,5.37,3302400.0
2018-01-03 13:04:24.917000,5.36,5.36,5.37,3302400.0
2018-01-03 13:04:29.219000,5.35,5.35,5.37,3302400.0
2018-01-03 13:04:33.341000,5.35,5.35,5.37,3302400.0
2018-01-03 13:04:36.955000,5.35,5.35,5.37,3302400.0
2018-01-03 13:04:40.194000,5.35,5.35,5.37,3302400.0
2018-01-03 13:04:44.272000,5.35,5.35,5.37,3302400.0
2018-01-03 13:04:47.770000,5.35,5.35,5.37,3302400.0
2018-01-03 13:04:51.582000,5.36,5.36,5.37,3302400.0
2018-01-03 13:04:55.402000,5.36,5.36,5.37,3302400.0
2018-01-03 13:04:58.838000,5.36,5.36,5.37,3302400.0
2018-01-03 13:05:02.639000,5.36,5.36,5.37,3302400.0
2018-01-03 13:05:06.347000,5.36,5.36,5.37,3302400.0
2018-01-03 13:05:10.295000,5.36,5.36,5.37,3302400.0
2018-01-03 13:05:16.403000,5.36,5.36,5.37,3302400.0
2018-01-03 13:05:20.705000,5.36,5.36,5.37,3302400.0
2018-01-03 13:05:24.423000,5.36,5.36,5.37,3302400.0
2018-01-03 13:05:28.164000,5.36,5.36,5.37,3302400.0
2018-01-03 13:05:31.681000,5.35,5.35,5.37,3302400.0
2018-01-03 13:05:34.858000,5.35,5.35,5.37,3302400.0
2018-01-03 13:05:38.475000,5.35,5.35,5.37,3302400.0
2018-01-03 13:05:42.501000,5.35,5.35,5.37,3302400.0
2018-01-03 13:05:45.972000,5.35,5.35,5.37,3302400.0
2018-01-03 13:05:49.958000,5.35,5.35,5.37,3302400.0
2018-01-03 13:05:54.043000,5.35,5.35,5.37,3302400.0
2018-01-03 13:05:57.783000,5.35,5.35,5.37,3302400.0
2018-01-03 13:06:01.631000,5.35,5.35,5.37,3302400.0
2018-01-03 13:06:08.086000,5.35,5.35,5.37,3302400.0
2018-01-03 13:06:15.075000,5.35,5.35,5.37,3302400.0
2018-01-03 13:06:18.858000,5.35,5.35,5.37,3302400.0
2018-01-03 13:06:22.962000,5.35,5.35,5.37,3302400.0
2018-01-03 13:06:26.374000,5.35,5.35,5.37,3302400.0
2018-01-03 13:06:29.340000,5.35,5.35,5.37,3302400.0
2018-01-03 13:06:32.767000,5.35,5.35,5.37,3302400.0
2018-01-03 13:06:36.981000,5.35,5.35,5.37,3302400.0
2018-01-03 13:06:40.692000,5.35,5.35,5.37,3302400.0
2018-01-03 13:06:43.747000,5.35,5.35,5.37,3302400.0
2018-01-03 13:06:47.610000,5.35,5.35,5.37,3302400.0
2018-01-03 13:06:51.129000,5.35,5.35,5.37,3302400.0
2018-01-03 13:06:54.827000,5.35,5.35,5.37,3302400.0
2018-01-03 13:06:58.066000,5.35,5.35,5.37,3302400.0
2018-01-03 13:07:01.058000,5.35,5.35,5.37,3302400.0
2018-01-03 13:07:04.748000,5.35,5.35,5.37,3302400.0
2018-01-03 13:07:08.056000,5.35,5.35,5.37,3302400.0
2018-01-03 13:07:13.166000,5.35,5.35,5.37,3302400.0
2018-01-03 13:07:16.358000,5.35,5.35,5.37,3302400.0
2018-01-03 13:07:19.756000,5.35,5.35,5.37,3302400.0
2018-01-03 13:07:23.728000,5.35,5.35,5.37,3302400.0
2018-01-03 13:07:27.006000,5.35,5.35,5.37,3302400.0
2018-01-03 13:07:30.092000,5.35,5.35,5.37,3302400.0
2018-01-03 13:07:33.109000,5.35,5.35,5.37,3302400.0
2018-01-03 13:07:36.943000,5.35,5.35,5.37,3302400.0
2018-01-03 13:07:40.724000,5.35,5.35,5.37,3302400.0
2018-01-03 13:07:43.975000,5.35,5.35,5.37,3302400.0
2018-01-03 13:07:48.042000,5.35,5.35,5.37,3302400.0
2018-01-03 13:07:51.897000,5.35,5.35,5.37,3302400.0
2018-01-03 13:07:55.355000,5.35,5.35,5.37,3302400.0
2018-01-03 13:07:59.283000,5.35,5.35,5.37,3302400.0
2018-01-03 13:08:03.237000,5.35,5.35,5.37,3302400.0
2018-01-03 13:08:07.208000,5.35,5.35,5.37,3302400.0
2018-01-03 13:08:11.218000,5.35,5.35,5.37,3302400.0
2018-01-03 13:08:15.856000,5.35,5.35,5.37,3302400.0
2018-01-03 13:08:19.870000,5.35,5.35,5.37,3302400.0
2018-01-03 13:08:23.309000,5.35,5.35,5.37,3302400.0
2018-01-03 13:08:26.534000,5.35,5.35,5.37,3302400.0
2018-01-03 13:08:30.309000,5.35,5.35,5.37,3302400.0
2018-01-03 13:08:34.086000,5.35,5.35,5.37,3302400.0
2018-01-03 13:08:37.754000,5.35,5.35,5.37,3302400.0
2018-01-03 13:08:41.378000,5.35,5.35,5.37,3302400.0
2018-01-03 13:08:45.201000,5.35,5.35,5.37,3302400.0
2018-01-03 13:08:48.812000,5.35,5.35,5.37,3302400.0
2018-01-03 13:08:52.421000,5.35,5.35,5.37,3302400.0
2018-01-03 13:08:56.147000,5.35,5.35,5.37,3302400.0
2018-01-03 13:08:59.830000,5.35,5.35,5.37,3302400.0
2018-01-03 13:09:02.759000,5.36,5.36,5.37,3302400.0
2018-01-03 13:09:06.710000,5.36,5.36,5.37,3302400.0
2018-01-03 13:09:09.572000,5.36,5.36,5.37,3302400.0
2018-01-03 13:09:13.292000,5.36,5.36,5.37,3302400.0
2018-01-03 13:09:17.508000,5.36,5.36,5.37,3302400.0
2018-01-03 13:09:20.742000,5.36,5.36,5.37,3302400.0
2018-01-03 13:09:24.670000,5.36,5.36,5.37,3302400.0
2018-01-03 13:09:28.586000,5.36,5.36,5.37,3302400.0
2018-01-03 13:09:31.638000,5.36,5.36,5.37,3302400.0
2018-01-03 13:09:35.288000,5.36,5.36,5.37,3302400.0
2018-01-03 13:09:38.243000,5.36,5.36,5.37,3302400.0
2018-01-03 13:09:41.600000,5.36,5.36,5.37,3302400.0
2018-01-03 13:09:45.530000,5.35,5.35,5.37,3302400.0
2018-01-03 13:09:49.487000,5.35,5.35,5.37,3302400.0
2018-01-03 13:09:53.452000,5.35,5.35,5.37,3302400.0
2018-01-03 13:09:56.747000,5.36,5.36,5.37,3302400.0
2018-01-03 13:10:00.832000,5.36,5.36,5.37,3302400.0
2018-01-03 13:10:03.562000,5.36,5.36,5.37,3302400.0
2018-01-03 13:10:06.688000,5.36,5.36,5.37,3302400.0
2018-01-03 13:10:10.457000,5.36,5.36,5.37,3302400.0
2018-01-03 13:10:14.785000,5.36,5.36,5.37,3302400.0
2018-01-03 13:10:17.703000,5.36,5.36,5.37,3302400.0
2018-01-03 13:10:21.130000,5.36,5.36,5.37,3302400.0
2018-01-03 13:10:25.184000,5.36,5.36,5.37,3302400.0
2018-01-03 13:10:29.028000,5.36,5.36,5.37,3302400.0
2018-01-03 13:10:32.782000,5.36,5.36,5.37,3302400.0
2018-01-03 13:10:37.717000,5.36,5.36,5.37,3302400.0
2018-01-03 13:10:41.008000,5.36,5.36,5.37,3302400.0
2018-01-03 13:10:44.221000,5.36,5.36,5.37,3302400.0
2018-01-03 13:10:47.178000,5.36,5.36,5.37,3302400.0
2018-01-03 13:10:51.331000,5.36,5.35,5.37,3312400.0
2018-01-03 13:10:55.420000,5.36,5.35,5.37,3312400.0
2018-01-03 13:10:58.958000,5.36,5.35,5.37,3312400.0
2018-01-03 13:11:02.925000,5.36,5.35,5.37,3312400.0
2018-01-03 13:11:06.049000,5.36,5.35,5.37,3312400.0
2018-01-03 13:11:09.292000,5.36,5.35,5.37,3312400.0
2018-01-03 13:11:14.990000,5.36,5.35,5.37,3312400.0
2018-01-03 13:11:18.099000,5.36,5.35,5.37,3312400.0
2018-01-03 13:11:23.086000,5.36,5.35,5.37,3312400.0
2018-01-03 13:11:27.007000,5.36,5.35,5.37,3312400.0
2018-01-03 13:11:30.830000,5.36,5.35,5.37,3312400.0
2018-01-03 13:11:35.082000,5.36,5.35,5.37,3312400.0
2018-01-03 13:11:38.696000,5.36,5.35,5.37,3312400.0
2018-01-03 13:11:42.574000,5.36,5.35,5.37,3312400.0
2018-01-03 13:11:46.178000,5.36,5.35,5.37,3312400.0
2018-01-03 13:11:49.433000,5.36,5.35,5.37,3312400.0
2018-01-03 13:11:52.797000,5.36,5.35,5.37,3312400.0
2018-01-03 13:11:55.823000,5.36,5.35,5.37,3312400.0
2018-01-03 13:11:59.440000,5.36,5.35,5.37,3312400.0
2018-01-03 13:12:03.223000,5.36,5.35,5.37,3312400.0
2018-01-03 13:12:07.453000,5.36,5.35,5.37,3312400.0
2018-01-03 13:12:10.972000,5.36,5.35,5.37,3312400.0
2018-01-03 13:12:14.577000,5.36,5.35,5.37,3312400.0
2018-01-03 13:12:18.231000,5.36,5.35,5.37,3312400.0
2018-01-03 13:12:22.381000,5.36,5.35,5.37,3312400.0
2018-01-03 13:12:26.438000,5.36,5.35,5.37,3312400.0
2018-01-03 13:12:30.051000,5.36,5.35,5.37,3312400.0
2018-01-03 13:12:33.853000,5.36,5.36,5.37,3353400.0
2018-01-03 13:12:37.678000,5.36,5.36,5.37,3353400.0
2018-01-03 13:12:40.900000,5.36,5.36,5.37,3353400.0
2018-01-03 13:12:44.384000,5.36,5.36,5.37,3353400.0
2018-01-03 13:12:47.504000,5.36,5.36,5.37,3353400.0
2018-01-03 13:12:50.741000,5.36,5.36,5.37,3353400.0
2018-01-03 13:12:54.692000,5.36,5.36,5.37,3353400.0
2018-01-03 13:12:58.727000,5.36,5.36,5.37,3353400.0
2018-01-03 13:13:01.597000,5.36,5.36,5.37,3353400.0
2018-01-03 13:13:05.051000,5.36,5.36,5.37,3353400.0
2018-01-03 13:13:09.130000,5.36,5.36,5.37,3353400.0
2018-01-03 13:13:13.986000,5.36,5.36,5.37,3353400.0
2018-01-03 13:13:18.127000,5.36,5.36,5.37,3353400.0
2018-01-03 13:13:22.082000,5.36,5.36,5.37,3353400.0
2018-01-03 13:13:25.352000,5.36,5.36,5.37,3353400.0
2018-01-03 13:13:28.980000,5.36,5.36,5.37,3353400.0
2018-01-03 13:13:32.593000,5.36,5.36,5.37,3353400.0
2018-01-03 13:13:35.709000,5.36,5.36,5.37,3353400.0
2018-01-03 13:13:39.781000,5.36,5.36,5.37,3353400.0
2018-01-03 13:13:43.855000,5.36,5.36,5.37,3353400.0
2018-01-03 13:13:47.283000,5.36,5.36,5.37,3353400.0
2018-01-03 13:13:51.237000,5.36,5.35,5.37,3353400.0
2018-01-03 13:13:55.269000,5.36,5.35,5.37,3353400.0
2018-01-03 13:13:59.049000,5.36,5.35,5.37,3353400.0
2018-01-03 13:14:02.483000,5.36,5.35,5.37,3353400.0
2018-01-03 13:14:06.653000,5.36,5.35,5.37,3353400.0
2018-01-03 13:14:12.428000,5.36,5.35,5.37,3353400.0
2018-01-03 13:14:16.134000,5.36,5.35,5.37,3353400.0
2018-01-03 13:14:19.876000,5.36,5.35,5.37,3353400.0
2018-01-03 13:14:23.454000,5.36,5.35,5.37,3353400.0
2018-01-03 13:14:26.554000,5.36,5.35,5.37,3353400.0
2018-01-03 13:14:29.976000,5.36,5.35,5.37,3353400.0
2018-01-03 13:14:33.934000,5.36,5.35,5.37,3353400.0
2018-01-03 13:14:37.687000,5.36,5.35,5.37,3353400.0
2018-01-03 13:14:41.405000,5.36,5.35,5.37,3353400.0
2018-01-03 13:14:45.806000,5.36,5.35,5.37,3353400.0
2018-01-03 13:14:49.113000,5.36,5.35,5.37,3353400.0
2018-01-03 13:14:52.768000,5.36,5.35,5.37,3353400.0
2018-01-03 13:14:56.643000,5.36,5.35,5.37,3353400.0
2018-01-03 13:15:00.813000,5.36,5.35,5.37,3353400.0
2018-01-03 13:15:04.912000,5.36,5.35,5.37,3353400.0
2018-01-03 13:15:07.571000,5.36,5.35,5.37,3353400.0
2018-01-03 13:15:13.317000,5.36,5.35,5.37,3353400.0
2018-01-03 13:15:16.998000,5.36,5.35,5.37,3353400.0
2018-01-03 13:15:20.697000,5.36,5.35,5.37,3353400.0
2018-01-03 13:15:24.689000,5.36,5.35,5.37,3353400.0
2018-01-03 13:15:28.475000,5.36,5.35,5.37,3353400.0
2018-01-03 13:15:31.234000,5.36,5.35,5.37,3353400.0
2018-01-03 13:15:34.473000,5.36,5.35,5.37,3353400.0
2018-01-03 13:15:38.369000,5.36,5.35,5.37,3353400.0
2018-01-03 13:15:42.174000,5.36,5.35,5.36,3362600.0
2018-01-03 13:15:45.985000,5.36,5.35,5.36,3362600.0
2018-01-03 13:15:49.890000,5.36,5.35,5.36,3362600.0
2018-01-03 13:15:53.355000,5.36,5.35,5.36,3362600.0
2018-01-03 13:15:57.238000,5.36,5.35,5.36,3362600.0
2018-01-03 13:16:00.460000,5.36,5.35,5.36,3362600.0
2018-01-03 13:16:04.034000,5.36,5.35,5.36,3362600.0
2018-01-03 13:16:07.022000,5.36,5.35,5.36,3362600.0
2018-01-03 13:16:12.071000,5.36,5.35,5.36,3362600.0
2018-01-03 13:16:15.472000,5.36,5.35,5.36,3362600.0
2018-01-03 13:16:18.785000,5.36,5.35,5.36,3362600.0
2018-01-03 13:16:22.664000,5.36,5.35,5.36,3362600.0
2018-01-03 13:16:26.557000,5.36,5.35,5.36,3362600.0
2018-01-03 13:16:30.258000,5.36,5.35,5.36,3362600.0
2018-01-03 13:16:33.879000,5.36,5.35,5.36,3362600.0
2018-01-03 13:16:37.216000,5.36,5.35,5.36,3362600.0
2018-01-03 13:16:40.657000,5.36,5.35,5.36,3362600.0
2018-01-03 13:16:43.820000,5.36,5.35,5.36,3362600.0
2018-01-03 13:16:47.394000,5.36,5.35,5.36,3362600.0
2018-01-03 13:16:50.980000,5.36,5.35,5.36,3362600.0
2018-01-03 13:16:54.514000,5.36,5.35,5.36,3362600.0
2018-01-03 13:16:58.517000,5.36,5.35,5.36,3362600.0
2018-01-03 13:17:02.230000,5.36,5.35,5.36,3362600.0
2018-01-03 13:17:05.992000,5.36,5.35,5.36,3362600.0
2018-01-03 13:17:13.486000,5.36,5.35,5.36,3362600.0
2018-01-03 13:17:17.235000,5.36,5.35,5.36,3362600.0
2018-01-03 13:17:20.130000,5.36,5.35,5.36,3362600.0
2018-01-03 13:17:23.949000,5.36,5.35,5.36,3362600.0
2018-01-03 13:17:27.967000,5.36,5.35,5.36,3362600.0
2018-01-03 13:17:31.203000,5.36,5.35,5.36,3362600.0
2018-01-03 13:17:34.668000,5.36,5.35,5.36,3362600.0
2018-01-03 13:17:38.331000,5.36,5.35,5.36,3362600.0
2018-01-03 13:17:42.244000,5.36,5.35,5.36,3362600.0
2018-01-03 13:17:45.899000,5.36,5.35,5.36,3362600.0
2018-01-03 13:17:49.589000,5.36,5.35,5.36,3362600.0
2018-01-03 13:17:52.953000,5.36,5.35,5.36,3362600.0
2018-01-03 13:17:56.617000,5.36,5.35,5.36,3362600.0
2018-01-03 13:18:00.336000,5.36,5.35,5.36,3362600.0
2018-01-03 13:18:04.278000,5.36,5.35,5.37,3362600.0
2018-01-03 13:18:07.081000,5.36,5.35,5.37,3362600.0
2018-01-03 13:18:11.866000,5.36,5.35,5.37,3362600.0
2018-01-03 13:18:15.700000,5.36,5.35,5.37,3362600.0
2018-01-03 13:18:19.328000,5.36,5.35,5.37,3362600.0
2018-01-03 13:18:22.572000,5.36,5.35,5.37,3362600.0
2018-01-03 13:18:26.454000,5.36,5.35,5.37,3362600.0
2018-01-03 13:18:30.226000,5.36,5.35,5.37,3362600.0
2018-01-03 13:18:33.805000,5.36,5.35,5.37,3362600.0
2018-01-03 13:18:37.442000,5.36,5.35,5.37,3362600.0
2018-01-03 13:18:41.456000,5.36,5.35,5.37,3362600.0
2018-01-03 13:18:45.101000,5.36,5.35,5.37,3362600.0
2018-01-03 13:18:48.792000,5.36,5.35,5.37,3362600.0
2018-01-03 13:18:52.843000,5.36,5.35,5.37,3362600.0
2018-01-03 13:18:56.398000,5.36,5.35,5.37,3362600.0
2018-01-03 13:18:59.436000,5.36,5.35,5.37,3362600.0
2018-01-03 13:19:03.361000,5.36,5.35,5.37,3362600.0
2018-01-03 13:19:08.619000,5.36,5.35,5.37,3362600.0
2018-01-03 13:19:15.345000,5.36,5.35,5.37,3362600.0
2018-01-03 13:19:19.097000,5.36,5.35,5.37,3362600.0
2018-01-03 13:19:22.899000,5.36,5.35,5.37,3362600.0
2018-01-03 13:19:26.367000,5.36,5.35,5.37,3362600.0
2018-01-03 13:19:29.910000,5.36,5.35,5.37,3362600.0
2018-01-03 13:19:33.033000,5.36,5.35,5.37,3362600.0
2018-01-03 13:19:36.589000,5.36,5.35,5.37,3362600.0
2018-01-03 13:19:39.810000,5.36,5.35,5.37,3362600.0
2018-01-03 13:19:43.352000,5.36,5.35,5.37,3362600.0
2018-01-03 13:19:47.212000,5.36,5.35,5.37,3362600.0
2018-01-03 13:19:50.982000,5.36,5.35,5.37,3362600.0
2018-01-03 13:19:54.574000,5.36,5.35,5.37,3362600.0
2018-01-03 13:19:57.885000,5.36,5.35,5.37,3362600.0
2018-01-03 13:20:01.441000,5.36,5.35,5.37,3362600.0
2018-01-03 13:20:05.643000,5.36,5.35,5.37,3362600.0
2018-01-03 13:20:09.618000,5.36,5.35,5.37,3362600.0
2018-01-03 13:20:14.559000,5.36,5.35,5.37,3362600.0
2018-01-03 13:20:18.055000,5.36,5.35,5.37,3362600.0
2018-01-03 13:20:21.205000,5.36,5.35,5.37,3362600.0
2018-01-03 13:20:24.871000,5.36,5.35,5.37,3362600.0
2018-01-03 13:20:28.364000,5.36,5.35,5.37,3362600.0
2018-01-03 13:20:45.464000,5.36,5.35,5.37,3362600.0
2018-01-03 13:20:49.466000,5.36,5.35,5.37,3362600.0
2018-01-03 13:20:53.452000,5.36,5.35,5.37,3362600.0
2018-01-03 13:20:57.277000,5.36,5.35,5.37,3362600.0
2018-01-03 13:21:01.142000,5.36,5.35,5.37,3362600.0
2018-01-03 13:21:04.720000,5.36,5.35,5.37,3362600.0
2018-01-03 13:21:08.889000,5.36,5.35,5.37,3362600.0
2018-01-03 13:21:15.534000,5.36,5.35,5.37,3362600.0
2018-01-03 13:21:19.200000,5.36,5.35,5.37,3362600.0
2018-01-03 13:21:22.539000,5.36,5.35,5.37,3362600.0
2018-01-03 13:21:25.308000,5.36,5.35,5.37,3362600.0
2018-01-03 13:21:28.957000,5.36,5.35,5.37,3362600.0
2018-01-03 13:21:31.951000,5.36,5.35,5.37,3362600.0
2018-01-03 13:21:35.684000,5.36,5.35,5.37,3362600.0
2018-01-03 13:21:38.880000,5.36,5.35,5.37,3362600.0
2018-01-03 13:21:42.656000,5.36,5.35,5.37,3362600.0
2018-01-03 13:21:45.997000,5.36,5.35,5.37,3362600.0
2018-01-03 13:21:49.779000,5.36,5.35,5.37,3362600.0
2018-01-03 13:21:53.200000,5.36,5.35,5.37,3362600.0
2018-01-03 13:21:56.794000,5.36,5.35,5.37,3362600.0
2018-01-03 13:21:59.784000,5.36,5.35,5.37,3362600.0
2018-01-03 13:22:03.094000,5.36,5.35,5.37,3362600.0
2018-01-03 13:22:05.528000,5.36,5.35,5.37,3362600.0
2018-01-03 13:22:09.011000,5.36,5.35,5.37,3362600.0
2018-01-03 13:22:12.758000,5.36,5.35,5.37,3362600.0
2018-01-03 13:22:17.473000,5.36,5.35,5.37,3362600.0
2018-01-03 13:22:22.569000,5.36,5.35,5.37,3362600.0
2018-01-03 13:22:26.272000,5.36,5.35,5.37,3362600.0
2018-01-03 13:22:29.690000,5.36,5.35,5.37,3362600.0
2018-01-03 13:22:32.926000,5.36,5.35,5.37,3362600.0
2018-01-03 13:22:36.473000,5.36,5.35,5.37,3362600.0
2018-01-03 13:22:39.892000,5.36,5.35,5.37,3362600.0
2018-01-03 13:22:43.792000,5.36,5.35,5.37,3362600.0
2018-01-03 13:22:47.748000,5.36,5.35,5.37,3362600.0
2018-01-03 13:22:51.085000,5.36,5.35,5.37,3362600.0
2018-01-03 13:22:55.107000,5.36,5.35,5.37,3362600.0
2018-01-03 13:22:58.523000,5.36,5.35,5.37,3362600.0
2018-01-03 13:23:02.282000,5.36,5.35,5.37,3362600.0
2018-01-03 13:23:08.032000,5.36,5.36,5.37,3362600.0
2018-01-03 13:23:13.577000,5.36,5.36,5.37,3362600.0
2018-01-03 13:23:17.466000,5.36,5.36,5.37,3362600.0
2018-01-03 13:23:20.430000,5.36,5.36,5.37,3362600.0
2018-01-03 13:23:23.936000,5.36,5.36,5.37,3362600.0
2018-01-03 13:23:27.918000,5.36,5.36,5.37,3362600.0
2018-01-03 13:23:31.059000,5.36,5.36,5.37,3362600.0
2018-01-03 13:23:34.261000,5.36,5.36,5.37,3362600.0
2018-01-03 13:23:37.359000,5.36,5.36,5.37,3362600.0
2018-01-03 13:23:41.587000,5.36,5.36,5.37,3362600.0
2018-01-03 13:23:44.655000,5.36,5.36,5.37,3362600.0
2018-01-03 13:23:48.413000,5.36,5.36,5.37,3362600.0
2018-01-03 13:23:52.561000,5.36,5.36,5.37,3362600.0
2018-01-03 13:23:56.498000,5.36,5.36,5.37,3362600.0
2018-01-03 13:23:59.904000,5.36,5.36,5.37,3362600.0
2018-01-03 13:24:03.800000,5.36,5.36,5.37,3362600.0
2018-01-03 13:24:10.953000,5.36,5.36,5.37,3362600.0
2018-01-03 13:24:14.697000,5.36,5.36,5.37,3362600.0
2018-01-03 13:24:18.229000,5.36,5.36,5.37,3362600.0
2018-01-03 13:24:21.975000,5.36,5.36,5.37,3362600.0
2018-01-03 13:24:25.120000,5.36,5.36,5.37,3362600.0
2018-01-03 13:24:28.364000,5.36,5.36,5.37,3362600.0
2018-01-03 13:24:31.595000,5.36,5.36,5.37,3362600.0
2018-01-03 13:24:35.575000,5.36,5.36,5.37,3362600.0
2018-01-03 13:24:38.786000,5.36,5.36,5.37,3362600.0
2018-01-03 13:24:42.605000,5.36,5.36,5.37,3362600.0
2018-01-03 13:24:46.327000,5.36,5.36,5.37,3362600.0
2018-01-03 13:24:49.983000,5.36,5.36,5.37,3362600.0
2018-01-03 13:24:53.714000,5.36,5.36,5.37,3362600.0
2018-01-03 13:24:56.446000,5.36,5.36,5.37,3362600.0
2018-01-03 13:25:00.387000,5.36,5.36,5.37,3362600.0
2018-01-03 13:25:04.800000,5.36,5.36,5.37,3362600.0
2018-01-03 13:25:07.883000,5.36,5.36,5.37,3362600.0
2018-01-03 13:25:13.343000,5.36,5.36,5.37,3362600.0
2018-01-03 13:25:16.468000,5.36,5.36,5.37,3362600.0
2018-01-03 13:25:19.071000,5.36,5.36,5.37,3362600.0
2018-01-03 13:25:22.656000,5.36,5.36,5.37,3362600.0
2018-01-03 13:25:25.565000,5.36,5.36,5.37,3362600.0
2018-01-03 13:25:29.038000,5.36,5.36,5.37,3362600.0
2018-01-03 13:25:32.896000,5.36,5.36,5.37,3362600.0
2018-01-03 13:25:36.140000,5.36,5.36,5.37,3362600.0
2018-01-03 13:25:40.178000,5.36,5.36,5.37,3362600.0
2018-01-03 13:25:43.250000,5.36,5.36,5.37,3362600.0
2018-01-03 13:25:46.216000,5.36,5.36,5.37,3362600.0
2018-01-03 13:25:49.838000,5.36,5.36,5.37,3362600.0
2018-01-03 13:25:53.604000,5.36,5.36,5.37,3362600.0
2018-01-03 13:25:57.250000,5.36,5.36,5.37,3362600.0
2018-01-03 13:26:00.519000,5.36,5.36,5.37,3362600.0
2018-01-03 13:26:03.640000,5.36,5.36,5.37,3362600.0
2018-01-03 13:26:07.354000,5.36,5.36,5.37,3362600.0
2018-01-03 13:26:13.097000,5.36,5.36,5.37,3362600.0
2018-01-03 13:26:16.757000,5.36,5.36,5.37,3362600.0
2018-01-03 13:26:20.463000,5.36,5.36,5.37,3362600.0
2018-01-03 13:26:23.610000,5.36,5.36,5.37,3362600.0
2018-01-03 13:26:27.192000,5.36,5.36,5.37,3362600.0
2018-01-03 13:26:35.751000,5.36,5.36,5.37,3362600.0
2018-01-03 13:26:39.200000,5.36,5.36,5.37,3362600.0
2018-01-03 13:26:42.937000,5.36,5.36,5.37,3362600.0
2018-01-03 13:26:47.124000,5.36,5.36,5.37,3362600.0
2018-01-03 13:26:50.754000,5.36,5.36,5.37,3362600.0
2018-01-03 13:26:54.552000,5.36,5.36,5.37,3362600.0
2018-01-03 13:26:57.981000,5.36,5.36,5.37,3362600.0
2018-01-03 13:27:01.471000,5.36,5.36,5.37,3362600.0
2018-01-03 13:27:05.518000,5.36,5.36,5.37,3362600.0
2018-01-03 13:27:10.968000,5.36,5.36,5.37,3362600.0
2018-01-03 13:27:14.398000,5.36,5.36,5.37,3362600.0
2018-01-03 13:27:19.601000,5.36,5.36,5.37,3362600.0
2018-01-03 13:27:23.465000,5.36,5.36,5.37,3362600.0
2018-01-03 13:27:26.566000,5.36,5.36,5.37,3362600.0
2018-01-03 13:27:30.503000,5.36,5.36,5.37,3362600.0
2018-01-03 13:27:33.689000,5.36,5.36,5.37,3362600.0
2018-01-03 13:27:36.879000,5.36,5.36,5.37,3362600.0
2018-01-03 13:27:40.595000,5.36,5.36,5.37,3362600.0
2018-01-03 13:27:43.965000,5.36,5.36,5.37,3362600.0
2018-01-03 13:27:47.876000,5.36,5.36,5.37,3362600.0
2018-01-03 13:27:51.275000,5.36,5.36,5.37,3362600.0
2018-01-03 13:27:54.633000,5.36,5.36,5.37,3362600.0
2018-01-03 13:27:58.687000,5.36,5.36,5.37,3362600.0
2018-01-03 13:28:02.481000,5.36,5.36,5.37,3362600.0
2018-01-03 13:28:05.980000,5.36,5.36,5.37,3362600.0
2018-01-03 13:28:12.017000,5.36,5.36,5.37,3362600.0
2018-01-03 13:28:15.723000,5.36,5.36,5.37,3362600.0
2018-01-03 13:28:19.173000,5.36,5.36,5.37,3362600.0
2018-01-03 13:28:22.551000,5.36,5.36,5.37,3362600.0
2018-01-03 13:28:26.428000,5.36,5.36,5.37,3362600.0
2018-01-03 13:28:30.338000,5.36,5.36,5.37,3362600.0
2018-01-03 13:28:33.946000,5.36,5.36,5.37,3362600.0
2018-01-03 13:28:36.987000,5.36,5.36,5.37,3362600.0
2018-01-03 13:28:40.741000,5.36,5.36,5.37,3362600.0
2018-01-03 13:28:43.633000,5.36,5.36,5.37,3362600.0
2018-01-03 13:28:47.135000,5.36,5.36,5.37,3362600.0
2018-01-03 13:28:50.807000,5.36,5.36,5.37,3362600.0
2018-01-03 13:28:54.230000,5.36,5.36,5.37,3362600.0
2018-01-03 13:28:58.318000,5.36,5.36,5.37,3362600.0
2018-01-03 13:29:01.674000,5.36,5.36,5.37,3362600.0
2018-01-03 13:29:04.923000,5.36,5.36,5.37,3362600.0
2018-01-03 13:29:11.746000,5.36,5.36,5.37,3362600.0
2018-01-03 13:29:14.838000,5.36,5.36,5.37,3362600.0
2018-01-03 13:29:20.877000,5.36,5.36,5.37,3362600.0
2018-01-03 13:29:24.535000,5.36,5.36,5.37,3362600.0
2018-01-03 13:29:26.906000,5.36,5.36,5.37,3362600.0
2018-01-03 13:29:30.477000,5.36,5.36,5.37,3362600.0
2018-01-03 13:29:34.274000,5.36,5.36,5.37,3362600.0
2018-01-03 13:29:38.160000,5.36,5.36,5.37,3362600.0
2018-01-03 13:29:42.150000,5.36,5.36,5.37,3362600.0
2018-01-03 13:29:45.771000,5.36,5.36,5.37,3362600.0
2018-01-03 13:29:49.353000,5.36,5.36,5.37,3362600.0
2018-01-03 13:29:53.125000,5.36,5.36,5.37,3362600.0
2018-01-03 13:29:56.507000,5.36,5.36,5.37,3362600.0
2018-01-03 13:30:00.235000,5.36,5.36,5.37,3362600.0
2018-01-03 13:30:03.866000,5.36,5.36,5.37,3362600.0
2018-01-03 13:30:08.510000,5.36,5.36,5.37,3362600.0
2018-01-03 13:30:12.407000,5.36,5.36,5.37,3362600.0
2018-01-03 13:30:16.848000,5.36,5.36,5.37,3362600.0
2018-01-03 13:30:20.784000,5.36,5.36,5.37,3362600.0
2018-01-03 13:30:24.548000,5.36,5.36,5.37,3362600.0
2018-01-03 13:30:27.745000,5.36,5.36,5.37,3362600.0
2018-01-03 13:30:31.475000,5.36,5.36,5.37,3362600.0
2018-01-03 13:30:34.505000,5.36,5.36,5.37,3362600.0
2018-01-03 13:30:37.275000,5.36,5.36,5.37,3362600.0
2018-01-03 13:30:41.045000,5.36,5.36,5.37,3362600.0
2018-01-03 13:30:43.855000,5.36,5.36,5.37,3362600.0
2018-01-03 13:30:47.377000,5.36,5.36,5.37,3362600.0
2018-01-03 13:30:51.059000,5.36,5.36,5.37,3362600.0
2018-01-03 13:30:54.198000,5.36,5.36,5.37,3362600.0
2018-01-03 13:30:57.981000,5.36,5.36,5.37,3362600.0
2018-01-03 13:31:01.665000,5.36,5.36,5.37,3362600.0
2018-01-03 13:31:05.091000,5.36,5.36,5.37,3362600.0
2018-01-03 13:31:12.012000,5.36,5.36,5.37,3362600.0
2018-01-03 13:31:15.744000,5.36,5.36,5.37,3362600.0
2018-01-03 13:31:19.531000,5.36,5.36,5.37,3362600.0
2018-01-03 13:31:23.330000,5.36,5.36,5.37,3362600.0
2018-01-03 13:31:27.216000,5.36,5.36,5.37,3362600.0
2018-01-03 13:31:32.002000,5.36,5.36,5.37,3362600.0
2018-01-03 13:31:35.376000,5.36,5.36,5.37,3362600.0
2018-01-03 13:31:38.256000,5.36,5.36,5.37,3362600.0
2018-01-03 13:31:41.407000,5.36,5.36,5.37,3372600.0
2018-01-03 13:31:45.148000,5.36,5.36,5.37,3372600.0
2018-01-03 13:31:48.806000,5.36,5.36,5.37,3372600.0
2018-01-03 13:31:52.710000,5.36,5.36,5.37,3372600.0
2018-01-03 13:31:56.532000,5.36,5.36,5.37,3372600.0
2018-01-03 13:32:00.544000,5.36,5.36,5.37,3372600.0
2018-01-03 13:32:04.523000,5.36,5.36,5.37,3372600.0
2018-01-03 13:32:08.167000,5.36,5.36,5.37,3372600.0
2018-01-03 13:32:11.923000,5.36,5.36,5.37,3372600.0
2018-01-03 13:32:15.655000,5.36,5.36,5.37,3372600.0
2018-01-03 13:32:19.336000,5.36,5.36,5.37,3372600.0
2018-01-03 13:32:23.264000,5.36,5.36,5.37,3372600.0
2018-01-03 13:32:26.663000,5.36,5.36,5.37,3372600.0
2018-01-03 13:32:30.885000,5.36,5.36,5.37,3372600.0
2018-01-03 13:32:34.814000,5.36,5.36,5.37,3372600.0
2018-01-03 13:32:38.791000,5.36,5.36,5.37,3372600.0
2018-01-03 13:32:42.101000,5.36,5.36,5.37,3372600.0
2018-01-03 13:32:46.059000,5.36,5.36,5.37,3372600.0
2018-01-03 13:32:49.593000,5.36,5.36,5.37,3372600.0
2018-01-03 13:32:53.541000,5.36,5.36,5.37,3372600.0
2018-01-03 13:32:56.149000,5.36,5.36,5.37,3372600.0
2018-01-03 13:32:59.665000,5.36,5.36,5.37,3372600.0
2018-01-03 13:33:05.037000,5.36,5.36,5.37,3372600.0
2018-01-03 13:33:08.718000,5.36,5.36,5.37,3372600.0
2018-01-03 13:33:14.669000,5.36,5.36,5.37,3372600.0
2018-01-03 13:33:18.153000,5.36,5.36,5.37,3372600.0
2018-01-03 13:33:21.892000,5.36,5.36,5.37,3372600.0
2018-01-03 13:33:25.591000,5.36,5.36,5.37,3372600.0
2018-01-03 13:33:29.173000,5.36,5.36,5.37,3372600.0
2018-01-03 13:33:32.786000,5.36,5.36,5.37,3372600.0
2018-01-03 13:33:36.538000,5.36,5.36,5.37,3372600.0
2018-01-03 13:33:39.326000,5.36,5.36,5.37,3372600.0
2018-01-03 13:33:42.955000,5.36,5.36,5.37,3372600.0
2018-01-03 13:33:46.414000,5.36,5.36,5.37,3372600.0
2018-01-03 13:33:49.175000,5.36,5.36,5.37,3372600.0
2018-01-03 13:33:53.017000,5.36,5.36,5.37,3372600.0
2018-01-03 13:33:56.384000,5.36,5.36,5.37,3372600.0
2018-01-03 13:33:59.851000,5.36,5.36,5.37,3372600.0
2018-01-03 13:34:03.447000,5.36,5.36,5.37,3372600.0
2018-01-03 13:34:07.839000,5.36,5.36,5.37,3372600.0
2018-01-03 13:34:11.814000,5.36,5.36,5.37,3372600.0
2018-01-03 13:34:14.969000,5.36,5.36,5.37,3372600.0
2018-01-03 13:34:19.195000,5.36,5.36,5.37,3372600.0
2018-01-03 13:34:23.239000,5.36,5.36,5.37,3372600.0
2018-01-03 13:34:26.802000,5.36,5.36,5.37,3372600.0
2018-01-03 13:34:30.177000,5.36,5.36,5.37,3372600.0
2018-01-03 13:34:33.467000,5.36,5.36,5.37,3372600.0
2018-01-03 13:34:37.335000,5.36,5.36,5.37,3372600.0
2018-01-03 13:34:41.518000,5.36,5.36,5.37,3372600.0
2018-01-03 13:34:44.864000,5.36,5.36,5.37,3372600.0
2018-01-03 13:34:48.279000,5.36,5.36,5.37,3372600.0
2018-01-03 13:34:51.365000,5.36,5.36,5.37,3372600.0
2018-01-03 13:34:55.168000,5.36,5.36,5.37,3372600.0
2018-01-03 13:34:58.985000,5.36,5.36,5.37,3372600.0
2018-01-03 13:35:02.409000,5.36,5.36,5.37,3372600.0
2018-01-03 13:35:06.178000,5.36,5.36,5.37,3372600.0
2018-01-03 13:35:09.791000,5.36,5.36,5.37,3372600.0
2018-01-03 13:35:16.472000,5.36,5.36,5.37,3372600.0
2018-01-03 13:35:20.223000,5.36,5.36,5.37,3372600.0
2018-01-03 13:35:23.869000,5.36,5.36,5.37,3372600.0
2018-01-03 13:35:27.895000,5.36,5.36,5.37,3372600.0
2018-01-03 13:35:30.823000,5.36,5.36,5.37,3372600.0
2018-01-03 13:35:34.349000,5.36,5.36,5.37,3372600.0
2018-01-03 13:35:38.158000,5.36,5.36,5.37,3372600.0
2018-01-03 13:35:41.879000,5.36,5.36,5.37,3372600.0
2018-01-03 13:35:44.664000,5.36,5.36,5.37,3372600.0
2018-01-03 13:35:47.999000,5.36,5.36,5.37,3372600.0
2018-01-03 13:35:51.838000,5.36,5.36,5.37,3372600.0
2018-01-03 13:35:55.716000,5.36,5.36,5.37,3372600.0
2018-01-03 13:35:59.644000,5.36,5.36,5.37,3372600.0
2018-01-03 13:36:03.935000,5.36,5.36,5.37,3372600.0
2018-01-03 13:36:09.642000,5.36,5.36,5.37,3372600.0
2018-01-03 13:36:13.380000,5.36,5.36,5.37,3372600.0
2018-01-03 13:36:17.298000,5.36,5.36,5.37,3372600.0
2018-01-03 13:36:21.038000,5.36,5.36,5.37,3372600.0
2018-01-03 13:36:24.198000,5.36,5.36,5.37,3372600.0
2018-01-03 13:36:27.807000,5.36,5.36,5.37,3372600.0
2018-01-03 13:36:32.698000,5.36,5.36,5.37,3372600.0
2018-01-03 13:36:36.379000,5.36,5.36,5.37,3372600.0
2018-01-03 13:36:39.709000,5.36,5.36,5.37,3372600.0
2018-01-03 13:36:43.529000,5.36,5.36,5.37,3372600.0
2018-01-03 13:36:47.331000,5.36,5.36,5.37,3372600.0
2018-01-03 13:36:50.427000,5.36,5.36,5.37,3372600.0
2018-01-03 13:36:54.315000,5.36,5.36,5.37,3372600.0
2018-01-03 13:36:57.800000,5.36,5.36,5.37,3372600.0
2018-01-03 13:37:01.124000,5.36,5.36,5.37,3372600.0
2018-01-03 13:37:04.660000,5.37,5.36,5.37,3374000.0
2018-01-03 13:37:12.497000,5.37,5.36,5.37,3374000.0
2018-01-03 13:37:16.321000,5.37,5.36,5.37,3374000.0
2018-01-03 13:37:20.201000,5.37,5.36,5.37,3374000.0
2018-01-03 13:37:23.556000,5.37,5.36,5.37,3374000.0
2018-01-03 13:37:27.335000,5.37,5.36,5.37,3374000.0
2018-01-03 13:37:32.581000,5.37,5.36,5.37,3374000.0
2018-01-03 13:37:36.766000,5.37,5.36,5.37,3374000.0
2018-01-03 13:37:40.431000,5.37,5.36,5.37,3374000.0
2018-01-03 13:37:44.284000,5.37,5.36,5.37,3374000.0
2018-01-03 13:37:47.100000,5.37,5.36,5.37,3374000.0
2018-01-03 13:37:51.050000,5.37,5.36,5.37,3374000.0
2018-01-03 13:37:54.864000,5.37,5.36,5.37,3374000.0
2018-01-03 13:37:58.451000,5.37,5.36,5.37,3374000.0
2018-01-03 13:38:02.283000,5.37,5.36,5.37,3374000.0
2018-01-03 13:38:05.354000,5.37,5.36,5.37,3374000.0
2018-01-03 13:38:09.200000,5.37,5.36,5.37,3374000.0
2018-01-03 13:38:12.605000,5.37,5.36,5.37,3374000.0
2018-01-03 13:38:16.019000,5.37,5.36,5.38,3374000.0
2018-01-03 13:38:19.345000,5.37,5.36,5.38,3374000.0
2018-01-03 13:38:22.718000,5.37,5.36,5.38,3374000.0
2018-01-03 13:38:25.508000,5.37,5.36,5.38,3374000.0
2018-01-03 13:38:29.164000,5.37,5.36,5.38,3374000.0
2018-01-03 13:38:33.224000,5.37,5.36,5.38,3374000.0
2018-01-03 13:38:36.502000,5.37,5.36,5.38,3374000.0
2018-01-03 13:38:40.193000,5.37,5.36,5.38,3374000.0
2018-01-03 13:38:43.745000,5.37,5.36,5.38,3374000.0
2018-01-03 13:38:47.162000,5.37,5.36,5.38,3374000.0
2018-01-03 13:38:50.884000,5.37,5.36,5.38,3374000.0
2018-01-03 13:38:54.550000,5.37,5.36,5.38,3374000.0
2018-01-03 13:38:58.409000,5.37,5.36,5.38,3374000.0
2018-01-03 13:39:01.741000,5.37,5.36,5.37,3379000.0
2018-01-03 13:39:04.601000,5.37,5.36,5.37,3379000.0
2018-01-03 13:39:08.437000,5.37,5.36,5.37,3379000.0
2018-01-03 13:39:11.780000,5.37,5.36,5.37,3379000.0
2018-01-03 13:39:14.915000,5.37,5.36,5.37,3379000.0
2018-01-03 13:39:17.946000,5.37,5.36,5.37,3379000.0
2018-01-03 13:39:21.145000,5.37,5.36,5.37,3379000.0
2018-01-03 13:39:24.368000,5.37,5.36,5.37,3379000.0
2018-01-03 13:39:27.551000,5.37,5.36,5.37,3379000.0
2018-01-03 13:39:31.358000,5.37,5.36,5.37,3379000.0
2018-01-03 13:39:35.337000,5.37,5.36,5.38,3379000.0
2018-01-03 13:39:38.523000,5.37,5.36,5.38,3379000.0
2018-01-03 13:39:41.501000,5.37,5.36,5.38,3379000.0
2018-01-03 13:39:45.111000,5.37,5.36,5.38,3379000.0
2018-01-03 13:39:48.673000,5.37,5.36,5.38,3379000.0
2018-01-03 13:39:51.978000,5.37,5.36,5.38,3379000.0
2018-01-03 13:39:55.904000,5.37,5.36,5.38,3379000.0
2018-01-03 13:39:59.342000,5.37,5.36,5.38,3379000.0
2018-01-03 13:40:02.920000,5.37,5.36,5.38,3379000.0
2018-01-03 13:40:09.403000,5.37,5.36,5.38,3379000.0
2018-01-03 13:40:12.865000,5.37,5.36,5.38,3379000.0
2018-01-03 13:40:16.813000,5.37,5.36,5.38,3379000.0
2018-01-03 13:40:20.630000,5.37,5.36,5.38,3379000.0
2018-01-03 13:40:24.818000,5.37,5.36,5.38,3379000.0
2018-01-03 13:40:27.907000,5.37,5.36,5.38,3379000.0
2018-01-03 13:40:32.136000,5.37,5.36,5.38,3379000.0
2018-01-03 13:40:35.853000,5.37,5.36,5.38,3379000.0
2018-01-03 13:40:39.664000,5.37,5.36,5.38,3379000.0
2018-01-03 13:40:43.685000,5.37,5.36,5.38,3379000.0
2018-01-03 13:40:47.786000,5.37,5.36,5.38,3379000.0
2018-01-03 13:40:51.859000,5.37,5.36,5.38,3379000.0
2018-01-03 13:40:55.628000,5.37,5.36,5.38,3379000.0
2018-01-03 13:40:59.593000,5.37,5.36,5.38,3379000.0
2018-01-03 13:41:03.224000,5.37,5.36,5.38,3379000.0
2018-01-03 13:41:05.966000,5.37,5.36,5.38,3379000.0
2018-01-03 13:41:09.488000,5.37,5.36,5.38,3379000.0
2018-01-03 13:41:13.393000,5.37,5.36,5.38,3379000.0
2018-01-03 13:41:17.274000,5.37,5.36,5.38,3379000.0
2018-01-03 13:41:20.482000,5.37,5.36,5.38,3379000.0
2018-01-03 13:41:24.441000,5.37,5.36,5.38,3379000.0
2018-01-03 13:41:27.861000,5.37,5.36,5.38,3379000.0
2018-01-03 13:41:31.243000,5.37,5.36,5.38,3379000.0
2018-01-03 13:41:35.113000,5.37,5.36,5.38,3379000.0
2018-01-03 13:41:39.093000,5.37,5.36,5.38,3379000.0
2018-01-03 13:41:42.818000,5.37,5.36,5.38,3379000.0
2018-01-03 13:41:46.414000,5.37,5.36,5.38,3379000.0
2018-01-03 13:41:49.645000,5.37,5.36,5.38,3379000.0
2018-01-03 13:41:53.421000,5.37,5.36,5.38,3379000.0
2018-01-03 13:41:56.548000,5.37,5.36,5.38,3379000.0
2018-01-03 13:41:59.730000,5.37,5.36,5.38,3379000.0
2018-01-03 13:42:03.690000,5.37,5.36,5.38,3379000.0
2018-01-03 13:42:07.492000,5.37,5.36,5.38,3379000.0
2018-01-03 13:42:11.455000,5.37,5.36,5.38,3379000.0
2018-01-03 13:42:14.966000,5.37,5.36,5.38,3379000.0
2018-01-03 13:42:18.822000,5.37,5.36,5.38,3379000.0
2018-01-03 13:42:22.115000,5.37,5.36,5.38,3379000.0
2018-01-03 13:42:25.265000,5.37,5.36,5.38,3379000.0
2018-01-03 13:42:29.379000,5.37,5.36,5.38,3379000.0
2018-01-03 13:42:32.724000,5.37,5.36,5.38,3379000.0
2018-01-03 13:42:36.623000,5.37,5.36,5.38,3379000.0
2018-01-03 13:42:39.929000,5.37,5.36,5.38,3379000.0
2018-01-03 13:42:43.507000,5.37,5.36,5.38,3379000.0
2018-01-03 13:42:47.425000,5.37,5.36,5.38,3379000.0
2018-01-03 13:42:51.326000,5.37,5.36,5.38,3379000.0
2018-01-03 13:42:54.346000,5.37,5.36,5.38,3379000.0
2018-01-03 13:42:58.201000,5.37,5.36,5.38,3379000.0
2018-01-03 13:43:01.938000,5.37,5.36,5.38,3379000.0
2018-01-03 13:43:05.707000,5.37,5.36,5.38,3379000.0
2018-01-03 13:43:09.087000,5.38,5.36,5.38,3389000.0
2018-01-03 13:43:12.548000,5.38,5.36,5.38,3389000.0
2018-01-03 13:43:16.647000,5.38,5.36,5.38,3389000.0
2018-01-03 13:43:20.800000,5.38,5.36,5.38,3389000.0
2018-01-03 13:43:24.354000,5.38,5.36,5.38,3389000.0
2018-01-03 13:43:28.065000,5.38,5.36,5.38,3389000.0
2018-01-03 13:43:31.873000,5.38,5.36,5.38,3389000.0
2018-01-03 13:43:35.601000,5.38,5.36,5.38,3389000.0
2018-01-03 13:43:39.644000,5.38,5.36,5.38,3389000.0
2018-01-03 13:43:43.364000,5.38,5.36,5.38,3389000.0
2018-01-03 13:43:46.993000,5.38,5.36,5.38,3389000.0
2018-01-03 13:43:50.395000,5.38,5.36,5.38,3389000.0
2018-01-03 13:43:54.276000,5.38,5.36,5.38,3389000.0
2018-01-03 13:43:57.499000,5.38,5.36,5.38,3389000.0
2018-01-03 13:44:01.518000,5.38,5.36,5.38,3389000.0
2018-01-03 13:44:05.352000,5.38,5.36,5.38,3389000.0
2018-01-03 13:44:09.839000,5.38,5.36,5.38,3389000.0
2018-01-03 13:44:13.291000,5.38,5.36,5.38,3389000.0
2018-01-03 13:44:16.918000,5.38,5.36,5.38,3389000.0
2018-01-03 13:44:20.852000,5.38,5.36,5.38,3389000.0
2018-01-03 13:44:24.648000,5.38,5.36,5.38,3389000.0
2018-01-03 13:44:34.893000,5.38,5.36,5.38,3389000.0
2018-01-03 13:44:38.603000,5.38,5.36,5.38,3389000.0
2018-01-03 13:44:44.060000,5.38,5.36,5.38,3389000.0
2018-01-03 13:44:48.028000,5.38,5.36,5.38,3389000.0
2018-01-03 13:44:51.250000,5.38,5.36,5.38,3389000.0
2018-01-03 13:44:54.829000,5.38,5.36,5.38,3389000.0
2018-01-03 13:44:58.692000,5.38,5.36,5.38,3389000.0
2018-01-03 13:45:02.007000,5.38,5.36,5.38,3389000.0
2018-01-03 13:45:05.888000,5.38,5.36,5.38,3389000.0
2018-01-03 13:45:09.244000,5.38,5.36,5.38,3389000.0
2018-01-03 13:45:13.698000,5.38,5.36,5.38,3389000.0
2018-01-03 13:45:17.291000,5.38,5.36,5.38,3389000.0
2018-01-03 13:45:20.669000,5.38,5.36,5.38,3389000.0
2018-01-03 13:45:24.396000,5.38,5.36,5.38,3389000.0
2018-01-03 13:45:28.071000,5.38,5.36,5.38,3389000.0
2018-01-03 13:45:31.947000,5.38,5.37,5.38,3394000.0
2018-01-03 13:45:35.511000,5.38,5.37,5.38,3394000.0
2018-01-03 13:45:39.280000,5.38,5.37,5.38,3394000.0
2018-01-03 13:45:42.715000,5.38,5.37,5.38,3394000.0
2018-01-03 13:45:46.473000,5.38,5.37,5.38,3394000.0
2018-01-03 13:45:50.211000,5.38,5.37,5.38,3394000.0
2018-01-03 13:45:53.970000,5.38,5.37,5.38,3394000.0
2018-01-03 13:45:57.528000,5.38,5.37,5.38,3394000.0
2018-01-03 13:46:01.106000,5.38,5.37,5.38,3394000.0
2018-01-03 13:46:09.466000,5.38,5.37,5.38,3394000.0
2018-01-03 13:46:13.105000,5.38,5.37,5.38,3394000.0
2018-01-03 13:46:16.836000,5.38,5.37,5.38,3394000.0
2018-01-03 13:46:20.398000,5.38,5.37,5.38,3394000.0
2018-01-03 13:46:24.103000,5.38,5.37,5.38,3394000.0
2018-01-03 13:46:27.733000,5.38,5.37,5.38,3394000.0
2018-01-03 13:46:31.131000,5.38,5.37,5.38,3394000.0
2018-01-03 13:46:34.409000,5.38,5.37,5.38,3394000.0
2018-01-03 13:46:37.112000,5.38,5.37,5.38,3394000.0
2018-01-03 13:46:40.978000,5.38,5.37,5.38,3394000.0
2018-01-03 13:46:45.596000,5.38,5.37,5.38,3394000.0
2018-01-03 13:46:48.882000,5.38,5.37,5.38,3394000.0
2018-01-03 13:46:52.537000,5.38,5.37,5.38,3394000.0
2018-01-03 13:46:55.916000,5.38,5.37,5.38,3394000.0
2018-01-03 13:47:00.296000,5.38,5.37,5.38,3394000.0
2018-01-03 13:47:07.676000,5.38,5.37,5.38,3394000.0
2018-01-03 13:47:12.685000,5.38,5.37,5.38,3418000.0
2018-01-03 13:47:15.957000,5.38,5.37,5.38,3418000.0
2018-01-03 13:47:19.592000,5.38,5.37,5.38,3418000.0
2018-01-03 13:47:22.836000,5.38,5.37,5.38,3418000.0
2018-01-03 13:47:26.383000,5.38,5.37,5.38,3418000.0
2018-01-03 13:47:30.442000,5.38,5.37,5.38,3418000.0
2018-01-03 13:47:33.906000,5.38,5.37,5.38,3418000.0
2018-01-03 13:47:37.411000,5.38,5.37,5.38,3418000.0
2018-01-03 13:47:40.656000,5.38,5.37,5.38,3418000.0
2018-01-03 13:47:44.886000,5.38,5.37,5.38,3418000.0
2018-01-03 13:47:47.783000,5.38,5.37,5.38,3418000.0
2018-01-03 13:47:50.896000,5.38,5.37,5.38,3418000.0
2018-01-03 13:47:55.083000,5.38,5.37,5.38,3418000.0
2018-01-03 13:47:58.999000,5.38,5.37,5.38,3418000.0
2018-01-03 13:48:02.834000,5.38,5.37,5.38,3418000.0
2018-01-03 13:48:06.159000,5.38,5.37,5.38,3418000.0
2018-01-03 13:48:09.611000,5.38,5.37,5.38,3418000.0
2018-01-03 13:48:13.107000,5.38,5.37,5.38,3418000.0
2018-01-03 13:48:16.659000,5.38,5.37,5.38,3418000.0
2018-01-03 13:48:20.792000,5.38,5.37,5.38,3418000.0
2018-01-03 13:48:24.391000,5.38,5.37,5.38,3418000.0
2018-01-03 13:48:28.134000,5.38,5.37,5.38,3418000.0
2018-01-03 13:48:31.900000,5.38,5.37,5.38,3418000.0
2018-01-03 13:48:35.157000,5.38,5.37,5.38,3423000.0
2018-01-03 13:48:37.835000,5.38,5.37,5.38,3423000.0
2018-01-03 13:48:41.651000,5.38,5.37,5.38,3423000.0
2018-01-03 13:48:45.537000,5.38,5.37,5.38,3423000.0
2018-01-03 13:48:49.163000,5.38,5.37,5.38,3423000.0
2018-01-03 13:48:53.075000,5.38,5.37,5.38,3423000.0
2018-01-03 13:48:56.768000,5.38,5.37,5.38,3423000.0
2018-01-03 13:49:00.213000,5.38,5.37,5.38,3423000.0
2018-01-03 13:49:07.838000,5.38,5.37,5.38,3423000.0
2018-01-03 13:49:11.704000,5.38,5.37,5.38,3423000.0
2018-01-03 13:49:15.509000,5.38,5.37,5.38,3423000.0
2018-01-03 13:49:19.502000,5.38,5.37,5.38,3423000.0
2018-01-03 13:49:22.764000,5.38,5.37,5.38,3423000.0
2018-01-03 13:49:26.412000,5.38,5.37,5.38,3423000.0
2018-01-03 13:49:29.317000,5.38,5.37,5.38,3423000.0
2018-01-03 13:49:32.436000,5.38,5.37,5.38,3423000.0
2018-01-03 13:49:35.335000,5.38,5.37,5.38,3423000.0
2018-01-03 13:49:39.190000,5.38,5.37,5.38,3423000.0
2018-01-03 13:49:42.992000,5.38,5.37,5.38,3423000.0
2018-01-03 13:49:46.386000,5.38,5.37,5.38,3442300.0
2018-01-03 13:49:50.236000,5.38,5.37,5.38,3442300.0
2018-01-03 13:49:53.025000,5.38,5.37,5.38,3442300.0
2018-01-03 13:49:56.955000,5.38,5.37,5.38,3442300.0
2018-01-03 13:50:00.586000,5.38,5.37,5.38,3442300.0
2018-01-03 13:50:07.419000,5.38,5.37,5.38,3442300.0
2018-01-03 13:50:13.472000,5.38,5.37,5.38,3442300.0
2018-01-03 13:50:17.487000,5.38,5.37,5.38,3442300.0
2018-01-03 13:50:21.034000,5.38,5.37,5.38,3442300.0
2018-01-03 13:50:24.581000,5.38,5.37,5.38,3442300.0
2018-01-03 13:50:28.033000,5.38,5.37,5.38,3442300.0
2018-01-03 13:50:31.778000,5.38,5.37,5.38,3442300.0
2018-01-03 13:50:35.001000,5.38,5.37,5.38,3442300.0
2018-01-03 13:50:38.674000,5.38,5.37,5.38,3442300.0
2018-01-03 13:50:42.196000,5.38,5.37,5.38,3442300.0
2018-01-03 13:50:45.879000,5.38,5.37,5.38,3442300.0
2018-01-03 13:50:49.685000,5.38,5.37,5.39,3444300.0
2018-01-03 13:50:53.257000,5.38,5.37,5.39,3444300.0
2018-01-03 13:50:57.087000,5.38,5.37,5.39,3444300.0
2018-01-03 13:51:01.019000,5.38,5.37,5.39,3444300.0
2018-01-03 13:51:04.010000,5.38,5.37,5.39,3444300.0
2018-01-03 13:51:07.181000,5.38,5.37,5.39,3444300.0
2018-01-03 13:51:11.678000,5.38,5.37,5.39,3444300.0
2018-01-03 13:51:14.947000,5.38,5.37,5.39,3444300.0
2018-01-03 13:51:18.170000,5.38,5.37,5.39,3444300.0
2018-01-03 13:51:22.386000,5.38,5.37,5.39,3444300.0
2018-01-03 13:51:26.067000,5.38,5.37,5.39,3444300.0
2018-01-03 13:51:29.319000,5.38,5.37,5.39,3444300.0
2018-01-03 13:51:33.302000,5.38,5.37,5.39,3444300.0
2018-01-03 13:51:36.654000,5.38,5.37,5.39,3444300.0
2018-01-03 13:51:40.591000,5.38,5.37,5.39,3444300.0
2018-01-03 13:51:43.755000,5.38,5.37,5.39,3444300.0
2018-01-03 13:51:47.167000,5.38,5.37,5.39,3444300.0
2018-01-03 13:51:50.589000,5.38,5.37,5.39,3444300.0
2018-01-03 13:51:54.103000,5.38,5.37,5.39,3444300.0
2018-01-03 13:51:56.861000,5.38,5.37,5.39,3444300.0
2018-01-03 13:52:00.362000,5.38,5.37,5.39,3444300.0
2018-01-03 13:52:02.908000,5.38,5.37,5.39,3444300.0
2018-01-03 13:52:06.805000,5.38,5.37,5.39,3444300.0
2018-01-03 13:52:11.881000,5.38,5.37,5.39,3444300.0
2018-01-03 13:52:15.807000,5.38,5.37,5.39,3444300.0
2018-01-03 13:52:19.473000,5.38,5.37,5.39,3444300.0
2018-01-03 13:52:23.058000,5.38,5.37,5.39,3444300.0
2018-01-03 13:52:26.986000,5.38,5.37,5.39,3444300.0
2018-01-03 13:52:30.398000,5.38,5.37,5.39,3444300.0
2018-01-03 13:52:33.549000,5.38,5.37,5.39,3444300.0
2018-01-03 13:52:38.023000,5.38,5.37,5.39,3444300.0
2018-01-03 13:52:42.300000,5.38,5.37,5.39,3444300.0
2018-01-03 13:52:45.606000,5.38,5.37,5.39,3444300.0
2018-01-03 13:52:49.497000,5.38,5.37,5.39,3444300.0
2018-01-03 13:52:53.745000,5.38,5.37,5.39,3444300.0
2018-01-03 13:52:57.422000,5.38,5.37,5.39,3444300.0
2018-01-03 13:53:01.052000,5.38,5.37,5.39,3444300.0
2018-01-03 13:53:08.089000,5.38,5.37,5.39,3444300.0
2018-01-03 13:53:14.267000,5.38,5.37,5.39,3444300.0
2018-01-03 13:53:17.993000,5.38,5.37,5.39,3444300.0
2018-01-03 13:53:21.641000,5.38,5.37,5.39,3444300.0
2018-01-03 13:53:25.115000,5.38,5.37,5.39,3444300.0
2018-01-03 13:53:28.533000,5.38,5.37,5.39,3444300.0
2018-01-03 13:53:32.885000,5.38,5.37,5.39,3444300.0
2018-01-03 13:53:36.612000,5.38,5.37,5.39,3444300.0
2018-01-03 13:53:40.274000,5.38,5.37,5.39,3444300.0
2018-01-03 13:53:43.519000,5.38,5.37,5.39,3444300.0
2018-01-03 13:53:52.612000,5.38,5.37,5.39,3444300.0
2018-01-03 13:53:57.521000,5.38,5.37,5.39,3444300.0
2018-01-03 13:54:02.606000,5.38,5.37,5.39,3444300.0
2018-01-03 13:54:07.429000,5.38,5.37,5.39,3444300.0
2018-01-03 13:54:11.248000,5.38,5.37,5.39,3444300.0
2018-01-03 13:54:15.786000,5.38,5.37,5.38,3484300.0
2018-01-03 13:54:19.999000,5.38,5.37,5.38,3484300.0
2018-01-03 13:54:23.770000,5.38,5.37,5.38,3484300.0
2018-01-03 13:54:27.492000,5.38,5.37,5.38,3484300.0
2018-01-03 13:54:31.187000,5.38,5.37,5.38,3484300.0
2018-01-03 13:54:34.621000,5.38,5.37,5.38,3484300.0
2018-01-03 13:54:38.606000,5.38,5.37,5.38,3484300.0
2018-01-03 13:54:42.367000,5.38,5.37,5.38,3484300.0
2018-01-03 13:54:45.963000,5.38,5.37,5.38,3484300.0
2018-01-03 13:54:49.718000,5.38,5.37,5.38,3484300.0
2018-01-03 13:54:53.137000,5.38,5.37,5.38,3484300.0
2018-01-03 13:54:56.910000,5.38,5.37,5.38,3484300.0
2018-01-03 13:55:00.489000,5.38,5.37,5.38,3484300.0
2018-01-03 13:55:04.033000,5.38,5.37,5.38,3484300.0
2018-01-03 13:55:07.597000,5.38,5.37,5.38,3484300.0
2018-01-03 13:55:11.224000,5.38,5.37,5.38,3484300.0
2018-01-03 13:55:16.107000,5.38,5.37,5.38,3484300.0
2018-01-03 13:55:19.694000,5.38,5.37,5.38,3484300.0
2018-01-03 13:55:23.723000,5.38,5.37,5.38,3484300.0
2018-01-03 13:55:27.757000,5.38,5.37,5.38,3484300.0
2018-01-03 13:55:30.938000,5.38,5.37,5.38,3484300.0
2018-01-03 13:55:34.450000,5.38,5.37,5.38,3484300.0
2018-01-03 13:55:38.275000,5.38,5.37,5.38,3484300.0
2018-01-03 13:55:41.268000,5.38,5.37,5.38,3484300.0
2018-01-03 13:55:45.226000,5.38,5.37,5.38,3484300.0
2018-01-03 13:55:49.048000,5.38,5.37,5.38,3484300.0
2018-01-03 13:55:52.479000,5.38,5.37,5.38,3484300.0
2018-01-03 13:55:56.136000,5.38,5.37,5.38,3484300.0
2018-01-03 13:55:59.623000,5.38,5.37,5.38,3484300.0
2018-01-03 13:56:03.427000,5.38,5.37,5.38,3484300.0
2018-01-03 13:56:07.226000,5.38,5.37,5.38,3484300.0
2018-01-03 13:56:11.612000,5.38,5.37,5.38,3484300.0
2018-01-03 13:56:15.707000,5.38,5.37,5.38,3484300.0
2018-01-03 13:56:19.547000,5.38,5.37,5.38,3484300.0
2018-01-03 13:56:23.661000,5.38,5.37,5.38,3484300.0
2018-01-03 13:56:26.947000,5.38,5.37,5.38,3484300.0
2018-01-03 13:56:32.199000,5.38,5.37,5.38,3484300.0
2018-01-03 13:56:36.025000,5.38,5.37,5.38,3484300.0
2018-01-03 13:56:39.730000,5.38,5.37,5.38,3484300.0
2018-01-03 13:56:43.580000,5.38,5.37,5.38,3484300.0
2018-01-03 13:56:46.942000,5.38,5.37,5.38,3484300.0
2018-01-03 13:56:50.646000,5.38,5.37,5.38,3484300.0
2018-01-03 13:56:53.889000,5.38,5.37,5.38,3484300.0
2018-01-03 13:56:57.931000,5.38,5.37,5.38,3484300.0
2018-01-03 13:57:01.827000,5.38,5.37,5.38,3484300.0
2018-01-03 13:57:05.455000,5.38,5.37,5.38,3484300.0
2018-01-03 13:57:09.325000,5.38,5.37,5.38,3484300.0
2018-01-03 13:57:13.018000,5.38,5.37,5.38,3484300.0
2018-01-03 13:57:16.988000,5.38,5.37,5.38,3484300.0
2018-01-03 13:57:20.875000,5.38,5.37,5.38,3484300.0
2018-01-03 13:57:24.712000,5.38,5.37,5.38,3484300.0
2018-01-03 13:57:28.638000,5.38,5.37,5.38,3484300.0
2018-01-03 13:57:32.456000,5.38,5.37,5.38,3484300.0
2018-01-03 13:57:36.421000,5.38,5.37,5.38,3484300.0
2018-01-03 13:57:39.874000,5.38,5.37,5.38,3484300.0
2018-01-03 13:57:44.123000,5.38,5.37,5.38,3484300.0
2018-01-03 13:57:46.880000,5.38,5.37,5.38,3484300.0
2018-01-03 13:57:50.180000,5.38,5.37,5.38,3484300.0
2018-01-03 13:57:53.916000,5.38,5.37,5.38,3484300.0
2018-01-03 13:57:57.242000,5.38,5.37,5.38,3484300.0
2018-01-03 13:58:01.269000,5.38,5.37,5.38,3484300.0
2018-01-03 13:58:04.913000,5.38,5.37,5.38,3484300.0
2018-01-03 13:58:11.624000,5.38,5.37,5.38,3484300.0
2018-01-03 13:58:15.746000,5.38,5.37,5.38,3484300.0
2018-01-03 13:58:19.578000,5.38,5.37,5.38,3484300.0
2018-01-03 13:58:23.814000,5.38,5.37,5.38,3484300.0
2018-01-03 13:58:27.265000,5.38,5.37,5.38,3484300.0
2018-01-03 13:58:31.155000,5.38,5.37,5.38,3484300.0
2018-01-03 13:58:34.565000,5.38,5.37,5.38,3484300.0
2018-01-03 13:58:38.166000,5.38,5.37,5.38,3484300.0
2018-01-03 13:58:41.424000,5.38,5.37,5.38,3484300.0
2018-01-03 13:58:44.885000,5.38,5.37,5.38,3484300.0
2018-01-03 13:58:48.526000,5.38,5.37,5.38,3484300.0
2018-01-03 13:58:52.229000,5.38,5.37,5.38,3484300.0
2018-01-03 13:58:55.810000,5.38,5.37,5.38,3484300.0
2018-01-03 13:58:59.379000,5.38,5.37,5.38,3484300.0
2018-01-03 13:59:03.266000,5.38,5.37,5.38,3484300.0
2018-01-03 13:59:07.085000,5.38,5.37,5.38,3484300.0
2018-01-03 13:59:15.050000,5.38,5.37,5.38,3484300.0
2018-01-03 13:59:19.241000,5.38,5.37,5.38,3484300.0
2018-01-03 13:59:23.002000,5.38,5.37,5.38,3484300.0
2018-01-03 13:59:26.654000,5.38,5.37,5.38,3484300.0
2018-01-03 13:59:30.585000,5.38,5.37,5.38,3484300.0
2018-01-03 13:59:33.895000,5.38,5.37,5.38,3484300.0
2018-01-03 13:59:37.632000,5.38,5.37,5.38,3484300.0
2018-01-03 13:59:41.130000,5.38,5.37,5.38,3484300.0
2018-01-03 13:59:44.703000,5.38,5.37,5.38,3484300.0
2018-01-03 13:59:47.996000,5.38,5.37,5.38,3484300.0
2018-01-03 13:59:52.111000,5.38,5.37,5.38,3484300.0
2018-01-03 13:59:55.595000,5.38,5.37,5.38,3484300.0
2018-01-03 13:59:58.996000,5.38,5.37,5.38,3484300.0
2018-01-03 14:00:02.768000,5.38,5.37,5.38,3484300.0
2018-01-03 14:00:06.652000,5.38,5.37,5.38,3484300.0
2018-01-03 14:00:10.599000,5.38,5.37,5.38,3484300.0
2018-01-03 14:00:14.177000,5.38,5.37,5.38,3484300.0
2018-01-03 14:00:18.990000,5.38,5.37,5.38,3484300.0
2018-01-03 14:00:23.224000,5.38,5.37,5.38,3484300.0
2018-01-03 14:00:27.318000,5.38,5.37,5.38,3484300.0
2018-01-03 14:00:31.247000,5.38,5.37,5.38,3484300.0
2018-01-03 14:00:34.581000,5.38,5.37,5.38,3484300.0
2018-01-03 14:00:38.654000,5.38,5.37,5.38,3484300.0
2018-01-03 14:00:42.003000,5.38,5.37,5.38,3484300.0
2018-01-03 14:00:45.534000,5.38,5.37,5.38,3484300.0
2018-01-03 14:00:48.769000,5.38,5.37,5.38,3484300.0
2018-01-03 14:00:52.625000,5.38,5.37,5.38,3484300.0
2018-01-03 14:00:55.891000,5.38,5.37,5.38,3484300.0
2018-01-03 14:00:59.827000,5.38,5.37,5.38,3484300.0
2018-01-03 14:01:03.127000,5.38,5.37,5.38,3484300.0
2018-01-03 14:01:08.794000,5.38,5.37,5.38,3484300.0
2018-01-03 14:01:12.507000,5.38,5.37,5.38,3484300.0
2018-01-03 14:01:16.385000,5.38,5.37,5.38,3484300.0
2018-01-03 14:01:19.878000,5.38,5.37,5.38,3484300.0
2018-01-03 14:01:23.373000,5.38,5.37,5.38,3484300.0
2018-01-03 14:01:26.629000,5.38,5.37,5.38,3484300.0
2018-01-03 14:01:30.413000,5.38,5.37,5.38,3484300.0
2018-01-03 14:01:34.253000,5.38,5.37,5.38,3484300.0
2018-01-03 14:01:37.594000,5.38,5.37,5.38,3484300.0
2018-01-03 14:01:41.526000,5.38,5.37,5.38,3484300.0
2018-01-03 14:01:45.057000,5.38,5.37,5.38,3484300.0
2018-01-03 14:01:48.952000,5.38,5.37,5.38,3484300.0
2018-01-03 14:01:52.800000,5.38,5.37,5.38,3484300.0
2018-01-03 14:01:56.698000,5.38,5.37,5.38,3484300.0
2018-01-03 14:01:59.687000,5.38,5.37,5.38,3484300.0
2018-01-03 14:02:03.726000,5.38,5.37,5.38,3484300.0
2018-01-03 14:02:07.962000,5.38,5.37,5.38,3484300.0
2018-01-03 14:02:11.670000,5.37,5.36,5.38,3531500.0
2018-01-03 14:02:15.445000,5.37,5.36,5.38,3531500.0
2018-01-03 14:02:21.721000,5.37,5.36,5.38,3531500.0
2018-01-03 14:02:25.637000,5.37,5.36,5.38,3531500.0
2018-01-03 14:02:29.993000,5.37,5.36,5.38,3531500.0
2018-01-03 14:02:34.006000,5.37,5.36,5.38,3531500.0
2018-01-03 14:02:38.256000,5.37,5.36,5.38,3531500.0
2018-01-03 14:02:42.087000,5.37,5.36,5.38,3531500.0
2018-01-03 14:02:45.506000,5.37,5.36,5.38,3531500.0
2018-01-03 14:02:48.995000,5.37,5.36,5.38,3531500.0
2018-01-03 14:02:53.160000,5.37,5.36,5.38,3531500.0
2018-01-03 14:02:56.962000,5.37,5.36,5.38,3531500.0
2018-01-03 14:03:00.610000,5.37,5.36,5.38,3531500.0
2018-01-03 14:03:08.622000,5.37,5.36,5.38,3531500.0
2018-01-03 14:03:12.926000,5.37,5.36,5.38,3531500.0
2018-01-03 14:03:16.135000,5.37,5.36,5.38,3531500.0
2018-01-03 14:03:20.335000,5.37,5.36,5.38,3531500.0
2018-01-03 14:03:24.264000,5.37,5.36,5.38,3531500.0
2018-01-03 14:03:28.163000,5.37,5.36,5.38,3531500.0
2018-01-03 14:03:31.916000,5.37,5.36,5.38,3531500.0
2018-01-03 14:03:35.893000,5.37,5.36,5.38,3531500.0
2018-01-03 14:03:39.345000,5.37,5.36,5.38,3531500.0
2018-01-03 14:03:43.101000,5.37,5.36,5.38,3531500.0
2018-01-03 14:03:46.973000,5.37,5.36,5.38,3531500.0
2018-01-03 14:03:50.958000,5.37,5.36,5.38,3531500.0
2018-01-03 14:03:54.652000,5.37,5.36,5.38,3531500.0
2018-01-03 14:03:58.409000,5.37,5.36,5.38,3531500.0
2018-01-03 14:04:02.446000,5.37,5.36,5.38,3531500.0
2018-01-03 14:04:06.115000,5.37,5.36,5.38,3531500.0
2018-01-03 14:04:12.899000,5.37,5.36,5.38,3531500.0
2018-01-03 14:04:16.924000,5.37,5.36,5.37,3533600.0
2018-01-03 14:04:20.372000,5.37,5.36,5.37,3533600.0
2018-01-03 14:04:24.036000,5.37,5.36,5.37,3533600.0
2018-01-03 14:04:28.107000,5.37,5.36,5.37,3533600.0
2018-01-03 14:04:31.953000,5.37,5.36,5.37,3533600.0
2018-01-03 14:04:35.952000,5.37,5.36,5.37,3533600.0
2018-01-03 14:04:39.727000,5.37,5.36,5.37,3533600.0
2018-01-03 14:04:43.591000,5.37,5.36,5.37,3533600.0
2018-01-03 14:04:47.169000,5.37,5.36,5.37,3533600.0
2018-01-03 14:04:50.747000,5.37,5.36,5.37,3533600.0
2018-01-03 14:04:54.535000,5.37,5.36,5.37,3533600.0
2018-01-03 14:04:57.998000,5.37,5.36,5.37,3533600.0
2018-01-03 14:05:01.778000,5.37,5.36,5.37,3533600.0
2018-01-03 14:05:05.616000,5.37,5.36,5.37,3533600.0
2018-01-03 14:05:08.675000,5.37,5.36,5.37,3533600.0
2018-01-03 14:05:12.329000,5.37,5.36,5.37,3533600.0
2018-01-03 14:05:15.758000,5.37,5.36,5.37,3533600.0
2018-01-03 14:05:19.532000,5.37,5.36,5.37,3533600.0
2018-01-03 14:05:22.733000,5.37,5.36,5.37,3533600.0
2018-01-03 14:05:26.815000,5.37,5.36,5.37,3533600.0
2018-01-03 14:05:30.327000,5.37,5.36,5.37,3533600.0
2018-01-03 14:05:34.030000,5.37,5.36,5.37,3533600.0
2018-01-03 14:05:37.976000,5.37,5.36,5.37,3533600.0
2018-01-03 14:05:41.261000,5.37,5.36,5.37,3533600.0
2018-01-03 14:05:45.427000,5.37,5.36,5.37,3533600.0
2018-01-03 14:05:48.718000,5.37,5.36,5.37,3533600.0
2018-01-03 14:05:52.485000,5.37,5.36,5.37,3533600.0
2018-01-03 14:05:56.343000,5.37,5.36,5.37,3533600.0
2018-01-03 14:06:00.561000,5.37,5.36,5.37,3533600.0
2018-01-03 14:06:04.362000,5.36,5.36,5.37,3539600.0
2018-01-03 14:06:12.362000,5.36,5.36,5.37,3539600.0
2018-01-03 14:06:18.265000,5.36,5.36,5.37,3539600.0
2018-01-03 14:06:21.877000,5.36,5.36,5.37,3539600.0
2018-01-03 14:06:25.140000,5.36,5.36,5.37,3539600.0
2018-01-03 14:06:29.212000,5.36,5.36,5.37,3539600.0
2018-01-03 14:06:33.065000,5.36,5.36,5.37,3539600.0
2018-01-03 14:06:36.568000,5.36,5.36,5.37,3539600.0
2018-01-03 14:06:40.604000,5.36,5.36,5.37,3539600.0
2018-01-03 14:06:44.676000,5.36,5.36,5.37,3539600.0
2018-01-03 14:06:48.930000,5.36,5.36,5.37,3539600.0
2018-01-03 14:06:52.610000,5.36,5.36,5.37,3539600.0
2018-01-03 14:06:56.447000,5.36,5.36,5.37,3539600.0
2018-01-03 14:06:59.614000,5.36,5.36,5.37,3539600.0
2018-01-03 14:07:03.240000,5.36,5.36,5.37,3539600.0
2018-01-03 14:07:07.010000,5.36,5.36,5.37,3539600.0
2018-01-03 14:07:10.323000,5.36,5.36,5.37,3539600.0
2018-01-03 14:07:14.251000,5.36,5.36,5.37,3539600.0
2018-01-03 14:07:17.767000,5.36,5.36,5.37,3539600.0
2018-01-03 14:07:21.659000,5.36,5.36,5.37,3539600.0
2018-01-03 14:07:25.048000,5.36,5.36,5.37,3539600.0
2018-01-03 14:07:28.726000,5.36,5.36,5.37,3539600.0
2018-01-03 14:07:32.167000,5.36,5.36,5.37,3539600.0
2018-01-03 14:07:35.380000,5.36,5.36,5.37,3539600.0
2018-01-03 14:07:39.451000,5.36,5.36,5.37,3539600.0
2018-01-03 14:07:42.762000,5.36,5.36,5.37,3539600.0
2018-01-03 14:07:46.419000,5.36,5.36,5.37,3539600.0
2018-01-03 14:07:50.224000,5.36,5.36,5.37,3539600.0
2018-01-03 14:07:54.311000,5.36,5.36,5.37,3539600.0
2018-01-03 14:07:57.668000,5.36,5.36,5.37,3539600.0
2018-01-03 14:08:01.298000,5.36,5.36,5.37,3539600.0
2018-01-03 14:08:04.837000,5.36,5.36,5.37,3539600.0
2018-01-03 14:08:08.731000,5.36,5.36,5.37,3539600.0
2018-01-03 14:08:15.393000,5.36,5.36,5.37,3539600.0
2018-01-03 14:08:18.840000,5.36,5.36,5.37,3539600.0
2018-01-03 14:08:22.590000,5.36,5.36,5.37,3539600.0
2018-01-03 14:08:26.338000,5.36,5.36,5.37,3539600.0
2018-01-03 14:08:30.282000,5.36,5.36,5.37,3539600.0
2018-01-03 14:08:34.104000,5.36,5.36,5.37,3539600.0
2018-01-03 14:08:37.738000,5.36,5.36,5.37,3539600.0
2018-01-03 14:08:41.006000,5.36,5.36,5.37,3539600.0
2018-01-03 14:08:44.569000,5.36,5.36,5.37,3539600.0
2018-01-03 14:08:48.258000,5.36,5.36,5.37,3539600.0
2018-01-03 14:08:52.332000,5.36,5.36,5.37,3539600.0
2018-01-03 14:08:55.738000,5.36,5.36,5.37,3539600.0
2018-01-03 14:08:59.455000,5.36,5.36,5.37,3539600.0
2018-01-03 14:09:03.139000,5.36,5.36,5.37,3539600.0
2018-01-03 14:09:07.131000,5.36,5.36,5.37,3539600.0
2018-01-03 14:09:10.789000,5.36,5.36,5.38,3544600.0
2018-01-03 14:09:13.845000,5.36,5.36,5.38,3544600.0
2018-01-03 14:09:17.586000,5.36,5.36,5.38,3544600.0
2018-01-03 14:09:21.840000,5.36,5.36,5.38,3544600.0
2018-01-03 14:09:25.741000,5.36,5.36,5.38,3544600.0
2018-01-03 14:09:29.149000,5.36,5.36,5.38,3544600.0
2018-01-03 14:09:32.731000,5.36,5.36,5.38,3544600.0
2018-01-03 14:09:36.626000,5.36,5.36,5.38,3544600.0
2018-01-03 14:09:40.617000,5.36,5.36,5.38,3544600.0
2018-01-03 14:09:43.868000,5.36,5.36,5.38,3544600.0
2018-01-03 14:09:47.205000,5.36,5.36,5.38,3544600.0
2018-01-03 14:09:50.931000,5.36,5.36,5.38,3544600.0
2018-01-03 14:09:54.174000,5.36,5.36,5.38,3544600.0
2018-01-03 14:09:58.549000,5.36,5.36,5.38,3544600.0
2018-01-03 14:10:01.879000,5.36,5.36,5.38,3544600.0
2018-01-03 14:10:07.746000,5.36,5.36,5.38,3544600.0
2018-01-03 14:10:15.942000,5.36,5.36,5.38,3544600.0
2018-01-03 14:10:19.866000,5.36,5.36,5.38,3544600.0
2018-01-03 14:10:23.745000,5.36,5.36,5.38,3544600.0
2018-01-03 14:10:27.363000,5.36,5.36,5.38,3544600.0
2018-01-03 14:10:31.003000,5.36,5.36,5.38,3544600.0
2018-01-03 14:10:34.619000,5.36,5.36,5.38,3544600.0
2018-01-03 14:10:38.034000,5.36,5.36,5.38,3544600.0
2018-01-03 14:10:41.840000,5.36,5.36,5.38,3544600.0
2018-01-03 14:10:45.024000,5.36,5.36,5.38,3544600.0
2018-01-03 14:10:48.634000,5.36,5.36,5.38,3544600.0
2018-01-03 14:10:52.547000,5.36,5.36,5.38,3544600.0
2018-01-03 14:10:55.936000,5.36,5.36,5.38,3544600.0
2018-01-03 14:10:59.595000,5.36,5.36,5.38,3544600.0
2018-01-03 14:11:03.245000,5.36,5.36,5.38,3544600.0
2018-01-03 14:11:06.959000,5.36,5.36,5.38,3544600.0
2018-01-03 14:11:10.921000,5.36,5.36,5.38,3544600.0
2018-01-03 14:11:15.501000,5.36,5.36,5.38,3544600.0
2018-01-03 14:11:19.036000,5.36,5.36,5.38,3544600.0
2018-01-03 14:11:22.774000,5.36,5.36,5.38,3544600.0
2018-01-03 14:11:26.498000,5.36,5.36,5.38,3544600.0
2018-01-03 14:11:30.286000,5.36,5.36,5.37,3544600.0
2018-01-03 14:11:34.148000,5.36,5.36,5.37,3544600.0
2018-01-03 14:11:37.953000,5.36,5.36,5.37,3544600.0
2018-01-03 14:11:41.324000,5.36,5.36,5.37,3544600.0
2018-01-03 14:11:45.346000,5.36,5.36,5.37,3544600.0
2018-01-03 14:11:49.123000,5.36,5.36,5.37,3544600.0
2018-01-03 14:11:53.114000,5.36,5.36,5.37,3544600.0
2018-01-03 14:11:56.740000,5.36,5.36,5.37,3544600.0
2018-01-03 14:12:00.494000,5.36,5.36,5.37,3544600.0
2018-01-03 14:12:03.756000,5.36,5.36,5.37,3544600.0
2018-01-03 14:12:10.087000,5.36,5.36,5.37,3544600.0
2018-01-03 14:12:13.750000,5.36,5.36,5.37,3544600.0
2018-01-03 14:12:17.997000,5.36,5.36,5.37,3544600.0
2018-01-03 14:12:21.833000,5.36,5.36,5.37,3544600.0
2018-01-03 14:12:25.624000,5.36,5.36,5.37,3544600.0
2018-01-03 14:12:29.846000,5.36,5.36,5.37,3544600.0
2018-01-03 14:12:33.671000,5.36,5.36,5.37,3544600.0
2018-01-03 14:12:37.755000,5.36,5.36,5.37,3544600.0
2018-01-03 14:12:41.557000,5.36,5.36,5.37,3544600.0
2018-01-03 14:12:45.431000,5.36,5.36,5.37,3544600.0
2018-01-03 14:12:49.455000,5.36,5.36,5.37,3544600.0
2018-01-03 14:12:53.473000,5.36,5.36,5.37,3544600.0
2018-01-03 14:12:57.265000,5.36,5.36,5.37,3544600.0
2018-01-03 14:13:00.937000,5.36,5.36,5.37,3544600.0
2018-01-03 14:13:08.983000,5.36,5.36,5.37,3544600.0
2018-01-03 14:13:12.957000,5.36,5.36,5.37,3544600.0
2018-01-03 14:13:16.907000,5.36,5.36,5.37,3544600.0
2018-01-03 14:13:20.817000,5.36,5.36,5.37,3544600.0
2018-01-03 14:13:24.731000,5.36,5.36,5.37,3544600.0
2018-01-03 14:13:28.714000,5.36,5.36,5.37,3544600.0
2018-01-03 14:13:31.879000,5.36,5.36,5.37,3544600.0
2018-01-03 14:13:35.278000,5.36,5.36,5.37,3544600.0
2018-01-03 14:13:38.637000,5.36,5.36,5.37,3544600.0
2018-01-03 14:13:42.294000,5.36,5.36,5.37,3544600.0
2018-01-03 14:13:45.990000,5.36,5.36,5.37,3544600.0
2018-01-03 14:13:50.038000,5.36,5.36,5.37,3544600.0
2018-01-03 14:13:54.025000,5.36,5.36,5.37,3544600.0
2018-01-03 14:13:57.781000,5.36,5.36,5.37,3544600.0
2018-01-03 14:14:01.678000,5.36,5.36,5.37,3544600.0
2018-01-03 14:14:07.794000,5.36,5.36,5.37,3544600.0
2018-01-03 14:14:13.625000,5.36,5.36,5.37,3544600.0
2018-01-03 14:14:18.526000,5.36,5.36,5.37,3544600.0
2018-01-03 14:14:21.853000,5.36,5.36,5.37,3544600.0
2018-01-03 14:14:25.526000,5.36,5.36,5.37,3544600.0
2018-01-03 14:14:28.325000,5.36,5.36,5.37,3544600.0
2018-01-03 14:14:32.154000,5.36,5.36,5.37,3544600.0
2018-01-03 14:14:35.676000,5.36,5.36,5.37,3544600.0
2018-01-03 14:14:38.779000,5.36,5.36,5.37,3544600.0
2018-01-03 14:14:42.481000,5.36,5.36,5.37,3544600.0
2018-01-03 14:14:46.494000,5.36,5.36,5.37,3544600.0
2018-01-03 14:14:50.009000,5.36,5.36,5.37,3544600.0
2018-01-03 14:14:53.720000,5.36,5.36,5.37,3544600.0
2018-01-03 14:14:57.632000,5.36,5.36,5.38,3544600.0
2018-01-03 14:15:01.148000,5.36,5.36,5.38,3544600.0
2018-01-03 14:15:04.369000,5.36,5.36,5.38,3544600.0
2018-01-03 14:15:07.529000,5.36,5.36,5.38,3544600.0
2018-01-03 14:15:11.739000,5.36,5.36,5.38,3544600.0
2018-01-03 14:15:15.058000,5.36,5.36,5.38,3544600.0
2018-01-03 14:15:18.663000,5.36,5.36,5.38,3544600.0
2018-01-03 14:15:22.533000,5.36,5.36,5.38,3544600.0
2018-01-03 14:15:26.158000,5.36,5.36,5.38,3544600.0
2018-01-03 14:15:29.436000,5.36,5.36,5.38,3544600.0
2018-01-03 14:15:33.422000,5.36,5.36,5.38,3544600.0
2018-01-03 14:15:37.007000,5.36,5.36,5.38,3544600.0
2018-01-03 14:15:40.825000,5.36,5.36,5.38,3544600.0
2018-01-03 14:15:43.818000,5.36,5.36,5.38,3544600.0
2018-01-03 14:15:46.618000,5.36,5.36,5.38,3544600.0
2018-01-03 14:15:50.041000,5.36,5.36,5.38,3544600.0
2018-01-03 14:15:53.393000,5.36,5.36,5.38,3544600.0
2018-01-03 14:15:56.620000,5.36,5.36,5.38,3544600.0
2018-01-03 14:16:00.078000,5.36,5.36,5.38,3544600.0
2018-01-03 14:16:04.064000,5.36,5.36,5.38,3544600.0
2018-01-03 14:16:10.072000,5.36,5.36,5.38,3544600.0
2018-01-03 14:16:14.189000,5.36,5.36,5.38,3544600.0
2018-01-03 14:16:18.199000,5.36,5.36,5.38,3544600.0
2018-01-03 14:16:22.266000,5.36,5.36,5.38,3544600.0
2018-01-03 14:16:25.850000,5.36,5.36,5.38,3544600.0
2018-01-03 14:16:29.016000,5.36,5.36,5.38,3544600.0
2018-01-03 14:16:32.680000,5.36,5.36,5.38,3544600.0
2018-01-03 14:16:36.545000,5.36,5.36,5.38,3544600.0
2018-01-03 14:16:40.264000,5.36,5.36,5.38,3544600.0
2018-01-03 14:16:43.846000,5.36,5.36,5.38,3544600.0
2018-01-03 14:16:47.711000,5.36,5.36,5.38,3544600.0
2018-01-03 14:16:51.945000,5.36,5.36,5.38,3544600.0
2018-01-03 14:16:55.570000,5.36,5.36,5.38,3544600.0
2018-01-03 14:16:59.498000,5.36,5.36,5.38,3544600.0
2018-01-03 14:17:03.080000,5.36,5.36,5.38,3544600.0
2018-01-03 14:17:08.584000,5.36,5.36,5.38,3544600.0
2018-01-03 14:17:11.883000,5.36,5.36,5.38,3544600.0
2018-01-03 14:17:15.474000,5.36,5.36,5.38,3544600.0
2018-01-03 14:17:18.670000,5.36,5.36,5.38,3544600.0
2018-01-03 14:17:22.626000,5.36,5.36,5.38,3544600.0
2018-01-03 14:17:25.862000,5.36,5.36,5.38,3544600.0
2018-01-03 14:17:29.696000,5.36,5.36,5.38,3544600.0
2018-01-03 14:17:32.346000,5.36,5.36,5.38,3544600.0
2018-01-03 14:17:36.187000,5.36,5.36,5.38,3544600.0
2018-01-03 14:17:39.532000,5.36,5.36,5.38,3544600.0
2018-01-03 14:17:43.455000,5.36,5.36,5.38,3544600.0
2018-01-03 14:17:47.390000,5.36,5.36,5.38,3544600.0
2018-01-03 14:17:50.997000,5.36,5.36,5.38,3544600.0
2018-01-03 14:17:54.898000,5.36,5.36,5.38,3544600.0
2018-01-03 14:17:58.849000,5.36,5.36,5.38,3544600.0
2018-01-03 14:18:04.041000,5.36,5.36,5.38,3544600.0
2018-01-03 14:18:07.754000,5.36,5.36,5.38,3544600.0
2018-01-03 14:18:11.235000,5.36,5.36,5.38,3544600.0
2018-01-03 14:18:14.798000,5.36,5.36,5.38,3544600.0
2018-01-03 14:18:18.761000,5.36,5.36,5.38,3544600.0
2018-01-03 14:18:22.536000,5.36,5.36,5.38,3544600.0
2018-01-03 14:18:26.160000,5.36,5.36,5.38,3544600.0
2018-01-03 14:18:29.882000,5.36,5.36,5.38,3544600.0
2018-01-03 14:18:34.335000,5.36,5.36,5.38,3544600.0
2018-01-03 14:18:38.147000,5.36,5.36,5.38,3544600.0
2018-01-03 14:18:41.669000,5.36,5.36,5.38,3544600.0
2018-01-03 14:18:45.520000,5.36,5.36,5.38,3544600.0
2018-01-03 14:18:49.354000,5.36,5.36,5.38,3544600.0
2018-01-03 14:18:52.718000,5.36,5.36,5.38,3544600.0
2018-01-03 14:18:56.137000,5.36,5.36,5.38,3544600.0
2018-01-03 14:18:59.776000,5.36,5.36,5.38,3544600.0
2018-01-03 14:19:03.468000,5.36,5.36,5.38,3544600.0
2018-01-03 14:19:07.098000,5.36,5.36,5.38,3544600.0
2018-01-03 14:19:09.926000,5.36,5.36,5.38,3544600.0
2018-01-03 14:19:14.175000,5.36,5.36,5.38,3544600.0
2018-01-03 14:19:17.968000,5.36,5.36,5.38,3544600.0
2018-01-03 14:19:22.080000,5.36,5.36,5.38,3544600.0
2018-01-03 14:19:25.899000,5.36,5.36,5.38,3544600.0
2018-01-03 14:19:29.824000,5.36,5.36,5.38,3544600.0
2018-01-03 14:19:33.138000,5.36,5.36,5.38,3544600.0
2018-01-03 14:19:37.049000,5.36,5.36,5.38,3544600.0
2018-01-03 14:19:40.550000,5.36,5.36,5.38,3544600.0
2018-01-03 14:19:44.100000,5.36,5.36,5.38,3544600.0
2018-01-03 14:19:47.583000,5.36,5.36,5.38,3544600.0
2018-01-03 14:19:51.415000,5.36,5.36,5.38,3544600.0
2018-01-03 14:19:55.095000,5.36,5.36,5.38,3544600.0
2018-01-03 14:19:59.038000,5.36,5.36,5.38,3544600.0
2018-01-03 14:20:02.941000,5.36,5.36,5.38,3544600.0
2018-01-03 14:20:07.408000,5.36,5.36,5.38,3544600.0
2018-01-03 14:20:10.619000,5.36,5.36,5.38,3544600.0
2018-01-03 14:20:14.407000,5.36,5.36,5.38,3544600.0
2018-01-03 14:20:19.800000,5.36,5.36,5.38,3544600.0
2018-01-03 14:20:24.026000,5.36,5.36,5.38,3544600.0
2018-01-03 14:20:27.244000,5.36,5.36,5.38,3544600.0
2018-01-03 14:20:31.016000,5.36,5.36,5.38,3544600.0
2018-01-03 14:20:34.278000,5.36,5.36,5.38,3544600.0
2018-01-03 14:20:37.887000,5.36,5.36,5.38,3544600.0
2018-01-03 14:20:41.325000,5.37,5.36,5.37,3544800.0
2018-01-03 14:20:44.984000,5.37,5.36,5.37,3544800.0
2018-01-03 14:20:48.405000,5.37,5.36,5.37,3544800.0
2018-01-03 14:20:52.191000,5.37,5.36,5.37,3544800.0
2018-01-03 14:20:55.604000,5.37,5.36,5.37,3544800.0
2018-01-03 14:20:58.872000,5.37,5.36,5.37,3544800.0
2018-01-03 14:21:02.685000,5.37,5.36,5.37,3544800.0
2018-01-03 14:21:09.723000,5.37,5.36,5.37,3544800.0
2018-01-03 14:21:12.445000,5.37,5.36,5.37,3544800.0
2018-01-03 14:21:15.751000,5.37,5.36,5.37,3544800.0
2018-01-03 14:21:19.377000,5.37,5.36,5.37,3544800.0
2018-01-03 14:21:22.526000,5.37,5.36,5.37,3544800.0
2018-01-03 14:21:26.445000,5.37,5.36,5.37,3544800.0
2018-01-03 14:21:30.194000,5.37,5.36,5.37,3544800.0
2018-01-03 14:21:34.053000,5.37,5.36,5.37,3544800.0
2018-01-03 14:21:37.832000,5.37,5.36,5.37,3544800.0
2018-01-03 14:21:41.745000,5.37,5.36,5.37,3544800.0
2018-01-03 14:21:45.241000,5.37,5.36,5.37,3544800.0
2018-01-03 14:21:48.589000,5.37,5.36,5.37,3544800.0
2018-01-03 14:21:51.518000,5.37,5.36,5.37,3544800.0
2018-01-03 14:21:54.708000,5.37,5.36,5.37,3544800.0
2018-01-03 14:21:58.614000,5.37,5.36,5.37,3544800.0
2018-01-03 14:22:01.632000,5.37,5.36,5.37,3544800.0
2018-01-03 14:22:05.132000,5.37,5.36,5.37,3544800.0
2018-01-03 14:22:08.461000,5.37,5.36,5.37,3544800.0
2018-01-03 14:22:14.700000,5.37,5.36,5.37,3544800.0
2018-01-03 14:22:18.060000,5.37,5.36,5.37,3544800.0
2018-01-03 14:22:21.459000,5.37,5.36,5.37,3544800.0
2018-01-03 14:22:25.169000,5.37,5.36,5.37,3544800.0
2018-01-03 14:22:29.080000,5.37,5.36,5.37,3544800.0
2018-01-03 14:22:33.359000,5.37,5.36,5.37,3544800.0
2018-01-03 14:22:37.419000,5.37,5.36,5.37,3544800.0
2018-01-03 14:22:41.554000,5.37,5.36,5.37,3544800.0
2018-01-03 14:22:45.837000,5.37,5.36,5.37,3544800.0
2018-01-03 14:22:49.413000,5.37,5.36,5.37,3544800.0
2018-01-03 14:22:52.876000,5.37,5.36,5.37,3544800.0
2018-01-03 14:22:56.904000,5.37,5.36,5.37,3544800.0
2018-01-03 14:23:00.262000,5.37,5.36,5.37,3544800.0
2018-01-03 14:23:03.903000,5.37,5.36,5.37,3544800.0
2018-01-03 14:23:08.887000,5.37,5.36,5.37,3544800.0
2018-01-03 14:23:11.959000,5.37,5.36,5.37,3544800.0
2018-01-03 14:23:14.963000,5.37,5.36,5.37,3544800.0
2018-01-03 14:23:18.198000,5.37,5.36,5.37,3544800.0
2018-01-03 14:23:22.211000,5.37,5.36,5.37,3544800.0
2018-01-03 14:23:25.448000,5.37,5.36,5.37,3544800.0
2018-01-03 14:23:29.489000,5.37,5.36,5.37,3544800.0
2018-01-03 14:23:33.461000,5.37,5.36,5.37,3544800.0
2018-01-03 14:23:37.426000,5.37,5.36,5.37,3544800.0
2018-01-03 14:23:41.229000,5.37,5.36,5.37,3544800.0
2018-01-03 14:23:44.667000,5.37,5.36,5.37,3544800.0
2018-01-03 14:23:48.389000,5.37,5.36,5.37,3544800.0
2018-01-03 14:23:52.589000,5.37,5.36,5.37,3544800.0
2018-01-03 14:23:56.472000,5.37,5.36,5.37,3544800.0
2018-01-03 14:23:59.939000,5.37,5.36,5.37,3544800.0
2018-01-03 14:24:03.396000,5.37,5.36,5.37,3544800.0
2018-01-03 14:24:06.717000,5.37,5.36,5.37,3544800.0
2018-01-03 14:24:12.364000,5.37,5.36,5.37,3544800.0
2018-01-03 14:24:15.274000,5.37,5.36,5.37,3544800.0
2018-01-03 14:24:21.621000,5.37,5.36,5.37,3544800.0
2018-01-03 14:24:25.456000,5.37,5.36,5.37,3544800.0
2018-01-03 14:24:28.894000,5.37,5.36,5.37,3544800.0
2018-01-03 14:24:32.774000,5.37,5.36,5.37,3544800.0
2018-01-03 14:24:36.500000,5.37,5.36,5.37,3544800.0
2018-01-03 14:24:40.277000,5.37,5.36,5.37,3544800.0
2018-01-03 14:24:43.625000,5.37,5.36,5.37,3544800.0
2018-01-03 14:24:46.489000,5.37,5.36,5.37,3544800.0
2018-01-03 14:24:50.850000,5.37,5.36,5.37,3544800.0
2018-01-03 14:24:54.191000,5.37,5.36,5.37,3544800.0
2018-01-03 14:24:57.500000,5.37,5.36,5.37,3544800.0
2018-01-03 14:25:01.397000,5.37,5.36,5.37,3544800.0
2018-01-03 14:25:04.928000,5.37,5.36,5.37,3544800.0
2018-01-03 14:25:10.756000,5.37,5.36,5.37,3544800.0
2018-01-03 14:25:18.975000,5.37,5.36,5.37,3544800.0
2018-01-03 14:25:22.597000,5.37,5.36,5.37,3544800.0
2018-01-03 14:25:25.594000,5.37,5.36,5.37,3544800.0
2018-01-03 14:25:29.367000,5.37,5.36,5.37,3544800.0
2018-01-03 14:25:32.724000,5.37,5.36,5.37,3544800.0
2018-01-03 14:25:36.382000,5.37,5.36,5.37,3544800.0
2018-01-03 14:25:40.519000,5.37,5.36,5.37,3544800.0
2018-01-03 14:25:43.597000,5.37,5.36,5.37,3544800.0
2018-01-03 14:25:47.551000,5.37,5.36,5.37,3544800.0
2018-01-03 14:25:50.601000,5.37,5.36,5.37,3544800.0
2018-01-03 14:25:54.131000,5.37,5.36,5.37,3544800.0
2018-01-03 14:25:58.007000,5.37,5.36,5.37,3544800.0
2018-01-03 14:26:00.673000,5.37,5.36,5.37,3544800.0
2018-01-03 14:26:04.241000,5.37,5.36,5.37,3544800.0
2018-01-03 14:26:08.979000,5.37,5.36,5.37,3544800.0
2018-01-03 14:26:12.877000,5.37,5.36,5.37,3544800.0
2018-01-03 14:26:17.386000,5.37,5.36,5.37,3544800.0
2018-01-03 14:26:20.864000,5.37,5.36,5.37,3544800.0
2018-01-03 14:26:24.542000,5.37,5.36,5.37,3544800.0
2018-01-03 14:26:27.864000,5.37,5.36,5.37,3544800.0
2018-01-03 14:26:31.427000,5.37,5.36,5.37,3544800.0
2018-01-03 14:26:34.691000,5.37,5.36,5.37,3544800.0
2018-01-03 14:26:38.089000,5.37,5.36,5.37,3544800.0
2018-01-03 14:26:41.514000,5.37,5.36,5.37,3544800.0
2018-01-03 14:26:45.427000,5.37,5.36,5.37,3544800.0
2018-01-03 14:26:49.245000,5.37,5.36,5.37,3544800.0
2018-01-03 14:26:53.467000,5.37,5.36,5.37,3544800.0
2018-01-03 14:26:56.642000,5.37,5.36,5.37,3544800.0
2018-01-03 14:27:00.194000,5.37,5.36,5.37,3544800.0
2018-01-03 14:27:03.977000,5.37,5.36,5.37,3544800.0
2018-01-03 14:27:08.101000,5.37,5.36,5.37,3544800.0
2018-01-03 14:27:14.462000,5.37,5.36,5.37,3544800.0
2018-01-03 14:27:18.491000,5.37,5.36,5.37,3544800.0
2018-01-03 14:27:21.874000,5.37,5.36,5.37,3544800.0
2018-01-03 14:27:25.834000,5.37,5.36,5.37,3544800.0
2018-01-03 14:27:29.337000,5.37,5.36,5.37,3544800.0
2018-01-03 14:27:33.220000,5.37,5.36,5.37,3544800.0
2018-01-03 14:27:36.976000,5.37,5.36,5.37,3544800.0
2018-01-03 14:27:40.445000,5.37,5.36,5.37,3544800.0
2018-01-03 14:27:43.529000,5.37,5.36,5.37,3544800.0
2018-01-03 14:27:47.378000,5.37,5.36,5.37,3544800.0
2018-01-03 14:27:51.221000,5.37,5.36,5.37,3544800.0
2018-01-03 14:27:55.079000,5.37,5.36,5.37,3544800.0
2018-01-03 14:27:58.642000,5.37,5.36,5.37,3544800.0
2018-01-03 14:28:02.476000,5.37,5.36,5.37,3544800.0
2018-01-03 14:28:06.009000,5.37,5.36,5.37,3544800.0
2018-01-03 14:28:12.093000,5.37,5.36,5.37,3544800.0
2018-01-03 14:28:16.110000,5.37,5.36,5.37,3544800.0
2018-01-03 14:28:20.626000,5.37,5.36,5.37,3544800.0
2018-01-03 14:28:24.561000,5.37,5.36,5.37,3544800.0
2018-01-03 14:28:28.126000,5.37,5.36,5.37,3544800.0
2018-01-03 14:28:32.260000,5.37,5.36,5.37,3544800.0
2018-01-03 14:28:36.162000,5.37,5.36,5.37,3544800.0
2018-01-03 14:28:40.548000,5.37,5.36,5.37,3544800.0
2018-01-03 14:28:44.687000,5.37,5.36,5.37,3544800.0
2018-01-03 14:28:47.565000,5.37,5.36,5.37,3544800.0
2018-01-03 14:28:51.382000,5.37,5.36,5.37,3544800.0
2018-01-03 14:28:55.064000,5.37,5.36,5.37,3544800.0
2018-01-03 14:28:58.476000,5.37,5.36,5.37,3544800.0
2018-01-03 14:29:02.233000,5.37,5.36,5.37,3544800.0
2018-01-03 14:29:06.020000,5.37,5.36,5.37,3544800.0
2018-01-03 14:29:11.381000,5.37,5.36,5.37,3544800.0
2018-01-03 14:29:15.143000,5.37,5.36,5.37,3544800.0
2018-01-03 14:29:19.084000,5.37,5.36,5.37,3544800.0
2018-01-03 14:29:22.753000,5.37,5.36,5.37,3544800.0
2018-01-03 14:29:26.078000,5.37,5.36,5.37,3544800.0
2018-01-03 14:29:29.565000,5.37,5.36,5.37,3544800.0
2018-01-03 14:29:33.442000,5.37,5.36,5.37,3544800.0
2018-01-03 14:29:37.118000,5.37,5.36,5.37,3544800.0
2018-01-03 14:29:40.655000,5.37,5.36,5.37,3544800.0
2018-01-03 14:29:44.455000,5.37,5.36,5.37,3544800.0
2018-01-03 14:29:47.919000,5.37,5.36,5.37,3544800.0
2018-01-03 14:29:51.277000,5.37,5.36,5.37,3544800.0
2018-01-03 14:29:54.671000,5.37,5.36,5.37,3544800.0
2018-01-03 14:29:58.605000,5.37,5.36,5.37,3544800.0
2018-01-03 14:30:02.092000,5.37,5.36,5.37,3544800.0
2018-01-03 14:30:05.812000,5.37,5.36,5.37,3544800.0
2018-01-03 14:30:09.101000,5.37,5.36,5.37,3544800.0
2018-01-03 14:30:14.654000,5.37,5.36,5.37,3544800.0
2018-01-03 14:30:18.316000,5.37,5.36,5.37,3544800.0
2018-01-03 14:30:21.098000,5.37,5.36,5.37,3544800.0
2018-01-03 14:30:28.914000,5.37,5.36,5.37,3544800.0
2018-01-03 14:30:32.948000,5.37,5.36,5.37,3544800.0
2018-01-03 14:30:36.370000,5.37,5.36,5.37,3544800.0
2018-01-03 14:30:40.099000,5.37,5.36,5.37,3544800.0
2018-01-03 14:30:44.101000,5.37,5.36,5.37,3544800.0
2018-01-03 14:30:47.770000,5.37,5.36,5.37,3544800.0
2018-01-03 14:30:50.953000,5.37,5.36,5.37,3544800.0
2018-01-03 14:30:53.816000,5.37,5.36,5.37,3544800.0
2018-01-03 14:30:57.795000,5.37,5.36,5.37,3544800.0
2018-01-03 14:31:01.770000,5.37,5.36,5.37,3544800.0
2018-01-03 14:31:09.939000,5.37,5.36,5.37,3544800.0
2018-01-03 14:31:13.791000,5.37,5.36,5.37,3544800.0
2018-01-03 14:31:17.576000,5.37,5.36,5.37,3544800.0
2018-01-03 14:31:21.233000,5.37,5.36,5.37,3544800.0
2018-01-03 14:31:24.227000,5.37,5.36,5.37,3544800.0
2018-01-03 14:31:28.664000,5.37,5.36,5.37,3544800.0
2018-01-03 14:31:32.705000,5.37,5.36,5.37,3544800.0
2018-01-03 14:31:36.174000,5.37,5.36,5.37,3544800.0
2018-01-03 14:31:40.081000,5.37,5.36,5.37,3544800.0
2018-01-03 14:31:44.527000,5.37,5.36,5.37,3544800.0
2018-01-03 14:31:47.374000,5.37,5.36,5.37,3544800.0
2018-01-03 14:31:50.921000,5.37,5.36,5.37,3544800.0
2018-01-03 14:31:54.724000,5.37,5.36,5.37,3544800.0
2018-01-03 14:31:58.854000,5.37,5.36,5.37,3544800.0
2018-01-03 14:32:02.884000,5.37,5.36,5.37,3544800.0
2018-01-03 14:32:06.049000,5.37,5.36,5.37,3544800.0
2018-01-03 14:32:11.005000,5.37,5.36,5.37,3544800.0
2018-01-03 14:32:14.500000,5.37,5.36,5.38,3552300.0
2018-01-03 14:32:18.073000,5.37,5.36,5.38,3552300.0
2018-01-03 14:32:21.516000,5.37,5.36,5.38,3552300.0
2018-01-03 14:32:24.857000,5.37,5.36,5.38,3552300.0
2018-01-03 14:32:28.879000,5.37,5.36,5.38,3552300.0
2018-01-03 14:32:32.634000,5.37,5.36,5.38,3552300.0
2018-01-03 14:32:36.057000,5.37,5.36,5.38,3552300.0
2018-01-03 14:32:40.044000,5.37,5.36,5.38,3552300.0
2018-01-03 14:32:43.966000,5.37,5.36,5.38,3552300.0
2018-01-03 14:32:48.090000,5.37,5.36,5.38,3552300.0
2018-01-03 14:32:50.901000,5.37,5.36,5.38,3552300.0
2018-01-03 14:32:54.366000,5.37,5.36,5.38,3552300.0
2018-01-03 14:32:58.085000,5.37,5.36,5.38,3552300.0
2018-01-03 14:33:01.750000,5.37,5.36,5.38,3552300.0
2018-01-03 14:33:05.410000,5.37,5.36,5.38,3552300.0
2018-01-03 14:33:11.835000,5.37,5.36,5.38,3552300.0
2018-01-03 14:33:15.752000,5.37,5.37,5.38,3552300.0
2018-01-03 14:33:19.457000,5.37,5.37,5.38,3552300.0
2018-01-03 14:33:22.701000,5.37,5.37,5.38,3552300.0
2018-01-03 14:33:26.505000,5.37,5.37,5.38,3552300.0
2018-01-03 14:33:29.725000,5.37,5.37,5.38,3552300.0
2018-01-03 14:33:33.330000,5.37,5.37,5.38,3552300.0
2018-01-03 14:33:37.020000,5.37,5.37,5.38,3552300.0
2018-01-03 14:33:39.918000,5.37,5.37,5.38,3552300.0
2018-01-03 14:33:44.469000,5.37,5.37,5.38,3552300.0
2018-01-03 14:33:47.929000,5.37,5.37,5.38,3552300.0
2018-01-03 14:33:52.007000,5.37,5.37,5.38,3552300.0
2018-01-03 14:33:55.753000,5.37,5.37,5.38,3552300.0
2018-01-03 14:33:59.279000,5.37,5.37,5.38,3552300.0
2018-01-03 14:34:02.683000,5.37,5.37,5.38,3552300.0
2018-01-03 14:34:05.643000,5.37,5.37,5.38,3552300.0
2018-01-03 14:34:11.784000,5.37,5.37,5.38,3552300.0
2018-01-03 14:34:15.030000,5.37,5.37,5.38,3552300.0
2018-01-03 14:34:19.020000,5.37,5.37,5.38,3552300.0
2018-01-03 14:34:22.030000,5.37,5.37,5.38,3552300.0
2018-01-03 14:34:25.154000,5.37,5.37,5.38,3552300.0
2018-01-03 14:34:28.967000,5.37,5.37,5.38,3552300.0
2018-01-03 14:34:32.434000,5.37,5.37,5.38,3552300.0
2018-01-03 14:34:35.774000,5.37,5.37,5.38,3552300.0
2018-01-03 14:34:39.345000,5.37,5.36,5.38,3552300.0
2018-01-03 14:34:42.759000,5.37,5.36,5.38,3552300.0
2018-01-03 14:34:46.474000,5.37,5.36,5.38,3552300.0
2018-01-03 14:34:49.791000,5.37,5.36,5.38,3552300.0
2018-01-03 14:34:52.559000,5.37,5.36,5.38,3552300.0
2018-01-03 14:34:55.852000,5.37,5.36,5.38,3552300.0
2018-01-03 14:34:59.684000,5.37,5.36,5.38,3552300.0
2018-01-03 14:35:03.227000,5.37,5.36,5.38,3552300.0
2018-01-03 14:35:07.169000,5.37,5.36,5.38,3552300.0
2018-01-03 14:35:11.062000,5.37,5.36,5.38,3552300.0
2018-01-03 14:35:14.795000,5.37,5.36,5.38,3552300.0
2018-01-03 14:35:18.860000,5.37,5.36,5.38,3552300.0
2018-01-03 14:35:22.723000,5.37,5.36,5.38,3552300.0
2018-01-03 14:35:26.393000,5.37,5.36,5.38,3552300.0
2018-01-03 14:35:29.900000,5.37,5.36,5.38,3552300.0
2018-01-03 14:35:33.378000,5.37,5.36,5.38,3552300.0
2018-01-03 14:35:36.836000,5.37,5.36,5.38,3552300.0
2018-01-03 14:35:40.784000,5.38,5.36,5.38,3622300.0
2018-01-03 14:35:44.298000,5.38,5.36,5.38,3622300.0
2018-01-03 14:35:47.629000,5.38,5.36,5.38,3622300.0
2018-01-03 14:35:51.537000,5.38,5.36,5.38,3622300.0
2018-01-03 14:35:54.620000,5.38,5.36,5.38,3622300.0
2018-01-03 14:35:58.279000,5.38,5.36,5.38,3622300.0
2018-01-03 14:36:02.273000,5.38,5.36,5.38,3622300.0
2018-01-03 14:36:05.582000,5.38,5.36,5.38,3622300.0
2018-01-03 14:36:11.389000,5.38,5.36,5.38,3622300.0
2018-01-03 14:36:16.356000,5.38,5.36,5.38,3622300.0
2018-01-03 14:36:19.789000,5.38,5.36,5.38,3622300.0
2018-01-03 14:36:24.095000,5.38,5.36,5.38,3622300.0
2018-01-03 14:36:27.572000,5.38,5.36,5.38,3622300.0
2018-01-03 14:36:31.627000,5.38,5.36,5.38,3622300.0
2018-01-03 14:36:35.827000,5.38,5.36,5.38,3622300.0
2018-01-03 14:36:39.175000,5.38,5.36,5.38,3622300.0
2018-01-03 14:36:42.322000,5.38,5.36,5.38,3622300.0
2018-01-03 14:36:45.627000,5.38,5.36,5.38,3622300.0
2018-01-03 14:36:49.121000,5.38,5.36,5.38,3622300.0
2018-01-03 14:36:52.690000,5.38,5.36,5.38,3622300.0
2018-01-03 14:36:56.331000,5.38,5.36,5.38,3622300.0
2018-01-03 14:36:59.821000,5.38,5.36,5.38,3622300.0
2018-01-03 14:37:03.351000,5.38,5.36,5.38,3622300.0
2018-01-03 14:37:08.104000,5.38,5.36,5.38,3622300.0
2018-01-03 14:37:12.027000,5.38,5.36,5.38,3622300.0
2018-01-03 14:37:15.853000,5.38,5.36,5.38,3622300.0
2018-01-03 14:37:19.531000,5.38,5.36,5.38,3622300.0
2018-01-03 14:37:22.789000,5.38,5.36,5.38,3622300.0
2018-01-03 14:37:26.399000,5.38,5.36,5.38,3622300.0
2018-01-03 14:37:29.760000,5.38,5.36,5.38,3622300.0
2018-01-03 14:37:32.816000,5.38,5.36,5.38,3622300.0
2018-01-03 14:37:37.142000,5.38,5.36,5.38,3622300.0
2018-01-03 14:37:41.042000,5.38,5.36,5.38,3622300.0
2018-01-03 14:37:43.872000,5.38,5.36,5.38,3622300.0
2018-01-03 14:37:47.517000,5.38,5.36,5.38,3622300.0
2018-01-03 14:37:50.744000,5.38,5.36,5.38,3622300.0
2018-01-03 14:37:54.084000,5.38,5.36,5.38,3622300.0
2018-01-03 14:37:57.977000,5.38,5.36,5.38,3622300.0
2018-01-03 14:38:01.673000,5.38,5.36,5.38,3622300.0
2018-01-03 14:38:11.574000,5.38,5.36,5.38,3622300.0
2018-01-03 14:38:15.291000,5.38,5.36,5.38,3622300.0
2018-01-03 14:38:18.857000,5.38,5.36,5.38,3622300.0
2018-01-03 14:38:22.976000,5.38,5.36,5.38,3622300.0
2018-01-03 14:38:26.256000,5.38,5.36,5.38,3622300.0
2018-01-03 14:38:29.548000,5.38,5.36,5.38,3622300.0
2018-01-03 14:38:33.223000,5.38,5.36,5.38,3622300.0
2018-01-03 14:38:36.564000,5.38,5.36,5.38,3622300.0
2018-01-03 14:38:40.414000,5.38,5.36,5.38,3622300.0
2018-01-03 14:38:44.336000,5.38,5.36,5.38,3622300.0
2018-01-03 14:38:48.016000,5.38,5.36,5.38,3622300.0
2018-01-03 14:38:51.630000,5.38,5.36,5.38,3622300.0
2018-01-03 14:38:54.997000,5.38,5.36,5.38,3622300.0
2018-01-03 14:38:58.405000,5.38,5.36,5.38,3622300.0
2018-01-03 14:39:01.279000,5.38,5.36,5.38,3622300.0
2018-01-03 14:39:05.280000,5.38,5.36,5.38,3622300.0
2018-01-03 14:39:10.974000,5.38,5.36,5.38,3622300.0
2018-01-03 14:39:16.350000,5.38,5.36,5.38,3622300.0
2018-01-03 14:39:20.043000,5.38,5.36,5.38,3622300.0
2018-01-03 14:39:23.726000,5.38,5.36,5.38,3622300.0
2018-01-03 14:39:26.600000,5.38,5.36,5.38,3622300.0
2018-01-03 14:39:30.737000,5.38,5.36,5.38,3622300.0
2018-01-03 14:39:34.521000,5.38,5.36,5.38,3622300.0
2018-01-03 14:39:37.721000,5.38,5.36,5.38,3622300.0
2018-01-03 14:39:41.650000,5.38,5.36,5.38,3622300.0
2018-01-03 14:39:45.691000,5.38,5.36,5.38,3622300.0
2018-01-03 14:39:48.807000,5.38,5.36,5.38,3622300.0
2018-01-03 14:39:52.738000,5.38,5.36,5.38,3622300.0
2018-01-03 14:39:55.587000,5.38,5.36,5.38,3622300.0
2018-01-03 14:39:59.519000,5.38,5.36,5.38,3622300.0
2018-01-03 14:40:03.063000,5.38,5.36,5.38,3622300.0
2018-01-03 14:40:06.850000,5.38,5.36,5.38,3622300.0
2018-01-03 14:40:13.098000,5.38,5.36,5.38,3622300.0
2018-01-03 14:40:16.476000,5.38,5.36,5.38,3622300.0
2018-01-03 14:40:20.182000,5.38,5.36,5.38,3622300.0
2018-01-03 14:40:23.651000,5.38,5.36,5.38,3622300.0
2018-01-03 14:40:27.326000,5.38,5.36,5.38,3622300.0
2018-01-03 14:40:30.556000,5.38,5.36,5.38,3622300.0
2018-01-03 14:40:33.769000,5.38,5.36,5.38,3622300.0
2018-01-03 14:40:37.441000,5.38,5.36,5.38,3622300.0
2018-01-03 14:40:41.692000,5.38,5.36,5.38,3622300.0
2018-01-03 14:40:45.492000,5.38,5.36,5.38,3622300.0
2018-01-03 14:40:49.517000,5.38,5.36,5.38,3622300.0
2018-01-03 14:40:53.440000,5.38,5.36,5.38,3622300.0
2018-01-03 14:40:57.508000,5.38,5.36,5.38,3622300.0
2018-01-03 14:41:01.468000,5.38,5.36,5.38,3622300.0
2018-01-03 14:41:05.606000,5.38,5.36,5.38,3622300.0
2018-01-03 14:41:12.587000,5.38,5.36,5.38,3622300.0
2018-01-03 14:41:19.372000,5.38,5.36,5.38,3622300.0
2018-01-03 14:41:22.817000,5.38,5.36,5.38,3622300.0
2018-01-03 14:41:26.768000,5.38,5.36,5.38,3622300.0
2018-01-03 14:41:30.548000,5.38,5.36,5.38,3622300.0
2018-01-03 14:41:34.288000,5.38,5.37,5.38,3622300.0
2018-01-03 14:41:37.852000,5.38,5.37,5.38,3622300.0
2018-01-03 14:41:41.544000,5.38,5.37,5.38,3622300.0
2018-01-03 14:41:44.663000,5.38,5.37,5.38,3622300.0
2018-01-03 14:41:48.584000,5.38,5.37,5.38,3622300.0
2018-01-03 14:41:51.946000,5.38,5.37,5.38,3622300.0
2018-01-03 14:41:55.942000,5.38,5.37,5.38,3622300.0
2018-01-03 14:41:59.600000,5.38,5.37,5.38,3622300.0
2018-01-03 14:42:03.269000,5.38,5.37,5.38,3622300.0
2018-01-03 14:42:07.063000,5.38,5.37,5.38,3622300.0
2018-01-03 14:42:11.020000,5.38,5.37,5.38,3622300.0
2018-01-03 14:42:16.585000,5.38,5.37,5.38,3622300.0
2018-01-03 14:42:21.827000,5.38,5.37,5.38,3622300.0
2018-01-03 14:42:25.263000,5.38,5.37,5.38,3622300.0
2018-01-03 14:42:28.254000,5.38,5.37,5.38,3622300.0
2018-01-03 14:42:32.175000,5.38,5.37,5.38,3622300.0
2018-01-03 14:42:36.078000,5.38,5.37,5.38,3622300.0
2018-01-03 14:42:39.453000,5.38,5.37,5.38,3622300.0
2018-01-03 14:42:43.189000,5.38,5.37,5.38,3622300.0
2018-01-03 14:42:47.149000,5.38,5.37,5.38,3622300.0
2018-01-03 14:42:50.638000,5.38,5.37,5.38,3622300.0
2018-01-03 14:42:54.375000,5.38,5.37,5.38,3622300.0
2018-01-03 14:42:58.095000,5.38,5.37,5.38,3622300.0
2018-01-03 14:43:01.330000,5.38,5.37,5.38,3622300.0
2018-01-03 14:43:05.109000,5.38,5.37,5.38,3622300.0
2018-01-03 14:43:08.779000,5.38,5.37,5.38,3622300.0
2018-01-03 14:43:12.766000,5.38,5.37,5.38,3622300.0
2018-01-03 14:43:15.839000,5.38,5.37,5.38,3622300.0
2018-01-03 14:43:19.589000,5.38,5.37,5.38,3622300.0
2018-01-03 14:43:22.901000,5.38,5.37,5.38,3622300.0
2018-01-03 14:43:26.285000,5.38,5.37,5.38,3622300.0
2018-01-03 14:43:30.570000,5.38,5.37,5.38,3622300.0
2018-01-03 14:43:34.135000,5.38,5.37,5.38,3622300.0
2018-01-03 14:43:37.936000,5.38,5.37,5.38,3622300.0
2018-01-03 14:43:41.307000,5.38,5.37,5.38,3622300.0
2018-01-03 14:43:45.172000,5.38,5.37,5.38,3622300.0
2018-01-03 14:43:48.946000,5.38,5.37,5.38,3622300.0
2018-01-03 14:43:52.380000,5.38,5.37,5.38,3622300.0
2018-01-03 14:43:56.265000,5.38,5.37,5.38,3622300.0
2018-01-03 14:43:59.608000,5.38,5.37,5.38,3622300.0
2018-01-03 14:44:03.899000,5.38,5.37,5.38,3622300.0
2018-01-03 14:44:08.180000,5.38,5.37,5.38,3622300.0
2018-01-03 14:44:11.981000,5.38,5.37,5.38,3622300.0
2018-01-03 14:44:16.762000,5.38,5.37,5.38,3622300.0
2018-01-03 14:44:20.781000,5.38,5.37,5.38,3622300.0
2018-01-03 14:44:24.713000,5.38,5.37,5.38,3622300.0
2018-01-03 14:44:28.797000,5.38,5.37,5.38,3622300.0
2018-01-03 14:44:31.967000,5.38,5.37,5.38,3622300.0
2018-01-03 14:44:35.520000,5.38,5.37,5.38,3622300.0
2018-01-03 14:44:38.534000,5.38,5.37,5.38,3622300.0
2018-01-03 14:44:41.840000,5.38,5.37,5.38,3622300.0
2018-01-03 14:44:45.504000,5.38,5.37,5.38,3622300.0
2018-01-03 14:44:48.474000,5.38,5.37,5.38,3622300.0
2018-01-03 14:44:51.787000,5.38,5.37,5.38,3622300.0
2018-01-03 14:44:55.701000,5.38,5.37,5.38,3622300.0
2018-01-03 14:44:59.456000,5.38,5.37,5.38,3622300.0
2018-01-03 14:45:03.750000,5.38,5.37,5.38,3622300.0
2018-01-03 14:45:07.420000,5.38,5.37,5.38,3622300.0
2018-01-03 14:45:11.373000,5.38,5.37,5.38,3622300.0
2018-01-03 14:45:15.834000,5.38,5.37,5.38,3622300.0
2018-01-03 14:45:19.182000,5.38,5.37,5.38,3622300.0
2018-01-03 14:45:23.140000,5.38,5.37,5.38,3622300.0
2018-01-03 14:45:26.726000,5.38,5.37,5.38,3622300.0
2018-01-03 14:45:30.362000,5.38,5.37,5.38,3622300.0
2018-01-03 14:45:34.237000,5.38,5.37,5.38,3622300.0
2018-01-03 14:45:37.840000,5.38,5.37,5.38,3622300.0
2018-01-03 14:45:41.917000,5.38,5.37,5.38,3622300.0
2018-01-03 14:45:45.349000,5.38,5.37,5.38,3622300.0
2018-01-03 14:45:49.257000,5.38,5.37,5.38,3622300.0
2018-01-03 14:45:52.961000,5.38,5.37,5.38,3622300.0
2018-01-03 14:45:57.082000,5.38,5.37,5.38,3622300.0
2018-01-03 14:46:00.639000,5.38,5.37,5.38,3622300.0
2018-01-03 14:46:04.384000,5.38,5.37,5.38,3622300.0
2018-01-03 14:46:08.315000,5.38,5.37,5.38,3622300.0
2018-01-03 14:46:14.452000,5.38,5.37,5.38,3652300.0
2018-01-03 14:46:18.495000,5.38,5.37,5.38,3652300.0
2018-01-03 14:46:22.487000,5.38,5.37,5.38,3652300.0
2018-01-03 14:46:26.451000,5.38,5.37,5.38,3652300.0
2018-01-03 14:46:30.427000,5.38,5.37,5.38,3652300.0
2018-01-03 14:46:34.659000,5.38,5.37,5.38,3652300.0
2018-01-03 14:46:38.587000,5.38,5.37,5.38,3652300.0
2018-01-03 14:46:42.327000,5.38,5.37,5.38,3652300.0
2018-01-03 14:46:46.087000,5.38,5.37,5.38,3652300.0
2018-01-03 14:46:50.109000,5.38,5.37,5.38,3652300.0
2018-01-03 14:46:53.590000,5.38,5.37,5.38,3652300.0
2018-01-03 14:46:56.719000,5.38,5.37,5.38,3652300.0
2018-01-03 14:47:00.260000,5.38,5.37,5.38,3652300.0
2018-01-03 14:47:03.875000,5.38,5.37,5.38,3652300.0
2018-01-03 14:47:10.152000,5.38,5.37,5.38,3652300.0
2018-01-03 14:47:13.860000,5.38,5.37,5.38,3652300.0
2018-01-03 14:47:18.013000,5.38,5.37,5.38,3652300.0
2018-01-03 14:47:21.817000,5.38,5.37,5.38,3652300.0
2018-01-03 14:47:25.535000,5.38,5.37,5.38,3652300.0
2018-01-03 14:47:28.825000,5.38,5.37,5.38,3652300.0
2018-01-03 14:47:32.570000,5.38,5.37,5.38,3652300.0
2018-01-03 14:47:35.697000,5.38,5.37,5.38,3652300.0
2018-01-03 14:47:39.586000,5.38,5.37,5.38,3652300.0
2018-01-03 14:47:43.497000,5.38,5.37,5.38,3652300.0
2018-01-03 14:47:47.585000,5.38,5.37,5.38,3652300.0
2018-01-03 14:47:51.248000,5.38,5.37,5.38,3652300.0
2018-01-03 14:47:55.435000,5.38,5.37,5.38,3652300.0
2018-01-03 14:47:58.995000,5.38,5.37,5.38,3652300.0
2018-01-03 14:48:02.740000,5.38,5.37,5.38,3652300.0
2018-01-03 14:48:06.567000,5.38,5.37,5.38,3652300.0
2018-01-03 14:48:12.820000,5.38,5.37,5.38,3652300.0
2018-01-03 14:48:16.620000,5.38,5.37,5.38,3652300.0
2018-01-03 14:48:20.362000,5.38,5.37,5.38,3652300.0
2018-01-03 14:48:24.242000,5.38,5.37,5.38,3652300.0
2018-01-03 14:48:28.061000,5.38,5.37,5.38,3652300.0
2018-01-03 14:48:31.428000,5.38,5.37,5.38,3652300.0
2018-01-03 14:48:34.711000,5.38,5.37,5.38,3652300.0
2018-01-03 14:48:38.387000,5.38,5.37,5.38,3652300.0
2018-01-03 14:48:42.411000,5.38,5.37,5.38,3652300.0
2018-01-03 14:48:46.339000,5.38,5.37,5.38,3652300.0
2018-01-03 14:48:49.660000,5.38,5.37,5.38,3652300.0
2018-01-03 14:48:52.965000,5.38,5.37,5.38,3652300.0
2018-01-03 14:48:57.149000,5.38,5.37,5.38,3652300.0
2018-01-03 14:49:00.737000,5.38,5.37,5.38,3652300.0
2018-01-03 14:49:05.590000,5.38,5.37,5.38,3652300.0
2018-01-03 14:49:08.708000,5.38,5.37,5.38,3652300.0
2018-01-03 14:49:13.896000,5.38,5.37,5.38,3652300.0
2018-01-03 14:49:17.381000,5.38,5.37,5.38,3652300.0
2018-01-03 14:49:21.007000,5.38,5.37,5.38,3652300.0
2018-01-03 14:49:24.645000,5.38,5.37,5.38,3652300.0
2018-01-03 14:49:28.597000,5.38,5.37,5.38,3652300.0
2018-01-03 14:49:31.810000,5.38,5.37,5.38,3652300.0
2018-01-03 14:49:35.612000,5.38,5.37,5.38,3670500.0
2018-01-03 14:49:38.794000,5.38,5.37,5.38,3670500.0
2018-01-03 14:49:42.773000,5.38,5.37,5.38,3670500.0
2018-01-03 14:49:47.031000,5.38,5.37,5.38,3670500.0
2018-01-03 14:49:50.950000,5.38,5.37,5.38,3670500.0
2018-01-03 14:49:54.638000,5.38,5.37,5.38,3670500.0
2018-01-03 14:49:57.982000,5.38,5.37,5.38,3670500.0
2018-01-03 14:50:01.957000,5.38,5.37,5.38,3670500.0
2018-01-03 14:50:09.806000,5.38,5.37,5.38,3670500.0
2018-01-03 14:50:17.133000,5.38,5.37,5.38,3670500.0
2018-01-03 14:50:20.541000,5.38,5.37,5.38,3670500.0
2018-01-03 14:50:24.526000,5.38,5.37,5.38,3670500.0
2018-01-03 14:50:28.542000,5.38,5.37,5.38,3670500.0
2018-01-03 14:50:32.073000,5.38,5.37,5.38,3670500.0
2018-01-03 14:50:52.389000,5.38,5.37,5.38,3670500.0
2018-01-03 14:50:56.138000,5.38,5.37,5.38,3670500.0
2018-01-03 14:50:59.870000,5.38,5.37,5.38,3670500.0
2018-01-03 14:51:03.877000,5.38,5.37,5.38,3670500.0
2018-01-03 14:51:10.955000,5.38,5.37,5.38,3670500.0
2018-01-03 14:51:14.568000,5.38,5.37,5.38,3670500.0
2018-01-03 14:51:18.153000,5.38,5.37,5.38,3670500.0
2018-01-03 14:51:22.031000,5.38,5.37,5.38,3670500.0
2018-01-03 14:51:25.361000,5.38,5.37,5.38,3670500.0
2018-01-03 14:51:29.443000,5.38,5.37,5.38,3670500.0
2018-01-03 14:51:33.393000,5.38,5.37,5.38,3670500.0
2018-01-03 14:51:36.943000,5.38,5.37,5.38,3670500.0
2018-01-03 14:51:40.549000,5.38,5.37,5.38,3670500.0
2018-01-03 14:51:44.478000,5.38,5.37,5.38,3670500.0
2018-01-03 14:51:47.422000,5.38,5.37,5.38,3670500.0
2018-01-03 14:51:51.329000,5.38,5.37,5.38,3670500.0
2018-01-03 14:51:54.199000,5.38,5.37,5.38,3670500.0
2018-01-03 14:51:57.634000,5.38,5.37,5.38,3670500.0
2018-01-03 14:52:01.144000,5.38,5.37,5.38,3670500.0
2018-01-03 14:52:04.786000,5.38,5.37,5.38,3670500.0
2018-01-03 14:52:08.435000,5.38,5.37,5.38,3670500.0
2018-01-03 14:52:14.341000,5.38,5.37,5.38,3670500.0
2018-01-03 14:52:18.079000,5.38,5.37,5.38,3670500.0
2018-01-03 14:52:23.297000,5.38,5.37,5.38,3670500.0
2018-01-03 14:52:26.643000,5.38,5.37,5.38,3670500.0
2018-01-03 14:52:30.332000,5.38,5.37,5.38,3670500.0
2018-01-03 14:52:34.291000,5.38,5.37,5.38,3670500.0
2018-01-03 14:52:38.300000,5.38,5.37,5.38,3670500.0
2018-01-03 14:52:42.086000,5.38,5.37,5.38,3670500.0
2018-01-03 14:52:45.476000,5.38,5.37,5.38,3670500.0
2018-01-03 14:52:48.973000,5.38,5.37,5.38,3670500.0
2018-01-03 14:52:52.092000,5.38,5.37,5.38,3670500.0
2018-01-03 14:52:56.036000,5.38,5.37,5.38,3670500.0
2018-01-03 14:52:59.395000,5.38,5.37,5.38,3670500.0
2018-01-03 14:53:02.697000,5.38,5.37,5.38,3670500.0
2018-01-03 14:53:05.732000,5.38,5.37,5.38,3670500.0
2018-01-03 14:53:09.627000,5.38,5.37,5.38,3670500.0
2018-01-03 14:53:15.284000,5.38,5.37,5.38,3670500.0
2018-01-03 14:53:19.266000,5.38,5.37,5.38,3670500.0
2018-01-03 14:53:22.974000,5.38,5.37,5.38,3670500.0
2018-01-03 14:53:26.392000,5.38,5.37,5.38,3670500.0
2018-01-03 14:53:29.449000,5.38,5.37,5.38,3670500.0
2018-01-03 14:53:33.074000,5.38,5.37,5.38,3670500.0
2018-01-03 14:53:36.228000,5.38,5.37,5.38,3670500.0
2018-01-03 14:53:40.125000,5.38,5.37,5.38,3670500.0
2018-01-03 14:53:43.877000,5.38,5.37,5.38,3670500.0
2018-01-03 14:53:47.827000,5.38,5.37,5.38,3670500.0
2018-01-03 14:53:51.929000,5.38,5.37,5.38,3670500.0
2018-01-03 14:53:55.761000,5.38,5.37,5.38,3670500.0
2018-01-03 14:53:59.502000,5.38,5.37,5.38,3670500.0
2018-01-03 14:54:02.822000,5.38,5.37,5.38,3670500.0
2018-01-03 14:54:09.544000,5.38,5.37,5.38,3670500.0
2018-01-03 14:54:13.527000,5.38,5.37,5.38,3670500.0
2018-01-03 14:54:17.260000,5.38,5.37,5.38,3670500.0
2018-01-03 14:54:21.203000,5.38,5.37,5.38,3670500.0
2018-01-03 14:54:25.069000,5.38,5.37,5.38,3670500.0
2018-01-03 14:54:28.427000,5.38,5.37,5.38,3670500.0
2018-01-03 14:54:32.388000,5.38,5.37,5.38,3670500.0
2018-01-03 14:54:36.058000,5.38,5.37,5.38,3670500.0
2018-01-03 14:54:40.023000,5.38,5.37,5.38,3670500.0
2018-01-03 14:54:43.681000,5.38,5.37,5.38,3670500.0
2018-01-03 14:54:47.375000,5.38,5.37,5.38,3671500.0
2018-01-03 14:54:51.303000,5.38,5.37,5.38,3671500.0
2018-01-03 14:54:55.107000,5.38,5.37,5.38,3671500.0
2018-01-03 14:54:58.444000,5.38,5.37,5.38,3671500.0
2018-01-03 14:55:01.645000,5.38,5.37,5.38,3671500.0
2018-01-03 14:55:07.498000,5.38,5.37,5.38,3671500.0
2018-01-03 14:55:13.439000,5.38,5.37,5.38,3671500.0
2018-01-03 14:55:17.251000,5.38,5.37,5.38,3671500.0
2018-01-03 14:55:20.781000,5.38,5.37,5.38,3671500.0
2018-01-03 14:55:24.729000,5.38,5.37,5.38,3671500.0
2018-01-03 14:55:28.374000,5.38,5.37,5.38,3671500.0
2018-01-03 14:55:32.136000,5.38,5.37,5.38,3671500.0
2018-01-03 14:55:36.106000,5.38,5.37,5.38,3671500.0
2018-01-03 14:55:39.923000,5.38,5.37,5.38,3671500.0
2018-01-03 14:55:43.470000,5.38,5.37,5.38,3671500.0
2018-01-03 14:55:47.442000,5.38,5.37,5.38,3671500.0
2018-01-03 14:55:51.362000,5.38,5.37,5.38,3671500.0
2018-01-03 14:55:54.671000,5.38,5.37,5.38,3671500.0
2018-01-03 14:55:58.410000,5.38,5.37,5.38,3671500.0
2018-01-03 14:56:02.161000,5.38,5.37,5.38,3671500.0
2018-01-03 14:56:05.980000,5.38,5.37,5.38,3671500.0
2018-01-03 14:56:09.705000,5.38,5.37,5.38,3671500.0
2018-01-03 14:56:13.544000,5.38,5.37,5.38,3671500.0
2018-01-03 14:56:17.071000,5.38,5.37,5.38,3671500.0
2018-01-03 14:56:20.983000,5.38,5.37,5.38,3671500.0
2018-01-03 14:56:24.544000,5.38,5.37,5.38,3671500.0
2018-01-03 14:56:28.225000,5.38,5.37,5.38,3671500.0
2018-01-03 14:56:31.870000,5.38,5.37,5.38,3671500.0
2018-01-03 14:56:35.703000,5.38,5.37,5.38,3671500.0
2018-01-03 14:56:39.262000,5.38,5.37,5.38,3671500.0
2018-01-03 14:56:43.110000,5.38,5.37,5.38,3671500.0
2018-01-03 14:56:47.125000,5.38,5.37,5.38,3671500.0
2018-01-03 14:56:50.990000,5.38,5.37,5.38,3671500.0
2018-01-03 14:56:54.450000,5.38,5.37,5.38,3671500.0
2018-01-03 14:56:58.635000,5.38,5.37,5.38,3671500.0
2018-01-03 14:57:02.509000,5.38,5.37,5.38,3671500.0
2018-01-03 14:57:09.284000,5.38,5.37,5.38,3671500.0
2018-01-03 14:57:13.247000,5.38,5.37,5.38,3671500.0
2018-01-03 14:57:17.160000,5.38,5.37,5.38,3671500.0
2018-01-03 14:57:20.438000,5.38,5.37,5.38,3671500.0
2018-01-03 14:57:23.860000,5.37,5.36,5.38,3701500.0
2018-01-03 14:57:27.341000,5.37,5.36,5.38,3701500.0
2018-01-03 14:57:31.210000,5.37,5.36,5.38,3701500.0
2018-01-03 14:57:34.889000,5.37,5.36,5.38,3701500.0
2018-01-03 14:57:38.607000,5.37,5.36,5.38,3701500.0
2018-01-03 14:57:42.043000,5.37,5.36,5.38,3701500.0
2018-01-03 14:57:46.124000,5.37,5.36,5.38,3701500.0
2018-01-03 14:57:49.528000,5.37,5.36,5.38,3701500.0
2018-01-03 14:57:52.973000,5.37,5.36,5.38,3701500.0
2018-01-03 14:57:56.457000,5.37,5.36,5.38,3701500.0
2018-01-03 14:57:59.897000,5.37,5.36,5.38,3701500.0
2018-01-03 14:58:03.587000,5.37,5.36,5.38,3701500.0
2018-01-03 14:58:09.683000,5.37,5.36,5.38,3701500.0
2018-01-03 14:58:14.833000,5.37,5.36,5.38,3701500.0
2018-01-03 14:58:18.648000,5.37,5.36,5.38,3701500.0
2018-01-03 14:58:22.770000,5.37,5.36,5.38,3701500.0
2018-01-03 14:58:26.733000,5.37,5.36,5.38,3701500.0
2018-01-03 14:58:30.719000,5.37,5.36,5.38,3701500.0
2018-01-03 14:58:34.548000,5.37,5.36,5.38,3701500.0
2018-01-03 14:58:38.458000,5.37,5.36,5.38,3701500.0
2018-01-03 14:58:41.655000,5.37,5.36,5.38,3701500.0
2018-01-03 14:58:45.464000,5.37,5.36,5.38,3701500.0
2018-01-03 14:58:49.060000,5.37,5.36,5.38,3701500.0
2018-01-03 14:58:52.427000,5.37,5.36,5.38,3701500.0
2018-01-03 14:58:56.484000,5.37,5.36,5.38,3701500.0
2018-01-03 14:59:00.178000,5.37,5.36,5.38,3701500.0
2018-01-03 14:59:03.737000,5.37,5.36,5.38,3701500.0
2018-01-03 14:59:09.624000,5.37,5.36,5.38,3701500.0
2018-01-03 14:59:13.412000,5.37,5.36,5.38,3701500.0
2018-01-03 14:59:16.904000,5.37,5.36,5.38,3701500.0
2018-01-03 14:59:20.944000,5.37,5.36,5.38,3701500.0
2018-01-03 14:59:24.841000,5.37,5.36,5.38,3701500.0
2018-01-03 14:59:28.416000,5.37,5.36,5.38,3701500.0
2018-01-03 14:59:31.738000,5.37,5.36,5.38,3701500.0
2018-01-03 14:59:35.111000,5.37,5.36,5.38,3701500.0
2018-01-03 14:59:39.025000,5.37,5.36,5.38,3701500.0
2018-01-03 14:59:43.157000,5.37,5.36,5.38,3701500.0
2018-01-03 14:59:46.469000,5.37,5.36,5.38,3701500.0
2018-01-03 14:59:49.804000,5.37,5.36,5.38,3701500.0
2018-01-03 14:59:53.517000,5.37,5.36,5.38,3701500.0
2018-01-03 14:59:56.923000,5.37,5.36,5.38,3701500.0
2018-01-03 15:00:00.751000,5.37,5.36,5.38,3701500.0
2018-01-03 15:00:03.769000,5.37,5.36,5.38,3701500.0
2018-01-03 15:00:07.626000,5.37,5.36,5.38,3701500.0
2018-01-03 15:00:11.418000,5.37,5.36,5.38,3701500.0
2018-01-03 15:00:15.773000,5.37,5.36,5.38,3701500.0
2018-01-03 15:00:18.655000,5.37,5.36,5.38,3701500.0
2018-01-03 15:00:22.236000,5.37,5.36,5.38,3701500.0
2018-01-03 15:00:25.657000,5.37,5.36,5.38,3701500.0
2018-01-03 15:00:30.285000,5.37,5.37,5.38,3811500.0
2018-01-03 15:00:33.868000,5.37,5.37,5.38,3811500.0
2018-01-03 15:00:37.795000,5.37,5.37,5.38,3811500.0
2018-01-03 15:00:41.041000,5.37,5.37,5.38,3811500.0
2018-01-03 15:00:44.361000,5.37,5.37,5.38,3811500.0
2018-01-03 15:00:48.518000,5.37,5.37,5.38,3811500.0
2018-01-03 15:00:52.056000,5.37,5.37,5.38,3811500.0
2018-01-03 15:00:55.952000,5.37,5.37,5.38,3811500.0
2018-01-03 15:00:59.636000,5.37,5.37,5.38,3811500.0
2018-01-03 15:01:03.086000,5.37,5.37,5.38,3811500.0
2018-01-03 15:01:07.122000,5.37,5.37,5.38,3811500.0
2018-01-03 15:01:12.493000,5.37,5.37,5.38,3811500.0
2018-01-03 15:01:16.405000,5.37,5.37,5.38,3811500.0
2018-01-03 15:01:19.251000,5.37,5.37,5.38,3811500.0
2018-01-03 15:01:22.581000,5.37,5.37,5.38,3811500.0
2018-01-03 15:01:26.764000,5.37,5.37,5.38,3811500.0
2018-01-03 15:01:30.678000,5.37,5.37,5.38,3811500.0
2018-01-03 15:01:34.813000,5.37,5.37,5.38,3811500.0
2018-01-03 15:01:37.898000,5.37,5.37,5.38,3811500.0
2018-01-03 15:01:41.765000,5.37,5.37,5.38,3811500.0
2018-01-03 15:01:45.258000,5.37,5.37,5.38,3811500.0
2018-01-03 15:01:48.401000,5.37,5.37,5.38,3811500.0
2018-01-03 15:01:52.697000,5.37,5.37,5.38,3811500.0
2018-01-03 15:01:56.196000,5.37,5.37,5.38,3811500.0
2018-01-03 15:01:59.347000,5.37,5.37,5.38,3811500.0
2018-01-03 15:02:02.622000,5.37,5.37,5.38,3811500.0
2018-01-03 15:02:06.412000,5.37,5.36,5.38,3811500.0
2018-01-03 15:02:14.518000,5.37,5.36,5.38,3811500.0
2018-01-03 15:02:18.845000,5.37,5.36,5.38,3811500.0
2018-01-03 15:02:22.689000,5.37,5.36,5.38,3811500.0
2018-01-03 15:02:26.068000,5.37,5.36,5.38,3811500.0
2018-01-03 15:02:29.766000,5.37,5.36,5.38,3811500.0
