time,price,bid,ask,volume
2018-01-31 13:08:23.749000,32.95,32.95,33.0,18489556.0
2018-01-31 13:08:26.152000,32.95,32.95,33.0,18489556.0
2018-01-31 13:08:28.607000,32.95,32.95,33.0,18489556.0
2018-01-31 13:08:31.199000,32.95,32.95,33.0,18489556.0
2018-01-31 13:08:33.777000,32.95,32.95,33.0,18489556.0
2018-01-31 13:08:36.216000,32.95,32.95,33.0,18489556.0
2018-01-31 13:08:38.486000,32.95,32.95,33.0,18489556.0
2018-01-31 13:08:40.919000,32.95,32.95,33.0,18489556.0
2018-01-31 13:08:43.326000,32.95,32.95,33.0,18489556.0
2018-01-31 13:08:45.927000,32.95,32.95,33.0,18489556.0
2018-01-31 13:08:48.527000,32.95,32.95,33.0,18489556.0
2018-01-31 13:08:50.851000,32.95,32.95,33.0,18489556.0
2018-01-31 13:08:53.263000,32.95,32.95,33.0,18489556.0
2018-01-31 13:08:55.762000,32.95,32.95,33.0,18489556.0
2018-01-31 13:08:58.314000,32.95,32.95,33.0,18489556.0
2018-01-31 13:09:00.839000,32.95,32.95,33.0,18489556.0
2018-01-31 13:09:03.712000,32.95,32.95,33.0,18489556.0
2018-01-31 13:09:06.356000,32.95,32.95,33.0,18489556.0
2018-01-31 13:09:08.919000,32.95,32.95,33.0,18489556.0
2018-01-31 13:09:11.779000,32.95,32.95,33.0,18489556.0
2018-01-31 13:09:14.663000,32.95,32.95,33.0,18489556.0
2018-01-31 13:09:17.455000,32.95,32.95,33.0,18489556.0
2018-01-31 13:09:20.068000,32.95,32.95,33.0,18489556.0
2018-01-31 13:09:22.372000,32.95,32.95,33.0,18489556.0
2018-01-31 13:09:24.688000,32.95,32.95,33.0,18489556.0
2018-01-31 13:09:27.143000,32.95,32.95,33.0,18489556.0
2018-01-31 13:09:29.690000,32.9,32.9,32.95,18714556.0
2018-01-31 13:09:32.264000,32.9,32.9,32.95,18714556.0
2018-01-31 13:09:34.698000,32.9,32.9,32.95,18714556.0
2018-01-31 13:09:37.035000,32.9,32.9,32.95,18714556.0
2018-01-31 13:09:39.479000,32.9,32.9,32.95,18714556.0
2018-01-31 13:09:41.895000,32.9,32.9,32.95,18714556.0
2018-01-31 13:09:44.192000,32.9,32.9,32.95,18714556.0
2018-01-31 13:09:46.810000,32.9,32.9,32.95,18714556.0
2018-01-31 13:09:49.451000,32.9,32.9,32.95,18714556.0
2018-01-31 13:09:51.953000,32.9,32.9,32.95,18714556.0
2018-01-31 13:09:54.625000,32.9,32.9,32.95,18714556.0
2018-01-31 13:09:57.091000,32.9,32.9,32.95,18714556.0
2018-01-31 13:09:59.467000,32.9,32.9,32.95,18714556.0
2018-01-31 13:10:01.732000,32.9,32.9,32.95,18714556.0
2018-01-31 13:10:04.232000,32.9,32.9,32.95,18714556.0
2018-01-31 13:10:06.800000,32.9,32.9,32.95,18714556.0
2018-01-31 13:10:09.754000,32.9,32.85,32.95,18944556.0
2018-01-31 13:10:12.279000,32.9,32.85,32.95,18944556.0
2018-01-31 13:10:15.019000,32.9,32.85,32.95,18944556.0
2018-01-31 13:10:17.825000,32.9,32.85,32.95,18944556.0
2018-01-31 13:10:20.578000,32.9,32.85,32.95,18944556.0
2018-01-31 13:10:22.953000,32.9,32.85,32.95,18944556.0
2018-01-31 13:10:25.528000,32.9,32.85,32.95,18944556.0
2018-01-31 13:10:27.951000,32.9,32.85,32.95,18944556.0
2018-01-31 13:10:30.390000,32.9,32.85,32.95,18944556.0
2018-01-31 13:10:32.916000,32.9,32.85,32.95,18944556.0
2018-01-31 13:10:35.328000,32.9,32.85,32.95,18944556.0
2018-01-31 13:10:37.955000,32.9,32.85,32.95,18944556.0
2018-01-31 13:10:40.420000,32.9,32.85,32.95,18944556.0
2018-01-31 13:10:42.750000,32.9,32.85,32.95,18944556.0
2018-01-31 13:10:45.068000,32.9,32.85,32.95,18944556.0
2018-01-31 13:10:47.702000,32.9,32.85,32.95,18944556.0
2018-01-31 13:10:50.004000,32.9,32.85,32.95,18944556.0
2018-01-31 13:10:52.430000,32.9,32.85,32.95,18944556.0
2018-01-31 13:10:54.859000,32.9,32.85,32.95,18944556.0
2018-01-31 13:10:57.201000,32.9,32.85,32.95,18944556.0
2018-01-31 13:10:59.445000,32.9,32.85,32.95,18944556.0
2018-01-31 13:11:02.015000,32.9,32.85,32.95,18944556.0
2018-01-31 13:11:04.341000,32.9,32.85,32.95,18944556.0
2018-01-31 13:11:06.654000,32.9,32.85,32.95,18944556.0
2018-01-31 13:11:09.012000,32.9,32.85,32.95,18944556.0
2018-01-31 13:11:11.248000,32.9,32.85,32.95,18944556.0
2018-01-31 13:11:13.434000,32.9,32.85,32.95,18944556.0
2018-01-31 13:11:15.789000,32.9,32.85,32.95,18944556.0
2018-01-31 13:11:18.235000,32.9,32.85,32.95,18944556.0
2018-01-31 13:11:20.450000,32.9,32.85,32.95,18944556.0
2018-01-31 13:11:22.788000,32.9,32.85,32.95,18944556.0
2018-01-31 13:11:24.993000,32.9,32.85,32.95,18944556.0
2018-01-31 13:11:27.515000,32.9,32.85,32.95,18944556.0
2018-01-31 13:11:29.695000,32.9,32.85,32.95,18944556.0
2018-01-31 13:11:31.982000,32.9,32.85,32.95,18944556.0
2018-01-31 13:11:34.477000,32.9,32.85,32.95,18944556.0
2018-01-31 13:11:36.868000,32.9,32.85,32.95,18944556.0
2018-01-31 13:11:39.252000,32.9,32.85,32.95,18944556.0
2018-01-31 13:11:41.642000,32.9,32.85,32.95,18944556.0
2018-01-31 13:11:44.419000,32.9,32.85,32.95,18944556.0
2018-01-31 13:11:47.252000,32.9,32.85,32.95,18944556.0
2018-01-31 13:11:49.782000,32.9,32.85,32.95,18944556.0
2018-01-31 13:11:52.101000,32.9,32.9,32.95,19002556.0
2018-01-31 13:11:54.548000,32.9,32.9,32.95,19002556.0
2018-01-31 13:11:56.848000,32.9,32.9,32.95,19002556.0
2018-01-31 13:11:59.152000,32.9,32.9,32.95,19002556.0
2018-01-31 13:12:01.518000,32.9,32.9,32.95,19002556.0
2018-01-31 13:12:03.882000,32.9,32.9,32.95,19002556.0
2018-01-31 13:12:06.237000,32.9,32.9,32.95,19002556.0
2018-01-31 13:12:08.550000,32.9,32.9,32.95,19002556.0
2018-01-31 13:12:10.962000,32.9,32.9,32.95,19002556.0
2018-01-31 13:12:13.220000,32.9,32.9,32.95,19002556.0
2018-01-31 13:12:15.705000,32.9,32.9,32.95,19002556.0
2018-01-31 13:12:18.220000,32.9,32.9,32.95,19002556.0
2018-01-31 13:12:20.815000,32.9,32.9,32.95,19002556.0
2018-01-31 13:12:23.376000,32.9,32.9,32.95,19002556.0
2018-01-31 13:12:25.949000,32.9,32.9,32.95,19002556.0
2018-01-31 13:12:28.290000,32.9,32.9,32.95,19002556.0
2018-01-31 13:12:31.042000,32.9,32.9,32.95,19002556.0
2018-01-31 13:12:33.517000,32.9,32.9,32.95,19002556.0
2018-01-31 13:12:36.038000,32.9,32.9,32.95,19002556.0
2018-01-31 13:12:38.202000,32.9,32.9,32.95,19002556.0
2018-01-31 13:12:40.723000,32.9,32.9,32.95,19002556.0
2018-01-31 13:12:43.179000,32.9,32.85,32.9,19186556.0
2018-01-31 13:12:45.620000,32.9,32.85,32.9,19186556.0
2018-01-31 13:12:48.394000,32.9,32.85,32.9,19186556.0
2018-01-31 13:12:50.783000,32.9,32.85,32.9,19186556.0
2018-01-31 13:12:53.277000,32.9,32.85,32.9,19186556.0
2018-01-31 13:12:55.750000,32.9,32.85,32.9,19186556.0
2018-01-31 13:12:58.332000,32.9,32.85,32.9,19186556.0
2018-01-31 13:13:00.885000,32.9,32.85,32.9,19186556.0
2018-01-31 13:13:03.238000,32.9,32.85,32.9,19186556.0
2018-01-31 13:13:05.514000,32.9,32.85,32.9,19186556.0
2018-01-31 13:13:08.114000,32.9,32.85,32.9,19186556.0
2018-01-31 13:13:10.720000,32.9,32.85,32.9,19186556.0
2018-01-31 13:13:13.162000,32.9,32.85,32.9,19186556.0
2018-01-31 13:13:15.349000,32.9,32.85,32.9,19186556.0
2018-01-31 13:13:18.229000,32.9,32.85,32.9,19186556.0
2018-01-31 13:13:20.655000,32.9,32.85,32.9,19186556.0
2018-01-31 13:13:23.290000,32.9,32.85,32.9,19186556.0
2018-01-31 13:13:25.803000,32.9,32.85,32.9,19186556.0
2018-01-31 13:13:28.332000,32.9,32.85,32.9,19186556.0
2018-01-31 13:13:30.871000,32.9,32.85,32.9,19186556.0
2018-01-31 13:13:33.411000,32.9,32.85,32.9,19186556.0
2018-01-31 13:13:36.065000,32.9,32.85,32.9,19186556.0
2018-01-31 13:13:38.478000,32.9,32.85,32.9,19186556.0
2018-01-31 13:13:41.037000,32.9,32.85,32.9,19186556.0
2018-01-31 13:13:43.549000,32.9,32.85,32.9,19186556.0
2018-01-31 13:13:46.220000,32.9,32.85,32.9,19186556.0
2018-01-31 13:13:48.667000,32.9,32.85,32.9,19186556.0
2018-01-31 13:13:51.244000,32.9,32.85,32.9,19186556.0
2018-01-31 13:13:53.635000,32.9,32.85,32.9,19186556.0
2018-01-31 13:13:55.816000,32.9,32.85,32.9,19186556.0
2018-01-31 13:13:58.284000,32.9,32.85,32.9,19186556.0
2018-01-31 13:14:00.649000,32.9,32.85,32.9,19194056.0
2018-01-31 13:14:03.303000,32.9,32.85,32.9,19194056.0
2018-01-31 13:14:05.832000,32.9,32.85,32.9,19194056.0
2018-01-31 13:14:08.242000,32.9,32.85,32.9,19194056.0
2018-01-31 13:14:10.582000,32.9,32.85,32.9,19194056.0
2018-01-31 13:14:13.177000,32.9,32.85,32.9,19194056.0
2018-01-31 13:14:15.675000,32.9,32.85,32.9,19194056.0
2018-01-31 13:14:18.059000,32.9,32.85,32.9,19194056.0
2018-01-31 13:14:20.388000,32.9,32.85,32.9,19194056.0
2018-01-31 13:14:23.022000,32.9,32.85,32.9,19194056.0
2018-01-31 13:14:25.769000,32.9,32.85,32.9,19194056.0
2018-01-31 13:14:28.381000,32.9,32.85,32.9,19194056.0
2018-01-31 13:14:30.720000,32.9,32.85,32.9,19194056.0
2018-01-31 13:14:33.099000,32.9,32.85,32.9,19194056.0
2018-01-31 13:14:35.390000,32.9,32.85,32.9,19194056.0
2018-01-31 13:14:37.943000,32.9,32.85,32.9,19194056.0
2018-01-31 13:14:40.522000,32.9,32.85,32.9,19194056.0
2018-01-31 13:14:42.979000,32.9,32.85,32.9,19194056.0
2018-01-31 13:14:45.520000,32.9,32.85,32.9,19194056.0
2018-01-31 13:14:48.058000,32.9,32.85,32.9,19194056.0
2018-01-31 13:14:50.552000,32.9,32.85,32.9,19194056.0
2018-01-31 13:14:53.044000,32.9,32.85,32.9,19194056.0
2018-01-31 13:14:55.443000,32.9,32.85,32.9,19194056.0
2018-01-31 13:14:58.059000,32.9,32.85,32.9,19194056.0
2018-01-31 13:15:00.610000,32.9,32.85,32.9,19194056.0
2018-01-31 13:15:03.255000,32.9,32.85,32.9,19194056.0
2018-01-31 13:15:05.721000,32.9,32.85,32.9,19194056.0
2018-01-31 13:15:08.179000,32.9,32.85,32.9,19197056.0
2018-01-31 13:15:10.636000,32.9,32.85,32.9,19197056.0
2018-01-31 13:15:13.203000,32.9,32.85,32.9,19197056.0
2018-01-31 13:15:15.632000,32.9,32.85,32.9,19197056.0
2018-01-31 13:15:17.889000,32.9,32.85,32.9,19197056.0
2018-01-31 13:15:20.578000,32.9,32.85,32.9,19197056.0
2018-01-31 13:15:23.134000,32.9,32.85,32.9,19197056.0
2018-01-31 13:15:26.106000,32.9,32.85,32.9,19197056.0
2018-01-31 13:15:28.645000,32.9,32.85,32.9,19197056.0
2018-01-31 13:15:31.245000,32.9,32.85,32.9,19197056.0
2018-01-31 13:15:33.695000,32.9,32.85,32.9,19197056.0
2018-01-31 13:15:36.308000,32.9,32.85,32.9,19197056.0
2018-01-31 13:15:38.778000,32.9,32.85,32.9,19197056.0
2018-01-31 13:15:41.293000,32.9,32.85,32.95,19998556.0
2018-01-31 13:15:43.571000,32.9,32.85,32.95,19998556.0
2018-01-31 13:15:45.936000,32.9,32.85,32.95,19998556.0
2018-01-31 13:15:48.538000,32.9,32.85,32.95,19998556.0
2018-01-31 13:15:51.111000,32.9,32.85,32.95,19998556.0
2018-01-31 13:15:53.507000,32.9,32.85,32.95,19998556.0
2018-01-31 13:15:56.237000,32.9,32.85,32.95,19998556.0
2018-01-31 13:15:58.758000,32.9,32.85,32.95,19998556.0
2018-01-31 13:16:01.043000,32.9,32.85,32.95,19998556.0
2018-01-31 13:16:03.448000,32.9,32.85,32.95,19998556.0
2018-01-31 13:16:05.917000,32.9,32.85,32.95,19998556.0
2018-01-31 13:16:08.610000,32.9,32.85,32.95,19998556.0
2018-01-31 13:16:11.166000,32.9,32.85,32.95,19998556.0
2018-01-31 13:16:13.479000,32.9,32.85,32.95,19998556.0
2018-01-31 13:16:16.135000,32.9,32.85,32.95,19998556.0
2018-01-31 13:16:20.322000,32.9,32.85,32.95,19998556.0
2018-01-31 13:16:22.789000,32.9,32.85,32.95,19998556.0
2018-01-31 13:16:25.419000,32.9,32.85,32.95,19998556.0
2018-01-31 13:16:28.385000,32.9,32.85,32.95,19998556.0
2018-01-31 13:16:30.798000,32.9,32.85,32.95,19998556.0
2018-01-31 13:16:33.248000,32.9,32.85,32.95,19998556.0
2018-01-31 13:16:35.705000,32.9,32.85,32.95,19998556.0
2018-01-31 13:16:38.373000,32.9,32.85,32.95,19998556.0
2018-01-31 13:16:40.988000,32.9,32.85,32.95,19998556.0
2018-01-31 13:16:43.558000,32.9,32.85,32.95,19998556.0
2018-01-31 13:16:45.861000,32.9,32.85,32.95,19998556.0
2018-01-31 13:16:48.339000,32.9,32.85,32.95,19998556.0
2018-01-31 13:16:50.914000,32.9,32.85,32.95,19998556.0
2018-01-31 13:16:53.465000,32.9,32.85,32.95,19998556.0
2018-01-31 13:16:55.809000,32.9,32.85,32.95,19998556.0
2018-01-31 13:16:58.399000,32.9,32.85,32.95,19998556.0
2018-01-31 13:17:00.854000,32.9,32.85,32.95,19998556.0
2018-01-31 13:17:03.283000,32.9,32.85,32.95,19998556.0
2018-01-31 13:17:06.075000,32.9,32.85,32.95,19998556.0
2018-01-31 13:17:08.463000,32.9,32.85,32.95,19998556.0
2018-01-31 13:17:10.858000,32.9,32.85,32.95,19998556.0
2018-01-31 13:17:13.363000,32.9,32.9,32.95,20078056.0
2018-01-31 13:17:15.723000,32.9,32.9,32.95,20078056.0
2018-01-31 13:17:18.402000,32.9,32.9,32.95,20078056.0
2018-01-31 13:17:20.778000,32.9,32.9,32.95,20078056.0
2018-01-31 13:17:23.356000,32.9,32.9,32.95,20078056.0
2018-01-31 13:17:25.790000,32.9,32.9,32.95,20078056.0
2018-01-31 13:17:28.200000,32.9,32.9,32.95,20078056.0
2018-01-31 13:17:30.637000,32.9,32.9,32.95,20078056.0
2018-01-31 13:17:33.025000,32.9,32.9,32.95,20078056.0
2018-01-31 13:17:35.388000,32.9,32.9,32.95,20078056.0
2018-01-31 13:17:37.888000,32.9,32.9,32.95,20078056.0
2018-01-31 13:17:40.369000,32.9,32.9,32.95,20078056.0
2018-01-31 13:17:42.938000,32.9,32.9,32.95,20078056.0
2018-01-31 13:17:45.680000,32.9,32.9,32.95,20078056.0
2018-01-31 13:17:48.521000,32.9,32.9,32.95,20078056.0
2018-01-31 13:17:51.216000,32.9,32.9,32.95,20078056.0
2018-01-31 13:17:53.689000,32.9,32.85,32.95,21684056.0
2018-01-31 13:17:55.964000,32.9,32.85,32.95,21684056.0
2018-01-31 13:17:58.632000,32.9,32.85,32.95,21684056.0
2018-01-31 13:18:01.260000,32.9,32.85,32.95,21684056.0
2018-01-31 13:18:03.662000,32.9,32.85,32.95,21684056.0
2018-01-31 13:18:06.086000,32.9,32.85,32.95,21684056.0
2018-01-31 13:18:08.250000,32.9,32.85,32.95,21684056.0
2018-01-31 13:18:10.843000,32.9,32.85,32.95,21684056.0
2018-01-31 13:18:13.232000,32.9,32.85,32.95,21684056.0
2018-01-31 13:18:15.432000,32.9,32.85,32.95,21684056.0
2018-01-31 13:18:17.673000,32.9,32.85,32.95,21684056.0
2018-01-31 13:18:19.992000,32.9,32.85,32.95,21684056.0
2018-01-31 13:18:22.299000,32.9,32.85,32.95,21684056.0
2018-01-31 13:18:24.384000,32.9,32.85,32.95,21684056.0
2018-01-31 13:18:26.611000,32.9,32.85,32.95,21684056.0
2018-01-31 13:18:28.822000,32.9,32.85,32.95,21684056.0
2018-01-31 13:18:31.197000,32.9,32.85,32.95,21684056.0
2018-01-31 13:18:33.516000,32.9,32.85,32.95,21684056.0
2018-01-31 13:18:35.964000,32.9,32.85,32.95,21684056.0
2018-01-31 13:18:38.842000,32.9,32.85,32.95,21684056.0
2018-01-31 13:18:41.205000,32.9,32.85,32.95,21684056.0
2018-01-31 13:18:43.606000,32.9,32.85,32.95,21684056.0
2018-01-31 13:18:46.047000,32.9,32.85,32.95,21684056.0
2018-01-31 13:18:48.201000,32.9,32.85,32.95,21684056.0
2018-01-31 13:18:51.824000,32.9,32.85,32.95,21684056.0
2018-01-31 13:18:53.966000,32.9,32.85,32.95,21684056.0
2018-01-31 13:18:56.313000,32.9,32.85,32.95,21684056.0
2018-01-31 13:18:58.608000,32.9,32.85,32.95,21684056.0
2018-01-31 13:19:00.908000,32.9,32.85,32.95,21684056.0
2018-01-31 13:19:03.133000,32.9,32.85,32.95,21684056.0
2018-01-31 13:19:05.645000,32.9,32.85,32.95,21684056.0
2018-01-31 13:19:08.186000,32.9,32.85,32.95,21684056.0
2018-01-31 13:19:10.428000,32.9,32.85,32.95,21684056.0
2018-01-31 13:19:12.684000,32.9,32.85,32.95,21684056.0
2018-01-31 13:19:15.222000,32.9,32.85,32.95,21684056.0
2018-01-31 13:19:17.480000,32.9,32.85,32.95,21684056.0
2018-01-31 13:19:19.749000,32.9,32.85,32.95,21684056.0
2018-01-31 13:19:22.168000,32.9,32.85,32.95,21684056.0
2018-01-31 13:19:24.504000,32.9,32.85,32.95,21684056.0
2018-01-31 13:19:26.870000,32.9,32.85,32.95,21684056.0
2018-01-31 13:19:29.328000,32.9,32.85,32.95,21684056.0
2018-01-31 13:19:31.936000,32.9,32.85,32.95,21684056.0
2018-01-31 13:19:34.662000,32.9,32.85,32.95,21684056.0
2018-01-31 13:19:36.967000,32.9,32.85,32.95,21684056.0
2018-01-31 13:19:39.169000,32.9,32.85,32.95,21684056.0
2018-01-31 13:19:41.486000,32.9,32.85,32.95,21684056.0
2018-01-31 13:19:43.855000,32.9,32.85,32.95,21684056.0
2018-01-31 13:19:46.311000,32.9,32.85,32.95,21684056.0
2018-01-31 13:19:48.537000,32.9,32.85,32.95,21684056.0
2018-01-31 13:19:51.389000,32.9,32.85,32.95,21684056.0
2018-01-31 13:19:53.802000,32.9,32.85,32.95,21684056.0
2018-01-31 13:19:56.446000,32.9,32.85,32.95,21684056.0
2018-01-31 13:19:59.777000,32.9,32.85,32.95,21684056.0
2018-01-31 13:20:02.122000,32.9,32.85,32.95,21684056.0
2018-01-31 13:20:04.497000,32.85,32.85,32.9,21733056.0
2018-01-31 13:20:07.233000,32.85,32.85,32.9,21733056.0
2018-01-31 13:20:10.190000,32.85,32.85,32.9,21733056.0
2018-01-31 13:20:12.747000,32.85,32.85,32.9,21733056.0
2018-01-31 13:20:15.422000,32.85,32.85,32.9,21733056.0
2018-01-31 13:20:17.889000,32.85,32.85,32.9,21733056.0
2018-01-31 13:20:20.001000,32.85,32.85,32.9,21733056.0
2018-01-31 13:20:22.107000,32.85,32.85,32.9,21733056.0
2018-01-31 13:20:24.507000,32.85,32.85,32.9,21733056.0
2018-01-31 13:20:26.892000,32.85,32.85,32.9,21733056.0
2018-01-31 13:20:29.273000,32.85,32.85,32.9,21733056.0
2018-01-31 13:20:31.571000,32.85,32.85,32.9,21733056.0
2018-01-31 13:20:33.946000,32.85,32.85,32.9,21733056.0
2018-01-31 13:20:36.225000,32.85,32.85,32.9,21733056.0
2018-01-31 13:20:38.704000,32.85,32.85,32.9,21733056.0
2018-01-31 13:20:41.050000,32.85,32.85,32.9,21733056.0
2018-01-31 13:20:43.416000,32.85,32.85,32.9,21733056.0
2018-01-31 13:20:45.825000,32.85,32.85,32.9,21733056.0
2018-01-31 13:20:48.246000,32.85,32.85,32.9,21733056.0
2018-01-31 13:20:50.482000,32.85,32.85,32.9,21733056.0
2018-01-31 13:20:53.282000,32.85,32.85,32.9,21733056.0
2018-01-31 13:20:55.324000,32.85,32.85,32.9,21733056.0
2018-01-31 13:20:57.544000,32.85,32.85,32.9,21733056.0
2018-01-31 13:20:59.593000,32.85,32.85,32.9,21733056.0
2018-01-31 13:21:01.675000,32.85,32.85,32.9,21733056.0
2018-01-31 13:21:03.711000,32.85,32.85,32.9,21733056.0
2018-01-31 13:21:06.334000,32.85,32.85,32.9,21733056.0
2018-01-31 13:21:08.962000,32.85,32.85,32.9,21733056.0
2018-01-31 13:21:11.415000,32.85,32.85,32.9,21733056.0
2018-01-31 13:21:13.764000,32.85,32.85,32.9,21733056.0
2018-01-31 13:21:16.129000,32.85,32.85,32.9,21733056.0
2018-01-31 13:21:18.893000,32.85,32.85,32.9,21733056.0
2018-01-31 13:21:21.222000,32.85,32.85,32.9,21733056.0
2018-01-31 13:21:23.587000,32.85,32.85,32.9,21733056.0
2018-01-31 13:21:26.119000,32.85,32.85,32.9,21733056.0
2018-01-31 13:21:28.609000,32.85,32.85,32.9,21733056.0
2018-01-31 13:21:31.423000,32.85,32.85,32.9,21733056.0
2018-01-31 13:21:34.049000,32.85,32.85,32.9,21733056.0
2018-01-31 13:21:36.724000,32.85,32.85,32.9,21733056.0
2018-01-31 13:21:39.249000,32.85,32.85,32.9,21733056.0
2018-01-31 13:21:41.796000,32.85,32.85,32.9,21733056.0
2018-01-31 13:21:44.464000,32.85,32.85,32.9,21733056.0
2018-01-31 13:21:47.502000,32.85,32.85,32.9,21733056.0
2018-01-31 13:21:50.040000,32.85,32.85,32.9,21733056.0
2018-01-31 13:21:52.595000,32.85,32.85,32.9,21733056.0
2018-01-31 13:21:55.224000,32.85,32.85,32.9,21733056.0
2018-01-31 13:21:57.796000,32.85,32.85,32.9,21733056.0
2018-01-31 13:22:00.195000,32.85,32.85,32.9,21733056.0
2018-01-31 13:22:02.688000,32.85,32.85,32.9,21733056.0
2018-01-31 13:22:05.098000,32.85,32.85,32.9,21733056.0
2018-01-31 13:22:07.610000,32.85,32.85,32.9,21733056.0
2018-01-31 13:22:10.139000,32.85,32.85,32.9,21733056.0
2018-01-31 13:22:12.547000,32.85,32.85,32.9,21733056.0
2018-01-31 13:22:14.886000,32.85,32.85,32.9,21733056.0
2018-01-31 13:22:17.218000,32.85,32.85,32.9,21733056.0
2018-01-31 13:22:19.628000,32.85,32.85,32.9,21733056.0
2018-01-31 13:22:22.126000,32.85,32.85,32.9,21733056.0
2018-01-31 13:22:24.658000,32.85,32.85,32.9,21733056.0
2018-01-31 13:22:27.222000,32.85,32.85,32.9,21733056.0
2018-01-31 13:22:29.723000,32.85,32.85,32.9,21733056.0
2018-01-31 13:22:32.059000,32.85,32.85,32.9,21733056.0
2018-01-31 13:22:34.379000,32.85,32.85,32.9,21733056.0
2018-01-31 13:22:36.689000,32.85,32.85,32.9,21733056.0
2018-01-31 13:22:39.250000,32.85,32.85,32.9,21733056.0
2018-01-31 13:22:42.021000,32.85,32.85,32.9,21733056.0
2018-01-31 13:22:44.536000,32.85,32.85,32.9,21733056.0
2018-01-31 13:22:46.915000,32.85,32.85,32.9,21733056.0
2018-01-31 13:22:49.526000,32.85,32.85,32.9,21733056.0
2018-01-31 13:22:51.899000,32.85,32.85,32.9,21733056.0
2018-01-31 13:22:54.460000,32.85,32.85,32.9,21733056.0
2018-01-31 13:22:56.896000,32.85,32.85,32.9,21733056.0
2018-01-31 13:22:59.489000,32.85,32.85,32.9,21733056.0
2018-01-31 13:23:01.896000,32.85,32.85,32.9,21733056.0
2018-01-31 13:23:04.345000,32.85,32.85,32.9,21733056.0
2018-01-31 13:23:06.858000,32.85,32.85,32.9,21733056.0
2018-01-31 13:23:09.206000,32.85,32.85,32.9,21733056.0
2018-01-31 13:23:11.481000,32.85,32.85,32.9,21733056.0
2018-01-31 13:23:13.866000,32.85,32.85,32.9,21733056.0
2018-01-31 13:23:16.339000,32.85,32.85,32.9,21733056.0
2018-01-31 13:23:18.690000,32.85,32.85,32.9,21733056.0
2018-01-31 13:23:21.084000,32.85,32.85,32.9,21733056.0
2018-01-31 13:23:23.550000,32.85,32.85,32.9,21733056.0
2018-01-31 13:23:25.818000,32.85,32.85,32.9,21733056.0
2018-01-31 13:23:28.377000,32.85,32.85,32.9,21733056.0
2018-01-31 13:23:30.890000,32.85,32.85,32.9,21733056.0
2018-01-31 13:23:33.190000,32.85,32.85,32.9,21733056.0
2018-01-31 13:23:35.909000,32.85,32.85,32.9,21733056.0
2018-01-31 13:23:38.271000,32.85,32.85,32.9,21733056.0
2018-01-31 13:23:40.752000,32.85,32.85,32.9,21733056.0
2018-01-31 13:23:43.381000,32.85,32.85,32.9,21733056.0
2018-01-31 13:23:46.007000,32.85,32.85,32.9,21733056.0
2018-01-31 13:23:48.756000,32.85,32.85,32.9,21733056.0
2018-01-31 13:23:51.226000,32.85,32.85,32.9,21733056.0
2018-01-31 13:23:53.993000,32.85,32.85,32.9,21733056.0
2018-01-31 13:23:56.779000,32.85,32.85,32.9,21733056.0
2018-01-31 13:23:59.491000,32.85,32.85,32.9,21733056.0
2018-01-31 13:24:02.301000,32.85,32.85,32.9,21733056.0
2018-01-31 13:24:05.050000,32.85,32.85,32.9,21733056.0
2018-01-31 13:24:07.738000,32.85,32.85,32.9,21733056.0
2018-01-31 13:24:10.367000,32.85,32.85,32.9,21733056.0
2018-01-31 13:24:13.158000,32.85,32.85,32.9,21733056.0
2018-01-31 13:24:15.750000,32.85,32.85,32.9,21733056.0
2018-01-31 13:24:18.577000,32.85,32.85,32.9,21733056.0
2018-01-31 13:24:21.229000,32.85,32.85,32.9,21733056.0
2018-01-31 13:24:23.911000,32.85,32.85,32.9,21733056.0
2018-01-31 13:24:26.691000,32.85,32.85,32.9,21733056.0
2018-01-31 13:24:29.412000,32.85,32.85,32.9,21733056.0
2018-01-31 13:24:32.114000,32.85,32.85,32.9,21733056.0
2018-01-31 13:24:34.919000,32.85,32.85,32.9,21733056.0
2018-01-31 13:24:37.489000,32.85,32.85,32.9,21733056.0
2018-01-31 13:24:40.395000,32.85,32.85,32.9,21733056.0
2018-01-31 13:24:43.331000,32.85,32.85,32.9,21733056.0
2018-01-31 13:24:46.038000,32.85,32.85,32.9,21733056.0
2018-01-31 13:24:48.615000,32.85,32.85,32.9,21733056.0
2018-01-31 13:24:51.353000,32.85,32.85,32.9,21733056.0
2018-01-31 13:24:53.973000,32.85,32.85,32.9,21733056.0
2018-01-31 13:24:56.711000,32.85,32.85,32.9,21733056.0
2018-01-31 13:24:59.496000,32.85,32.85,32.9,21733056.0
2018-01-31 13:25:05.321000,,,,
2018-01-31 13:25:07.992000,32.85,32.85,32.9,21733156.0
2018-01-31 13:25:10.724000,32.85,32.85,32.9,21733156.0
2018-01-31 13:25:13.756000,32.85,32.85,32.9,21733156.0
2018-01-31 13:25:16.414000,32.85,32.85,32.9,21733156.0
2018-01-31 13:25:19.118000,32.85,32.85,32.9,21733156.0
2018-01-31 13:25:21.897000,32.85,32.85,32.9,21733156.0
2018-01-31 13:25:24.432000,32.85,32.85,32.9,22028656.0
2018-01-31 13:25:27.196000,32.85,32.85,32.9,22028656.0
2018-01-31 13:25:30.088000,32.85,32.85,32.9,22028656.0
2018-01-31 13:25:33.102000,32.85,32.85,32.9,22028656.0
2018-01-31 13:25:35.803000,32.85,32.85,32.9,22028656.0
2018-01-31 13:25:38.548000,32.85,32.85,32.9,22028656.0
2018-01-31 13:25:41.411000,32.85,32.85,32.9,22028656.0
2018-01-31 13:25:44.209000,32.85,32.85,32.9,22028656.0
2018-01-31 13:25:46.993000,32.85,32.85,32.9,22028656.0
2018-01-31 13:25:49.756000,32.85,32.85,32.9,22028656.0
2018-01-31 13:25:52.416000,32.85,32.85,32.9,22028656.0
2018-01-31 13:25:55.388000,32.85,32.85,32.9,22028656.0
2018-01-31 13:25:58.150000,32.85,32.85,32.9,22028656.0
2018-01-31 13:26:00.744000,32.85,32.85,32.9,22028656.0
2018-01-31 13:26:03.456000,32.85,32.85,32.9,22028656.0
2018-01-31 13:26:06.247000,32.85,32.85,32.9,22028656.0
2018-01-31 13:26:08.948000,32.85,32.85,32.9,22028656.0
2018-01-31 13:26:11.600000,32.85,32.85,32.9,22028656.0
2018-01-31 13:26:14.260000,32.85,32.85,32.9,22028656.0
2018-01-31 13:26:16.903000,32.85,32.85,32.9,22028656.0
2018-01-31 13:26:19.631000,32.85,32.85,32.9,22028656.0
2018-01-31 13:26:22.788000,32.85,32.85,32.9,22369656.0
2018-01-31 13:26:25.616000,32.85,32.85,32.9,22369656.0
2018-01-31 13:26:28.305000,32.85,32.85,32.9,22369656.0
2018-01-31 13:26:31.178000,32.85,32.85,32.9,22369656.0
2018-01-31 13:27:24.638000,,,,
2018-01-31 13:27:41.497000,32.85,32.85,32.9,22369656.0
2018-01-31 13:27:48.931000,32.85,32.85,32.9,22369656.0
2018-01-31 13:27:52.227000,32.85,32.85,32.9,22369656.0
2018-01-31 13:27:55.718000,32.85,32.85,32.9,22369656.0
2018-01-31 13:27:59.068000,32.85,32.85,32.9,22369656.0
2018-01-31 13:28:02.460000,32.85,32.85,32.9,22369656.0
2018-01-31 13:28:05.638000,32.9,32.9,32.95,22773156.0
2018-01-31 13:28:08.527000,32.9,32.9,32.95,22773156.0
2018-01-31 13:28:11.830000,32.9,32.9,32.95,22773156.0
2018-01-31 13:28:15.090000,32.9,32.9,32.95,22773156.0
2018-01-31 13:28:18.214000,32.9,32.9,32.95,22773156.0
2018-01-31 13:28:21.363000,32.9,32.9,32.95,22773156.0
2018-01-31 13:28:24.327000,32.9,32.9,32.95,22773156.0
2018-01-31 13:28:27.424000,32.9,32.9,32.95,22773156.0
2018-01-31 13:28:30.823000,32.9,32.9,32.95,22773156.0
2018-01-31 13:28:33.905000,32.9,32.9,32.95,22773156.0
2018-01-31 13:28:37.027000,32.9,32.9,32.95,22773156.0
2018-01-31 13:28:40.174000,32.9,32.9,32.95,22773156.0
2018-01-31 13:28:43.405000,32.9,32.9,32.95,22773156.0
2018-01-31 13:28:46.612000,32.9,32.9,32.95,22773156.0
2018-01-31 13:28:49.724000,32.9,32.9,32.95,22773156.0
2018-01-31 13:28:52.980000,32.9,32.9,32.95,22773156.0
2018-01-31 13:28:56.125000,32.9,32.9,32.95,22773156.0
2018-01-31 13:28:59.558000,32.9,32.9,32.95,22773156.0
2018-01-31 13:29:03.169000,32.9,32.9,32.95,22773156.0
2018-01-31 13:29:06.861000,32.9,32.9,32.95,22773156.0
2018-01-31 13:29:10.593000,32.9,32.9,32.95,22773156.0
2018-01-31 13:29:14.771000,32.9,32.9,32.95,22773156.0
2018-01-31 13:29:18.295000,32.9,32.9,32.95,24280656.0
2018-01-31 13:29:21.529000,32.9,32.9,32.95,24280656.0
2018-01-31 13:29:24.592000,32.9,32.9,32.95,24280656.0
2018-01-31 13:29:27.831000,32.9,32.9,32.95,24280656.0
2018-01-31 13:29:30.751000,32.9,32.9,32.95,24280656.0
2018-01-31 13:29:33.855000,32.9,32.9,32.95,24280656.0
2018-01-31 13:29:37.398000,32.9,32.9,32.95,24280656.0
2018-01-31 13:29:40.580000,32.9,32.9,32.95,24280656.0
2018-01-31 13:29:43.702000,32.9,32.9,32.95,24280656.0
2018-01-31 13:29:46.783000,32.9,32.9,32.95,24280656.0
2018-01-31 13:29:49.736000,32.9,32.9,32.95,24971156.0
2018-01-31 13:29:52.727000,32.9,32.9,32.95,24971156.0
2018-01-31 13:29:55.798000,32.9,32.9,32.95,24971156.0
2018-01-31 13:29:58.780000,32.9,32.9,32.95,24971156.0
2018-01-31 13:30:01.786000,32.9,32.9,32.95,24971156.0
2018-01-31 13:30:04.567000,32.9,32.9,32.95,24971156.0
2018-01-31 13:30:08.203000,32.9,32.9,32.95,24971156.0
2018-01-31 13:30:11.250000,32.9,32.9,32.95,24971156.0
2018-01-31 13:30:14.234000,32.9,32.9,32.95,24971156.0
2018-01-31 13:30:17.372000,32.9,32.9,32.95,24971156.0
2018-01-31 13:30:20.565000,32.9,32.9,32.95,24971156.0
2018-01-31 13:30:23.653000,32.9,32.9,32.95,24971156.0
2018-01-31 13:30:26.894000,32.9,32.9,32.95,24971156.0
2018-01-31 13:30:30.133000,32.9,32.9,32.95,24971156.0
2018-01-31 13:30:33.186000,32.9,32.9,32.95,24971156.0
2018-01-31 13:30:36.826000,32.9,32.9,32.95,24971156.0
2018-01-31 13:30:40.187000,32.9,32.9,32.95,24971156.0
2018-01-31 13:30:43.473000,32.9,32.9,32.95,24971156.0
2018-01-31 13:30:46.893000,32.9,32.9,32.95,24971156.0
2018-01-31 13:30:50.231000,32.9,32.9,32.95,24971156.0
2018-01-31 13:30:53.467000,32.9,32.9,32.95,24971156.0
2018-01-31 13:30:56.872000,32.9,32.9,32.95,24971156.0
2018-01-31 13:31:00.112000,32.9,32.9,32.95,24971156.0
2018-01-31 13:31:03.280000,32.9,32.9,32.95,24971156.0
2018-01-31 13:31:06.390000,32.9,32.9,32.95,24971156.0
2018-01-31 13:31:09.485000,32.9,32.9,32.95,24971156.0
2018-01-31 13:31:12.656000,32.9,32.9,32.95,24971156.0
2018-01-31 13:31:16.126000,32.9,32.9,32.95,24971156.0
2018-01-31 13:31:19.280000,32.9,32.9,32.95,24971156.0
2018-01-31 13:31:22.434000,32.9,32.9,32.95,24971156.0
2018-01-31 13:31:26.095000,32.9,32.9,32.95,24971156.0
2018-01-31 13:31:30.472000,32.9,32.9,32.95,24971156.0
2018-01-31 13:31:34.015000,32.9,32.9,32.95,24971156.0
2018-01-31 13:31:37.310000,32.9,32.9,32.95,24971156.0
2018-01-31 13:31:40.468000,32.9,32.9,32.95,24971156.0
2018-01-31 13:31:43.595000,32.9,32.9,32.95,24971156.0
2018-01-31 13:31:46.607000,32.9,32.9,32.95,24971156.0
2018-01-31 13:31:49.843000,32.9,32.9,32.95,24971156.0
2018-01-31 13:31:52.870000,32.9,32.9,32.95,24971156.0
2018-01-31 13:31:56.072000,32.9,32.9,32.95,24971156.0
2018-01-31 13:31:59.126000,32.9,32.9,32.95,24971156.0
2018-01-31 13:32:02.095000,32.9,32.9,32.95,24971156.0
2018-01-31 13:32:05.362000,32.9,32.9,32.95,24971156.0
2018-01-31 13:32:08.990000,32.9,32.9,32.95,24971156.0
2018-01-31 13:32:12.053000,32.9,32.9,32.95,24971156.0
2018-01-31 13:32:15.047000,32.9,32.9,32.95,24971156.0
2018-01-31 13:32:18.360000,32.9,32.9,32.95,24971156.0
2018-01-31 13:32:21.479000,32.9,32.9,32.95,24971156.0
2018-01-31 13:32:24.627000,32.9,32.9,32.95,24971156.0
2018-01-31 13:32:27.802000,32.9,32.9,32.95,24971156.0
2018-01-31 13:32:31.084000,32.9,32.9,32.95,24971156.0
2018-01-31 13:32:34.231000,32.85,32.85,32.9,26471156.0
2018-01-31 13:32:37.823000,32.85,32.85,32.9,26471156.0
2018-01-31 13:32:40.915000,32.85,32.85,32.9,26471156.0
2018-01-31 13:32:43.955000,32.85,32.85,32.9,26471156.0
2018-01-31 13:32:46.943000,32.85,32.85,32.9,26471156.0
2018-01-31 13:32:50.298000,32.85,32.85,32.9,26471156.0
2018-01-31 13:32:53.422000,32.85,32.85,32.9,26471156.0
2018-01-31 13:32:56.551000,32.85,32.85,32.9,26471156.0
2018-01-31 13:32:59.643000,32.85,32.85,32.9,26471156.0
2018-01-31 13:33:02.781000,32.85,32.85,32.9,26471156.0
2018-01-31 13:33:06.288000,32.85,32.85,32.9,26471156.0
2018-01-31 13:33:10.298000,32.85,32.85,32.9,26471156.0
2018-01-31 13:33:13.501000,32.85,32.85,32.9,26471156.0
2018-01-31 13:33:16.623000,32.85,32.85,32.9,26471156.0
2018-01-31 13:33:19.879000,32.85,32.85,32.9,26471156.0
2018-01-31 13:33:23.070000,32.85,32.85,32.9,26471156.0
2018-01-31 13:33:26.244000,32.85,32.85,32.9,26471156.0
2018-01-31 13:33:29.943000,32.85,32.85,32.9,26471156.0
2018-01-31 13:33:33.156000,32.85,32.85,32.9,26471156.0
2018-01-31 13:33:36.447000,32.85,32.85,32.9,27373656.0
2018-01-31 13:33:39.489000,32.85,32.85,32.9,27373656.0
2018-01-31 13:33:42.555000,32.85,32.85,32.9,27373656.0
2018-01-31 13:33:45.663000,32.85,32.85,32.9,27373656.0
2018-01-31 13:33:48.534000,32.85,32.85,32.9,27373656.0
2018-01-31 13:33:53.114000,32.85,32.85,32.9,27373656.0
2018-01-31 13:33:58.892000,32.85,32.85,32.9,27373656.0
2018-01-31 13:34:02.366000,32.85,32.85,32.9,27373656.0
2018-01-31 13:34:05.571000,32.85,32.85,32.9,27373656.0
2018-01-31 13:34:09.506000,32.85,32.85,32.9,27373656.0
2018-01-31 13:34:12.997000,32.85,32.85,32.9,27373656.0
2018-01-31 13:34:16.103000,32.85,32.85,32.9,27373656.0
2018-01-31 13:34:19.318000,32.85,32.85,32.9,27373656.0
2018-01-31 13:34:22.834000,32.85,32.85,32.9,27373656.0
2018-01-31 13:34:26.195000,32.85,32.85,32.9,27373656.0
2018-01-31 13:34:29.649000,32.85,32.85,32.9,27373656.0
2018-01-31 13:34:32.875000,32.85,32.85,32.9,27373656.0
2018-01-31 13:34:35.989000,32.85,32.85,32.9,27373656.0
2018-01-31 13:34:39.331000,32.85,32.85,32.9,27373656.0
2018-01-31 13:34:42.444000,32.85,32.85,32.9,27376656.0
2018-01-31 13:34:45.462000,32.85,32.85,32.9,27376656.0
2018-01-31 13:34:48.584000,32.85,32.85,32.9,27376656.0
2018-01-31 13:34:51.643000,32.85,32.85,32.9,27376656.0
2018-01-31 13:34:54.788000,32.85,32.85,32.9,27376656.0
2018-01-31 13:34:58.006000,32.85,32.85,32.9,27376656.0
2018-01-31 13:35:01.349000,32.85,32.85,32.9,27376656.0
2018-01-31 13:35:04.521000,32.85,32.85,32.9,27376656.0
2018-01-31 13:35:07.946000,32.85,32.85,32.9,27376656.0
2018-01-31 13:35:11.197000,32.85,32.85,32.9,27376656.0
2018-01-31 13:35:14.307000,32.85,32.85,32.9,27376656.0
2018-01-31 13:35:17.385000,32.85,32.85,32.9,27376656.0
2018-01-31 13:35:20.709000,32.85,32.85,32.9,27376656.0
2018-01-31 13:35:23.754000,32.85,32.85,32.9,27376656.0
2018-01-31 13:35:26.781000,32.85,32.85,32.9,27376656.0
2018-01-31 13:35:30.101000,32.85,32.85,32.9,27376656.0
2018-01-31 13:35:33.267000,32.85,32.85,32.9,27376656.0
2018-01-31 13:35:36.461000,32.85,32.85,32.9,27376656.0
2018-01-31 13:35:39.584000,32.85,32.85,32.9,27376656.0
2018-01-31 13:35:43.006000,32.85,32.85,32.9,27376656.0
2018-01-31 13:35:46.180000,32.85,32.85,32.9,27376656.0
2018-01-31 13:35:49.384000,32.85,32.85,32.9,27376656.0
2018-01-31 13:35:52.427000,32.85,32.85,32.9,27376656.0
2018-01-31 13:35:55.508000,32.85,32.85,32.9,27376656.0
2018-01-31 13:35:58.834000,32.85,32.85,32.9,27376656.0
2018-01-31 13:36:01.893000,32.85,32.85,32.9,27376656.0
2018-01-31 13:36:05.193000,32.85,32.85,32.9,27376656.0
2018-01-31 13:36:08.353000,32.9,32.85,32.9,27377156.0
2018-01-31 13:36:11.458000,32.9,32.85,32.9,27377156.0
2018-01-31 13:36:14.820000,32.9,32.85,32.9,27377156.0
2018-01-31 13:36:18.786000,32.9,32.85,32.9,27377156.0
2018-01-31 13:36:22.753000,32.9,32.85,32.9,27377156.0
2018-01-31 13:36:26.251000,32.9,32.85,32.9,27377156.0
2018-01-31 13:36:29.770000,32.9,32.85,32.9,27377156.0
2018-01-31 13:36:33.282000,32.9,32.85,32.9,27377156.0
2018-01-31 13:36:36.466000,32.9,32.85,32.9,27377156.0
2018-01-31 13:36:39.843000,32.9,32.85,32.9,27377156.0
2018-01-31 13:36:43.246000,32.9,32.85,32.9,27377156.0
2018-01-31 13:36:46.474000,32.9,32.85,32.9,27377156.0
2018-01-31 13:36:49.709000,32.9,32.85,32.9,27377156.0
2018-01-31 13:36:52.572000,32.9,32.85,32.9,27377156.0
2018-01-31 13:36:55.053000,32.9,32.85,32.9,27377156.0
2018-01-31 13:36:57.574000,32.9,32.85,32.9,27377156.0
2018-01-31 13:37:00.014000,32.9,32.85,32.9,27377156.0
2018-01-31 13:37:02.616000,32.9,32.85,32.9,27377156.0
2018-01-31 13:37:05.229000,32.9,32.85,32.9,27377156.0
2018-01-31 13:37:07.592000,32.9,32.85,32.9,27377156.0
2018-01-31 13:37:10.246000,32.9,32.85,32.9,27377156.0
2018-01-31 13:37:12.874000,32.9,32.85,32.9,27377156.0
2018-01-31 13:37:15.775000,32.9,32.85,32.9,27377156.0
2018-01-31 13:37:18.393000,32.9,32.85,32.9,27377156.0
2018-01-31 13:37:21.147000,32.9,32.85,32.9,27377156.0
2018-01-31 13:37:23.680000,32.9,32.85,32.9,27377156.0
2018-01-31 13:37:26.078000,32.9,32.85,32.9,27377156.0
2018-01-31 13:37:28.680000,32.9,32.85,32.9,27377156.0
2018-01-31 13:37:31.228000,32.9,32.85,32.9,27377156.0
2018-01-31 13:37:33.819000,32.9,32.85,32.9,27377156.0
2018-01-31 13:37:36.338000,32.9,32.85,32.9,27377156.0
2018-01-31 13:37:38.836000,32.9,32.85,32.9,27377156.0
2018-01-31 13:37:41.558000,32.9,32.85,32.9,27377156.0
2018-01-31 13:37:44.400000,32.9,32.85,32.9,27377156.0
2018-01-31 13:37:47.339000,32.9,32.85,32.9,27377156.0
2018-01-31 13:37:50.005000,32.9,32.85,32.9,27377156.0
2018-01-31 13:37:52.681000,32.9,32.85,32.9,27377156.0
2018-01-31 13:37:55.492000,32.9,32.85,32.9,27377156.0
2018-01-31 13:37:58.603000,32.9,32.85,32.9,27377156.0
2018-01-31 13:38:01.241000,32.9,32.85,32.9,27377156.0
2018-01-31 13:38:03.788000,32.9,32.85,32.9,27377156.0
2018-01-31 13:38:06.386000,32.9,32.85,32.9,27377156.0
2018-01-31 13:38:08.980000,32.9,32.85,32.9,27377156.0
2018-01-31 13:38:11.584000,32.9,32.85,32.9,27377156.0
2018-01-31 13:38:14.308000,32.9,32.85,32.9,27377156.0
2018-01-31 13:38:17.102000,32.9,32.85,32.9,27377156.0
2018-01-31 13:38:19.712000,32.9,32.85,32.9,27377156.0
2018-01-31 13:38:22.317000,32.85,32.85,32.9,27377656.0
2018-01-31 13:38:25.163000,32.85,32.85,32.9,27377656.0
2018-01-31 13:38:27.700000,32.85,32.85,32.9,27377656.0
2018-01-31 13:38:30.541000,32.85,32.85,32.9,27377656.0
2018-01-31 13:38:33.042000,32.85,32.85,32.9,27377656.0
2018-01-31 13:38:35.746000,32.85,32.85,32.9,27377656.0
2018-01-31 13:38:38.421000,32.85,32.85,32.9,27377656.0
2018-01-31 13:38:40.917000,32.85,32.85,32.9,27377656.0
2018-01-31 13:38:43.961000,32.85,32.85,32.9,27377656.0
2018-01-31 13:38:46.698000,32.85,32.85,32.9,27377656.0
2018-01-31 13:38:49.255000,32.85,32.85,32.9,27825656.0
2018-01-31 13:38:51.824000,32.85,32.85,32.9,27825656.0
2018-01-31 13:38:54.602000,32.85,32.85,32.9,29709156.0
2018-01-31 13:38:57.163000,32.85,32.85,32.9,29709156.0
2018-01-31 13:38:59.603000,32.85,32.85,32.9,29709156.0
2018-01-31 13:39:02.268000,32.85,32.85,32.9,29709156.0
2018-01-31 13:39:04.942000,32.85,32.85,32.9,29709156.0
2018-01-31 13:39:07.467000,32.85,32.85,32.9,29709156.0
2018-01-31 13:39:10.042000,32.85,32.85,32.9,29709156.0
2018-01-31 13:39:12.624000,32.85,32.85,32.9,29709156.0
2018-01-31 13:39:15.355000,32.85,32.85,32.9,29709156.0
2018-01-31 13:39:17.988000,32.85,32.85,32.9,29709156.0
2018-01-31 13:39:20.488000,32.85,32.85,32.9,29709156.0
2018-01-31 13:39:23.059000,32.85,32.85,32.9,29709156.0
2018-01-31 13:39:25.660000,32.85,32.85,32.9,29709156.0
2018-01-31 13:39:28.376000,32.85,32.85,32.9,29709156.0
2018-01-31 13:39:31.090000,32.85,32.85,32.9,29709156.0
2018-01-31 13:39:33.572000,32.85,32.85,32.9,29709156.0
2018-01-31 13:39:36.169000,32.85,32.85,32.9,29709156.0
2018-01-31 13:39:38.980000,32.85,32.85,32.9,29709156.0
2018-01-31 13:39:42.698000,32.85,32.85,32.9,29709156.0
2018-01-31 13:39:45.360000,32.85,32.85,32.9,29709156.0
2018-01-31 13:39:48.020000,32.85,32.85,32.9,29709156.0
2018-01-31 13:39:50.701000,32.85,32.85,32.9,29709156.0
2018-01-31 13:39:53.190000,32.85,32.85,32.9,29709156.0
2018-01-31 13:39:56.060000,32.85,32.85,32.9,29709156.0
2018-01-31 13:39:58.656000,32.85,32.85,32.9,30292656.0
2018-01-31 13:40:01.114000,32.85,32.85,32.9,30292656.0
2018-01-31 13:40:03.723000,32.85,32.85,32.9,30292656.0
2018-01-31 13:40:06.397000,32.85,32.85,32.9,30292656.0
2018-01-31 13:40:09.029000,32.85,32.85,32.9,30292656.0
2018-01-31 13:40:11.707000,32.85,32.85,32.9,30292656.0
2018-01-31 13:40:14.291000,32.85,32.85,32.9,30292656.0
2018-01-31 13:40:16.872000,32.85,32.85,32.9,30292656.0
2018-01-31 13:40:19.292000,32.85,32.85,32.9,30292656.0
2018-01-31 13:40:21.914000,32.85,32.85,32.9,30292656.0
2018-01-31 13:40:24.402000,32.85,32.85,32.9,30292656.0
2018-01-31 13:40:27.262000,32.85,32.85,32.9,30292656.0
2018-01-31 13:40:29.699000,32.85,32.85,32.9,30292656.0
2018-01-31 13:40:32.451000,32.85,32.85,32.9,30292656.0
2018-01-31 13:40:35.451000,32.85,32.85,32.9,30292656.0
2018-01-31 13:40:38.213000,32.85,32.85,32.9,30292656.0
2018-01-31 13:40:40.858000,32.85,32.85,32.9,30292656.0
2018-01-31 13:40:43.556000,32.85,32.85,32.9,30292656.0
2018-01-31 13:40:46.153000,32.85,32.85,32.9,30292656.0
2018-01-31 13:40:48.657000,32.85,32.85,32.9,30292656.0
2018-01-31 13:40:51.419000,32.85,32.85,32.9,30468156.0
2018-01-31 13:40:54.107000,32.85,32.85,32.9,30468156.0
2018-01-31 13:40:56.735000,32.85,32.85,32.9,30468156.0
2018-01-31 13:40:59.263000,32.85,32.85,32.9,30468156.0
2018-01-31 13:41:01.825000,32.85,32.85,32.9,30468156.0
2018-01-31 13:41:04.526000,32.85,32.85,32.9,30468156.0
2018-01-31 13:41:07.374000,32.85,32.85,32.9,30468156.0
2018-01-31 13:41:10.252000,32.85,32.85,32.9,30468156.0
2018-01-31 13:41:12.867000,32.85,32.85,32.9,30468156.0
2018-01-31 13:41:15.437000,32.85,32.85,32.9,30468156.0
2018-01-31 13:41:18.076000,32.85,32.85,32.9,30468156.0
2018-01-31 13:41:20.546000,32.85,32.85,32.9,30468156.0
2018-01-31 13:41:23.437000,32.85,32.85,32.9,30468156.0
2018-01-31 13:41:25.948000,32.85,32.85,32.9,30468156.0
2018-01-31 13:41:28.530000,32.85,32.85,32.9,30468156.0
2018-01-31 13:41:31.196000,32.85,32.85,32.9,30468156.0
2018-01-31 13:41:33.622000,32.85,32.85,32.9,30468156.0
2018-01-31 13:41:36.172000,32.85,32.85,32.9,30468156.0
2018-01-31 13:41:38.628000,32.85,32.85,32.9,30468156.0
2018-01-31 13:41:41.249000,32.85,32.85,32.9,30468156.0
2018-01-31 13:41:43.889000,32.85,32.85,32.9,30468156.0
2018-01-31 13:41:46.251000,32.85,32.85,32.9,30468156.0
2018-01-31 13:41:48.939000,32.85,32.85,32.9,30468156.0
2018-01-31 13:41:51.563000,32.85,32.85,32.9,30468156.0
2018-01-31 13:41:54.008000,32.85,32.85,32.9,30468156.0
2018-01-31 13:41:56.578000,32.85,32.85,32.9,30468156.0
2018-01-31 13:41:59.294000,32.85,32.85,32.9,30468156.0
2018-01-31 13:42:01.906000,32.85,32.85,32.9,30468156.0
2018-01-31 13:42:04.639000,32.85,32.85,32.9,30468156.0
2018-01-31 13:42:07.152000,32.85,32.85,32.9,30468156.0
2018-01-31 13:42:09.735000,32.85,32.85,32.9,30468156.0
2018-01-31 13:42:12.376000,32.85,32.85,32.9,30468156.0
2018-01-31 13:42:14.872000,32.85,32.85,32.9,30468156.0
2018-01-31 13:42:17.749000,32.85,32.85,32.9,30468156.0
2018-01-31 13:42:20.500000,32.85,32.85,32.9,30468156.0
2018-01-31 13:42:23.248000,32.85,32.85,32.9,30468156.0
2018-01-31 13:42:25.686000,32.85,32.85,32.9,30468156.0
2018-01-31 13:42:28.247000,32.85,32.85,32.9,30468156.0
2018-01-31 13:42:30.691000,32.85,32.85,32.9,30468156.0
2018-01-31 13:42:33.345000,32.85,32.85,32.9,30468156.0
2018-01-31 13:42:36.078000,32.8,32.75,32.8,30684656.0
2018-01-31 13:42:38.639000,32.8,32.75,32.8,30684656.0
2018-01-31 13:42:41.302000,32.8,32.75,32.8,30684656.0
2018-01-31 13:42:44.201000,32.8,32.75,32.8,30684656.0
2018-01-31 13:42:46.801000,32.8,32.75,32.8,30684656.0
2018-01-31 13:42:49.390000,32.8,32.75,32.8,30684656.0
2018-01-31 13:42:52.055000,32.8,32.75,32.8,30684656.0
2018-01-31 13:42:54.844000,32.8,32.75,32.8,30684656.0
2018-01-31 13:42:57.254000,32.8,32.75,32.8,30684656.0
2018-01-31 13:43:00.093000,32.8,32.75,32.8,30684656.0
2018-01-31 13:43:02.535000,32.8,32.75,32.8,30684656.0
2018-01-31 13:43:05.313000,32.8,32.75,32.8,30684656.0
2018-01-31 13:43:08.025000,32.8,32.75,32.8,30684656.0
2018-01-31 13:43:10.800000,32.8,32.75,32.8,30684656.0
2018-01-31 13:43:13.582000,32.8,32.75,32.8,30684656.0
2018-01-31 13:43:17.974000,32.8,32.75,32.8,30684656.0
2018-01-31 13:43:20.578000,32.8,32.75,32.8,30875656.0
2018-01-31 13:43:23.640000,32.8,32.75,32.8,30875656.0
2018-01-31 13:43:26.521000,32.8,32.75,32.8,30875656.0
2018-01-31 13:43:29.235000,32.8,32.75,32.8,30875656.0
2018-01-31 13:43:32.035000,32.8,32.75,32.8,30875656.0
2018-01-31 13:43:34.580000,32.8,32.75,32.8,30875656.0
2018-01-31 13:43:37.132000,32.8,32.75,32.8,30875656.0
2018-01-31 13:43:39.734000,32.8,32.75,32.8,30875656.0
2018-01-31 13:43:42.191000,32.8,32.75,32.8,30875656.0
2018-01-31 13:43:44.985000,32.8,32.75,32.8,30875656.0
2018-01-31 13:43:50.393000,32.8,32.75,32.8,30875656.0
2018-01-31 13:43:53.459000,32.8,32.75,32.8,30875656.0
2018-01-31 13:43:57.233000,32.8,32.75,32.8,30875656.0
2018-01-31 13:43:59.862000,32.8,32.75,32.8,30875656.0
2018-01-31 13:44:03.645000,32.8,32.75,32.8,30875656.0
2018-01-31 13:44:08.083000,32.8,32.8,32.85,31019656.0
2018-01-31 13:44:10.810000,32.8,32.8,32.85,31019656.0
2018-01-31 13:44:13.419000,32.8,32.8,32.85,31019656.0
2018-01-31 13:44:15.927000,32.8,32.8,32.85,31019656.0
2018-01-31 13:44:18.879000,32.8,32.8,32.85,31019656.0
2018-01-31 13:44:21.522000,32.8,32.8,32.85,31019656.0
2018-01-31 13:44:24.183000,32.8,32.8,32.85,31019656.0
2018-01-31 13:44:26.677000,32.8,32.8,32.85,31019656.0
2018-01-31 13:44:29.220000,32.8,32.8,32.85,31019656.0
2018-01-31 13:44:31.868000,32.8,32.8,32.85,31019656.0
2018-01-31 13:44:34.720000,32.8,32.8,32.85,31019656.0
2018-01-31 13:44:37.050000,32.8,32.8,32.85,31019656.0
2018-01-31 13:44:39.689000,32.8,32.8,32.85,31019656.0
2018-01-31 13:44:42.007000,32.8,32.8,32.85,31019656.0
2018-01-31 13:44:44.581000,32.8,32.8,32.85,31019656.0
2018-01-31 13:44:47.255000,32.8,32.8,32.85,31019656.0
2018-01-31 13:44:49.863000,32.8,32.8,32.85,31019656.0
2018-01-31 13:44:52.395000,32.8,32.8,32.85,31019656.0
2018-01-31 13:44:55.213000,32.8,32.75,32.85,31096656.0
2018-01-31 13:45:16.472000,32.8,32.75,32.85,31096656.0
2018-01-31 13:45:40.209000,32.8,32.75,32.85,31096656.0
2018-01-31 13:45:58.594000,32.8,32.75,32.85,31096656.0
2018-01-31 13:46:06.599000,32.8,32.75,32.85,31096656.0
2018-01-31 13:46:11.227000,32.8,32.75,32.85,31096656.0
2018-01-31 13:46:15.582000,32.8,32.75,32.85,31096656.0
2018-01-31 13:46:18.455000,32.8,32.75,32.85,31096656.0
2018-01-31 13:46:21.239000,32.8,32.8,32.85,31098656.0
2018-01-31 13:46:24.583000,32.8,32.8,32.85,31098656.0
2018-01-31 13:46:30.071000,32.8,32.8,32.85,31098656.0
2018-01-31 13:46:35.030000,32.8,32.8,32.85,31098656.0
2018-01-31 13:46:39.505000,32.8,32.8,32.85,31098656.0
2018-01-31 13:46:42.617000,32.8,32.8,32.85,31098656.0
2018-01-31 13:46:45.292000,32.8,32.8,32.85,31098656.0
2018-01-31 13:46:48.233000,32.8,32.8,32.85,31098656.0
2018-01-31 13:46:55.005000,32.8,32.8,32.85,31098656.0
2018-01-31 13:46:59.991000,32.8,32.8,32.85,31098656.0
2018-01-31 13:47:03.420000,32.8,32.8,32.85,31098656.0
2018-01-31 13:47:06.840000,32.8,32.8,32.85,31098656.0
2018-01-31 13:47:11.243000,32.8,32.8,32.85,31098656.0
2018-01-31 13:47:16.172000,32.8,32.8,32.85,31098656.0
2018-01-31 13:47:19.963000,32.8,32.8,32.85,31098656.0
2018-01-31 13:47:23.376000,32.8,32.8,32.85,31098656.0
2018-01-31 13:47:26.563000,32.8,32.8,32.85,31098656.0
2018-01-31 13:47:29.834000,32.8,32.8,32.85,31098656.0
2018-01-31 13:47:32.806000,32.8,32.8,32.85,31098820.0
2018-01-31 13:47:35.713000,32.8,32.8,32.85,31098820.0
2018-01-31 13:47:38.649000,32.8,32.8,32.85,31098820.0
2018-01-31 13:47:41.668000,32.8,32.8,32.85,31098820.0
2018-01-31 13:47:44.553000,32.8,32.8,32.85,31098820.0
2018-01-31 13:47:47.464000,32.8,32.8,32.85,31098820.0
2018-01-31 13:47:50.568000,32.8,32.8,32.85,31098820.0
2018-01-31 13:47:53.742000,32.8,32.8,32.85,31098820.0
2018-01-31 13:47:56.759000,32.8,32.8,32.85,31098820.0
2018-01-31 13:47:59.742000,32.8,32.8,32.85,31098820.0
2018-01-31 13:48:03.100000,32.8,32.8,32.85,31098820.0
2018-01-31 13:48:06.262000,32.8,32.8,32.85,31098820.0
2018-01-31 13:48:09.167000,32.8,32.8,32.85,31098820.0
2018-01-31 13:48:12.045000,32.8,32.8,32.85,31098820.0
2018-01-31 13:48:15.011000,32.8,32.8,32.85,31098820.0
2018-01-31 13:48:18.045000,32.8,32.8,32.85,31098820.0
2018-01-31 13:48:21.008000,32.8,32.8,32.85,31098820.0
2018-01-31 13:48:24.233000,32.8,32.8,32.85,31098820.0
2018-01-31 13:48:27.099000,32.8,32.8,32.85,31098820.0
2018-01-31 13:48:30.197000,32.8,32.8,32.85,31098820.0
2018-01-31 13:48:33.705000,32.8,32.8,32.85,31098882.0
2018-01-31 13:48:36.821000,32.8,32.8,32.85,31098882.0
2018-01-31 13:48:39.666000,32.8,32.8,32.85,31098882.0
2018-01-31 13:48:42.524000,32.8,32.8,32.85,31098882.0
2018-01-31 13:48:45.215000,32.8,32.8,32.85,31098882.0
2018-01-31 13:48:48.075000,32.8,32.8,32.85,31098882.0
2018-01-31 13:48:51.184000,32.8,32.8,32.85,31098882.0
2018-01-31 13:48:54.187000,32.8,32.8,32.85,31098882.0
2018-01-31 13:48:57.196000,32.8,32.8,32.85,31098882.0
2018-01-31 13:49:00.164000,32.8,32.8,32.85,31098882.0
2018-01-31 13:49:03.056000,32.8,32.8,32.85,31098882.0
2018-01-31 13:49:06.055000,32.8,32.8,32.85,31098882.0
2018-01-31 13:49:08.912000,32.8,32.8,32.85,31098882.0
2018-01-31 13:49:11.926000,32.8,32.8,32.85,31098882.0
2018-01-31 13:49:14.791000,32.8,32.8,32.85,31098882.0
2018-01-31 13:49:17.850000,32.8,32.8,32.85,31098882.0
2018-01-31 13:49:20.794000,32.8,32.8,32.85,31098882.0
2018-01-31 13:49:23.791000,32.8,32.8,32.85,31098882.0
2018-01-31 13:49:26.770000,32.8,32.8,32.85,31098882.0
2018-01-31 13:49:29.545000,32.8,32.8,32.85,31098882.0
2018-01-31 13:49:32.560000,32.8,32.8,32.85,31098882.0
2018-01-31 13:49:35.667000,32.8,32.8,32.85,31098882.0
2018-01-31 13:49:38.713000,32.85,32.8,32.85,32305382.0
2018-01-31 13:49:41.796000,32.85,32.8,32.85,32305382.0
2018-01-31 13:49:44.870000,32.85,32.8,32.85,32305382.0
2018-01-31 13:49:47.784000,32.85,32.8,32.85,32305382.0
2018-01-31 13:49:51.355000,32.85,32.8,32.85,32305382.0
2018-01-31 13:49:54.311000,32.85,32.8,32.85,32305382.0
2018-01-31 13:49:57.242000,32.85,32.8,32.85,32305382.0
2018-01-31 13:50:00.150000,32.85,32.8,32.85,32305382.0
2018-01-31 13:50:02.997000,32.85,32.8,32.85,32305382.0
2018-01-31 13:50:05.886000,32.85,32.8,32.85,32305382.0
2018-01-31 13:50:08.654000,32.85,32.8,32.85,32305382.0
2018-01-31 13:50:11.793000,32.85,32.8,32.85,32305382.0
2018-01-31 13:50:14.823000,32.85,32.8,32.85,32305382.0
2018-01-31 13:50:17.842000,32.85,32.8,32.85,32305382.0
2018-01-31 13:50:20.801000,32.85,32.8,32.85,32305382.0
2018-01-31 13:50:23.767000,32.85,32.8,32.85,32305382.0
2018-01-31 13:50:26.518000,32.85,32.8,32.85,32305382.0
2018-01-31 13:50:29.819000,32.85,32.8,32.85,32305382.0
2018-01-31 13:50:32.792000,32.85,32.8,32.85,32305382.0
2018-01-31 13:50:35.796000,32.85,32.8,32.85,32305382.0
2018-01-31 13:50:38.711000,32.85,32.8,32.85,32305382.0
2018-01-31 13:50:41.606000,32.85,32.8,32.85,32305382.0
2018-01-31 13:50:44.587000,32.85,32.8,32.85,32305382.0
2018-01-31 13:50:47.495000,32.85,32.8,32.85,32305382.0
2018-01-31 13:50:50.340000,32.9,32.85,32.9,32583882.0
2018-01-31 13:50:53.316000,32.9,32.85,32.9,32583882.0
2018-01-31 13:50:56.189000,32.9,32.85,32.9,32583882.0
2018-01-31 13:50:59.166000,32.9,32.85,32.9,32583882.0
2018-01-31 13:51:02.090000,32.9,32.85,32.9,32583882.0
2018-01-31 13:51:04.981000,32.9,32.85,32.9,32583882.0
2018-01-31 13:51:07.953000,32.9,32.85,32.9,32583882.0
2018-01-31 13:51:11.013000,32.9,32.85,32.9,32583882.0
2018-01-31 13:51:14.027000,32.9,32.85,32.9,32583882.0
2018-01-31 13:51:17.016000,32.9,32.85,32.9,32583882.0
2018-01-31 13:51:20.141000,32.9,32.85,32.9,32583882.0
2018-01-31 13:51:23.309000,32.9,32.85,32.9,32583882.0
2018-01-31 13:51:26.310000,32.9,32.85,32.9,32583882.0
2018-01-31 13:51:29.173000,32.9,32.85,32.9,32583882.0
2018-01-31 13:51:32.127000,32.9,32.85,32.9,32583882.0
2018-01-31 13:51:35.183000,32.9,32.85,32.9,32583882.0
2018-01-31 13:51:38.125000,32.9,32.85,32.9,32583882.0
2018-01-31 13:51:41.157000,32.9,32.85,32.9,32583882.0
2018-01-31 13:51:44.327000,32.9,32.85,32.9,32583882.0
2018-01-31 13:51:47.376000,32.9,32.85,32.9,32583882.0
2018-01-31 13:51:50.309000,32.9,32.85,32.9,32583882.0
2018-01-31 13:51:53.187000,32.9,32.85,32.9,32583882.0
2018-01-31 13:51:56.118000,32.9,32.85,32.9,32583882.0
2018-01-31 13:51:59.022000,32.9,32.85,32.9,32583882.0
2018-01-31 13:52:01.669000,32.9,32.85,32.9,32583882.0
2018-01-31 13:52:04.738000,32.9,32.85,32.9,32583882.0
2018-01-31 13:52:07.566000,32.9,32.85,32.9,32583882.0
2018-01-31 13:52:10.562000,32.9,32.85,32.9,32583882.0
2018-01-31 13:52:13.620000,32.9,32.85,32.9,32583882.0
2018-01-31 13:52:16.674000,32.9,32.85,32.9,32583882.0
2018-01-31 13:52:19.626000,32.9,32.85,32.9,32583882.0
2018-01-31 13:52:22.628000,32.9,32.85,32.9,32583882.0
2018-01-31 13:52:25.405000,32.9,32.85,32.9,32583882.0
2018-01-31 13:52:28.439000,32.9,32.85,32.9,32583882.0
2018-01-31 13:52:31.341000,32.9,32.85,32.9,32583882.0
2018-01-31 13:52:34.360000,32.9,32.85,32.9,32583882.0
2018-01-31 13:52:37.282000,32.9,32.85,32.9,32583882.0
2018-01-31 13:52:40.311000,32.9,32.85,32.9,32583882.0
2018-01-31 13:52:43.443000,32.9,32.85,32.9,32583882.0
2018-01-31 13:52:46.360000,32.9,32.85,32.9,32583882.0
2018-01-31 13:52:49.504000,32.9,32.85,32.9,32583882.0
2018-01-31 13:52:52.598000,32.9,32.85,32.9,32583882.0
2018-01-31 13:52:55.562000,32.9,32.85,32.9,32583882.0
2018-01-31 13:52:58.419000,32.9,32.85,32.9,32583882.0
2018-01-31 13:53:01.520000,32.9,32.85,32.9,32583882.0
2018-01-31 13:53:04.507000,32.9,32.85,32.9,32583882.0
2018-01-31 13:53:07.411000,32.9,32.85,32.9,32583882.0
2018-01-31 13:53:10.391000,32.9,32.85,32.9,32583882.0
2018-01-31 13:53:13.233000,32.9,32.85,32.9,32583882.0
2018-01-31 13:53:16.078000,32.9,32.85,32.9,32583882.0
2018-01-31 13:53:18.909000,32.9,32.85,32.9,32583882.0
2018-01-31 13:53:21.711000,32.9,32.85,32.9,32583882.0
2018-01-31 13:53:24.992000,32.9,32.85,32.9,32583882.0
2018-01-31 13:53:28.128000,32.9,32.85,32.9,32583882.0
2018-01-31 13:53:30.986000,32.9,32.85,32.9,32583882.0
2018-01-31 13:53:33.862000,32.9,32.85,32.9,32583882.0
2018-01-31 13:53:37.066000,32.9,32.85,32.9,32583882.0
2018-01-31 13:53:39.952000,32.9,32.85,32.9,32583882.0
2018-01-31 13:53:42.955000,32.9,32.85,32.9,32583882.0
2018-01-31 13:53:46.066000,32.9,32.85,32.9,32583882.0
2018-01-31 13:53:48.899000,32.9,32.85,32.9,32583882.0
2018-01-31 13:53:51.773000,32.9,32.85,32.9,32583882.0
2018-01-31 13:53:54.620000,32.9,32.85,32.9,32583882.0
2018-01-31 13:53:57.550000,32.9,32.85,32.9,32583882.0
2018-01-31 13:54:00.609000,32.9,32.85,32.9,32583882.0
2018-01-31 13:54:03.566000,32.9,32.85,32.9,32583882.0
2018-01-31 13:54:06.505000,32.9,32.85,32.9,32583882.0
2018-01-31 13:54:09.414000,32.9,32.85,32.9,32583882.0
2018-01-31 13:54:12.566000,32.9,32.85,32.9,32583882.0
2018-01-31 13:54:15.658000,32.9,32.85,32.9,32583882.0
2018-01-31 13:54:18.595000,32.9,32.85,32.9,32583882.0
2018-01-31 13:54:21.717000,32.9,32.85,32.9,32583882.0
2018-01-31 13:54:24.800000,32.9,32.85,32.9,32583882.0
2018-01-31 13:54:27.630000,32.9,32.85,32.9,32583882.0
2018-01-31 13:54:30.565000,32.9,32.85,32.9,32583882.0
2018-01-31 13:54:33.553000,32.9,32.85,32.9,32583882.0
2018-01-31 13:54:36.502000,32.9,32.85,32.9,32583882.0
2018-01-31 13:54:39.503000,32.9,32.85,32.9,32583882.0
2018-01-31 13:54:42.387000,32.9,32.85,32.9,32583882.0
2018-01-31 13:54:45.438000,32.9,32.85,32.9,32583882.0
2018-01-31 13:54:48.358000,32.9,32.85,32.9,32583882.0
2018-01-31 13:54:51.376000,32.9,32.85,32.9,32583882.0
2018-01-31 13:54:54.268000,32.9,32.85,32.9,32583882.0
2018-01-31 13:54:57.382000,32.85,32.85,32.9,32781882.0
2018-01-31 13:55:00.286000,32.85,32.85,32.9,32781882.0
2018-01-31 13:55:03.085000,32.85,32.85,32.9,32781882.0
2018-01-31 13:55:05.960000,32.85,32.85,32.9,32781882.0
2018-01-31 13:55:08.873000,32.85,32.85,32.9,32781882.0
2018-01-31 13:55:12.005000,32.85,32.85,32.9,32781882.0
2018-01-31 13:55:14.913000,32.85,32.85,32.9,32781882.0
2018-01-31 13:55:17.819000,32.85,32.85,32.9,32781882.0
2018-01-31 13:55:20.629000,32.85,32.85,32.9,32781882.0
2018-01-31 13:55:23.626000,32.85,32.85,32.9,32781882.0
2018-01-31 13:55:26.597000,32.85,32.85,32.9,32781882.0
2018-01-31 13:55:29.395000,32.85,32.85,32.9,32781882.0
2018-01-31 13:55:32.755000,32.85,32.85,32.9,32781882.0
2018-01-31 13:55:35.597000,32.85,32.85,32.9,32781882.0
2018-01-31 13:55:38.598000,32.85,32.85,32.9,32781882.0
2018-01-31 13:55:41.790000,32.85,32.85,32.9,32781882.0
2018-01-31 13:55:44.509000,32.85,32.85,32.9,32781882.0
2018-01-31 13:55:47.488000,32.85,32.85,32.9,32781882.0
2018-01-31 13:55:50.411000,32.85,32.85,32.9,32781882.0
2018-01-31 13:55:53.204000,32.85,32.85,32.9,32781882.0
2018-01-31 13:55:55.997000,32.85,32.85,32.9,32781882.0
2018-01-31 13:55:59.027000,32.85,32.85,32.9,32781882.0
2018-01-31 13:56:02.180000,32.85,32.85,32.9,32781882.0
2018-01-31 13:56:05.214000,32.85,32.85,32.9,32781882.0
2018-01-31 13:56:08.108000,32.85,32.85,32.9,32781882.0
2018-01-31 13:56:11.099000,32.9,32.85,32.9,32789382.0
2018-01-31 13:56:14.009000,32.9,32.85,32.9,32789382.0
2018-01-31 13:56:17.191000,32.9,32.85,32.9,32789382.0
2018-01-31 13:56:20.242000,32.9,32.85,32.9,32789382.0
2018-01-31 13:56:23.188000,32.9,32.85,32.9,32789382.0
2018-01-31 13:56:26.119000,32.9,32.85,32.9,32789382.0
2018-01-31 13:56:29.178000,32.9,32.85,32.9,32789382.0
2018-01-31 13:56:32.431000,32.9,32.85,32.9,32789382.0
2018-01-31 13:56:35.569000,32.9,32.85,32.9,32789382.0
2018-01-31 13:56:38.577000,32.9,32.85,32.9,32789382.0
2018-01-31 13:56:41.524000,32.9,32.85,32.9,32789382.0
2018-01-31 13:56:44.506000,32.9,32.85,32.9,32789382.0
2018-01-31 13:56:47.501000,32.9,32.85,32.9,32789382.0
2018-01-31 13:56:50.373000,32.9,32.85,32.9,32789382.0
2018-01-31 13:56:53.804000,32.9,32.85,32.9,32789382.0
2018-01-31 13:56:56.750000,32.9,32.85,32.9,32789382.0
2018-01-31 13:56:59.633000,32.9,32.85,32.9,32789382.0
2018-01-31 13:57:02.540000,32.9,32.85,32.9,32789382.0
2018-01-31 13:57:05.489000,32.9,32.85,32.9,32789382.0
2018-01-31 13:57:08.461000,32.9,32.85,32.9,32789382.0
2018-01-31 13:57:11.323000,32.9,32.85,32.9,32789382.0
2018-01-31 13:57:14.260000,32.9,32.85,32.9,32789382.0
2018-01-31 13:57:17.116000,32.9,32.85,32.9,32789382.0
2018-01-31 13:57:20.015000,32.9,32.85,32.9,32789382.0
2018-01-31 13:57:22.968000,32.8,32.8,32.85,33469382.0
2018-01-31 13:57:26.148000,32.8,32.8,32.85,33469382.0
2018-01-31 13:57:29.103000,32.8,32.8,32.85,33469382.0
2018-01-31 13:57:32.243000,32.8,32.8,32.85,33469382.0
2018-01-31 13:57:35.338000,32.8,32.8,32.85,33469382.0
2018-01-31 13:57:38.160000,32.8,32.8,32.85,33469382.0
2018-01-31 13:57:41.028000,32.8,32.8,32.85,33469382.0
2018-01-31 13:57:44.095000,32.8,32.8,32.85,33469382.0
2018-01-31 13:57:47.118000,32.8,32.8,32.85,33469382.0
2018-01-31 13:57:50.282000,32.8,32.8,32.85,33469382.0
2018-01-31 13:57:53.333000,32.8,32.8,32.85,33469382.0
2018-01-31 13:57:56.490000,32.8,32.8,32.85,33469382.0
2018-01-31 13:57:59.456000,32.8,32.8,32.85,33469382.0
2018-01-31 13:58:02.556000,32.8,32.8,32.85,33469382.0
2018-01-31 13:58:05.342000,32.8,32.8,32.85,33469382.0
2018-01-31 13:58:08.161000,32.8,32.8,32.85,33469382.0
2018-01-31 13:58:11.012000,32.8,32.8,32.85,33469382.0
2018-01-31 13:58:13.951000,32.85,32.8,32.85,34503382.0
2018-01-31 13:58:16.932000,32.85,32.8,32.85,34503382.0
2018-01-31 13:58:20.254000,32.85,32.8,32.85,34503382.0
2018-01-31 13:58:23.242000,32.85,32.8,32.85,34503382.0
2018-01-31 13:58:26.116000,32.85,32.8,32.85,34503382.0
2018-01-31 13:58:28.994000,32.85,32.8,32.85,34503382.0
2018-01-31 13:58:31.820000,32.85,32.8,32.85,34503382.0
2018-01-31 13:58:34.937000,32.85,32.8,32.85,34503382.0
2018-01-31 13:58:37.866000,32.85,32.8,32.85,34503382.0
2018-01-31 13:58:40.773000,32.85,32.8,32.85,34503382.0
2018-01-31 13:58:43.762000,32.85,32.8,32.85,34503382.0
2018-01-31 13:58:46.774000,32.85,32.8,32.85,34503382.0
2018-01-31 13:58:49.921000,32.85,32.8,32.85,34503382.0
2018-01-31 13:58:53.017000,32.85,32.8,32.85,34503382.0
2018-01-31 13:58:56.118000,32.85,32.8,32.85,34503382.0
2018-01-31 13:58:58.981000,32.85,32.8,32.85,34503382.0
2018-01-31 13:59:02.010000,32.85,32.8,32.85,34503382.0
2018-01-31 13:59:05.071000,32.85,32.8,32.85,34503382.0
2018-01-31 13:59:07.930000,32.85,32.8,32.85,34503382.0
2018-01-31 13:59:10.821000,32.85,32.8,32.85,34503382.0
2018-01-31 13:59:13.762000,32.85,32.8,32.85,34503382.0
2018-01-31 13:59:16.776000,32.85,32.8,32.85,34503382.0
2018-01-31 13:59:19.698000,32.85,32.8,32.85,34503382.0
2018-01-31 13:59:22.488000,32.85,32.8,32.85,34503382.0
2018-01-31 13:59:25.251000,32.85,32.8,32.85,34503382.0
2018-01-31 13:59:28.161000,32.85,32.85,32.9,35329382.0
2018-01-31 13:59:30.947000,32.85,32.85,32.9,35329382.0
2018-01-31 13:59:33.893000,32.85,32.85,32.9,35329382.0
2018-01-31 13:59:36.795000,32.85,32.85,32.9,35329382.0
2018-01-31 13:59:39.853000,32.85,32.85,32.9,35329382.0
2018-01-31 13:59:42.868000,32.85,32.85,32.9,35329382.0
2018-01-31 13:59:45.760000,32.85,32.85,32.9,35329382.0
2018-01-31 13:59:48.800000,32.85,32.85,32.9,35329382.0
2018-01-31 13:59:52.166000,32.85,32.85,32.9,35329382.0
2018-01-31 13:59:54.963000,32.85,32.85,32.9,35329382.0
2018-01-31 13:59:57.872000,32.85,32.85,32.9,35329382.0
2018-01-31 14:00:00.793000,32.85,32.85,32.9,35329382.0
2018-01-31 14:00:04.260000,32.85,32.85,32.9,35329621.0
2018-01-31 14:00:07.279000,32.85,32.85,32.9,35329621.0
2018-01-31 14:00:10.494000,32.85,32.85,32.9,35329621.0
2018-01-31 14:00:13.603000,32.85,32.85,32.9,35329621.0
2018-01-31 14:00:16.644000,32.85,32.85,32.9,35329621.0
2018-01-31 14:00:19.540000,32.85,32.85,32.9,35329621.0
2018-01-31 14:00:22.779000,32.85,32.85,32.9,35329621.0
2018-01-31 14:00:26.058000,32.85,32.85,32.9,35329621.0
2018-01-31 14:00:29.026000,32.85,32.85,32.9,35329621.0
2018-01-31 14:00:31.998000,32.85,32.85,32.9,35329621.0
2018-01-31 14:00:34.938000,32.85,32.85,32.9,35329621.0
2018-01-31 14:00:37.999000,32.85,32.85,32.9,35329621.0
2018-01-31 14:00:40.872000,32.85,32.85,32.9,35329621.0
2018-01-31 14:00:44.218000,32.85,32.85,32.9,35329621.0
2018-01-31 14:00:47.295000,32.85,32.85,32.9,35329621.0
2018-01-31 14:00:50.136000,32.85,32.85,32.9,35329621.0
2018-01-31 14:00:53.023000,32.85,32.85,32.9,35329621.0
2018-01-31 14:00:55.916000,32.85,32.85,32.9,35329621.0
2018-01-31 14:00:58.711000,32.85,32.85,32.9,35329621.0
2018-01-31 14:01:01.608000,32.85,32.85,32.9,35329621.0
2018-01-31 14:01:04.544000,32.85,32.85,32.9,35329621.0
2018-01-31 14:01:07.368000,32.85,32.85,32.9,36014121.0
2018-01-31 14:01:10.481000,32.85,32.85,32.9,36014121.0
2018-01-31 14:01:13.670000,32.85,32.85,32.9,36014121.0
2018-01-31 14:01:16.526000,32.85,32.85,32.9,36014121.0
2018-01-31 14:01:19.341000,32.85,32.85,32.9,36014121.0
2018-01-31 14:01:22.095000,32.85,32.85,32.9,36014121.0
2018-01-31 14:01:25.099000,32.85,32.85,32.9,36014121.0
2018-01-31 14:01:28.297000,32.85,32.85,32.9,36014121.0
2018-01-31 14:01:31.265000,32.85,32.85,32.9,36014121.0
2018-01-31 14:01:34.321000,32.85,32.85,32.9,36014121.0
2018-01-31 14:01:37.282000,32.85,32.85,32.9,36014121.0
2018-01-31 14:01:40.079000,32.85,32.85,32.9,36014121.0
2018-01-31 14:01:43.263000,32.85,32.85,32.9,36014121.0
2018-01-31 14:01:46.279000,32.85,32.85,32.9,36014121.0
2018-01-31 14:01:49.130000,32.85,32.85,32.9,36014121.0
2018-01-31 14:01:51.950000,32.85,32.85,32.9,36014121.0
2018-01-31 14:01:54.862000,32.85,32.85,32.9,36014121.0
2018-01-31 14:01:57.749000,32.85,32.85,32.9,36014121.0
2018-01-31 14:02:00.890000,32.85,32.85,32.9,36014121.0
2018-01-31 14:02:03.914000,32.85,32.85,32.9,36014121.0
2018-01-31 14:02:06.889000,32.85,32.85,32.9,36014121.0
2018-01-31 14:02:10.166000,32.85,32.85,32.9,36014121.0
2018-01-31 14:02:13.208000,32.85,32.85,32.9,36014121.0
2018-01-31 14:02:16.217000,32.85,32.85,32.9,36376621.0
2018-01-31 14:02:18.976000,32.85,32.85,32.9,36376621.0
2018-01-31 14:02:22.014000,32.85,32.85,32.9,36376621.0
2018-01-31 14:02:24.830000,32.85,32.85,32.9,36376621.0
2018-01-31 14:02:27.657000,32.85,32.85,32.9,36376621.0
2018-01-31 14:02:30.392000,32.85,32.85,32.9,36376621.0
2018-01-31 14:02:33.520000,32.85,32.85,32.9,36376621.0
2018-01-31 14:02:36.419000,32.85,32.85,32.9,36376621.0
2018-01-31 14:02:39.249000,32.85,32.85,32.9,36376621.0
2018-01-31 14:02:42.322000,32.85,32.85,32.9,36376621.0
2018-01-31 14:02:45.163000,32.85,32.85,32.9,36376621.0
2018-01-31 14:02:48.300000,32.85,32.85,32.9,36376621.0
2018-01-31 14:02:51.389000,32.85,32.85,32.9,36376621.0
2018-01-31 14:02:54.353000,32.85,32.85,32.9,36376621.0
2018-01-31 14:02:57.563000,32.85,32.85,32.9,36376621.0
2018-01-31 14:03:00.475000,32.85,32.85,32.9,36376621.0
2018-01-31 14:03:03.907000,32.85,32.85,32.9,36376621.0
2018-01-31 14:03:06.905000,32.85,32.85,32.9,36376621.0
2018-01-31 14:03:09.712000,32.85,32.85,32.9,36376621.0
2018-01-31 14:03:12.523000,32.85,32.85,32.9,36376621.0
2018-01-31 14:03:15.379000,32.85,32.85,32.9,36376621.0
2018-01-31 14:03:18.286000,32.85,32.85,32.9,36376621.0
2018-01-31 14:03:21.156000,32.85,32.85,32.9,36376621.0
2018-01-31 14:03:24.425000,32.85,32.85,32.9,36859121.0
2018-01-31 14:03:27.270000,32.85,32.85,32.9,36859121.0
2018-01-31 14:03:30.242000,32.85,32.85,32.9,36859121.0
2018-01-31 14:03:33.220000,32.85,32.85,32.9,36859121.0
2018-01-31 14:03:36.329000,32.85,32.85,32.9,36859121.0
2018-01-31 14:03:39.120000,32.85,32.85,32.9,36859121.0
2018-01-31 14:03:42.177000,32.85,32.85,32.9,36859121.0
2018-01-31 14:03:45.111000,32.85,32.85,32.9,36859121.0
2018-01-31 14:03:48.077000,32.85,32.85,32.9,36859121.0
2018-01-31 14:03:50.878000,32.85,32.85,32.9,36859121.0
2018-01-31 14:03:53.908000,32.85,32.85,32.9,36859121.0
2018-01-31 14:03:56.814000,32.85,32.85,32.9,36859121.0
2018-01-31 14:03:59.696000,32.85,32.85,32.9,36859121.0
2018-01-31 14:04:02.533000,32.85,32.85,32.9,36859121.0
2018-01-31 14:04:05.552000,32.85,32.85,32.9,36859121.0
2018-01-31 14:04:08.332000,32.85,32.85,32.9,36859121.0
2018-01-31 14:04:11.421000,32.85,32.85,32.9,36859121.0
2018-01-31 14:04:14.818000,32.85,32.85,32.9,36859121.0
2018-01-31 14:04:17.901000,32.85,32.85,32.9,37211621.0
2018-01-31 14:04:20.848000,32.85,32.85,32.9,37211621.0
2018-01-31 14:04:23.870000,32.85,32.85,32.9,37211621.0
2018-01-31 14:04:30.488000,,,,
2018-01-31 14:04:33.307000,32.85,32.85,32.9,37211621.0
2018-01-31 14:04:36.203000,32.85,32.85,32.9,37211621.0
2018-01-31 14:04:39.115000,32.85,32.85,32.9,37211621.0
2018-01-31 14:04:41.941000,32.8,32.8,32.9,39107121.0
2018-01-31 14:04:44.881000,32.8,32.8,32.9,39107121.0
2018-01-31 14:04:47.746000,32.8,32.8,32.9,39107121.0
2018-01-31 14:04:50.707000,32.8,32.8,32.9,39107121.0
2018-01-31 14:04:53.505000,32.8,32.8,32.9,39107121.0
2018-01-31 14:04:56.440000,32.8,32.8,32.9,39107121.0
2018-01-31 14:04:59.461000,32.8,32.8,32.9,39107121.0
2018-01-31 14:05:02.299000,32.8,32.8,32.9,39107121.0
2018-01-31 14:05:05.211000,32.8,32.8,32.9,39107121.0
2018-01-31 14:05:08.098000,32.8,32.8,32.9,39107121.0
2018-01-31 14:05:11.007000,32.8,32.8,32.9,39107121.0
2018-01-31 14:05:13.831000,32.8,32.8,32.9,39107121.0
2018-01-31 14:05:16.783000,32.8,32.8,32.9,39107121.0
2018-01-31 14:05:19.927000,32.8,32.8,32.9,39107121.0
2018-01-31 14:05:22.877000,32.8,32.8,32.9,39107121.0
2018-01-31 14:05:25.912000,32.8,32.8,32.9,39107121.0
2018-01-31 14:05:28.833000,32.8,32.8,32.9,39107121.0
2018-01-31 14:05:31.800000,32.8,32.8,32.9,39107121.0
2018-01-31 14:05:34.882000,32.8,32.8,32.9,39107121.0
2018-01-31 14:05:37.739000,32.85,32.85,32.9,42208566.0
2018-01-31 14:05:40.658000,32.85,32.85,32.9,42208566.0
2018-01-31 14:05:43.564000,32.85,32.85,32.9,42208566.0
2018-01-31 14:05:46.597000,32.85,32.85,32.9,42208566.0
2018-01-31 14:05:49.563000,32.85,32.85,32.9,42208566.0
2018-01-31 14:05:52.505000,32.85,32.85,32.9,42208566.0
2018-01-31 14:05:55.634000,32.85,32.85,32.9,42208566.0
2018-01-31 14:05:58.628000,32.85,32.85,32.9,42208566.0
2018-01-31 14:06:01.363000,32.85,32.85,32.9,42208566.0
2018-01-31 14:06:04.351000,32.85,32.85,32.9,42208566.0
2018-01-31 14:06:07.208000,32.85,32.85,32.9,42208566.0
2018-01-31 14:06:10.197000,32.85,32.85,32.9,42208566.0
2018-01-31 14:06:13.367000,32.85,32.85,32.9,42208566.0
2018-01-31 14:06:16.242000,32.85,32.85,32.9,42208566.0
2018-01-31 14:06:19.163000,32.85,32.85,32.9,42208566.0
2018-01-31 14:06:22.100000,32.85,32.85,32.9,42208566.0
2018-01-31 14:06:25.002000,32.85,32.85,32.9,42208566.0
2018-01-31 14:06:27.894000,32.85,32.85,32.9,42208566.0
2018-01-31 14:06:30.972000,32.85,32.85,32.9,42208566.0
2018-01-31 14:06:33.894000,32.85,32.85,32.9,42208566.0
2018-01-31 14:06:36.879000,32.85,32.85,32.9,42208566.0
2018-01-31 14:06:40.067000,32.85,32.85,32.9,42208566.0
2018-01-31 14:06:42.977000,32.85,32.85,32.9,42208566.0
2018-01-31 14:06:45.853000,32.85,32.85,32.9,42208566.0
2018-01-31 14:06:48.976000,32.85,32.85,32.9,42208566.0
2018-01-31 14:06:52.037000,32.85,32.85,32.9,42208566.0
2018-01-31 14:06:54.897000,32.85,32.85,32.9,42208566.0
2018-01-31 14:06:57.847000,32.85,32.85,32.9,42208566.0
2018-01-31 14:07:00.800000,32.85,32.85,32.9,42208566.0
2018-01-31 14:07:03.789000,32.85,32.85,32.9,42208566.0
2018-01-31 14:07:06.723000,32.85,32.85,32.9,42208566.0
2018-01-31 14:07:09.820000,32.85,32.85,32.9,42208566.0
2018-01-31 14:07:12.850000,32.85,32.85,32.9,42208566.0
2018-01-31 14:07:15.895000,32.85,32.85,32.9,42208566.0
2018-01-31 14:07:18.726000,32.85,32.85,32.9,42208566.0
2018-01-31 14:07:21.769000,32.85,32.85,32.9,42208566.0
2018-01-31 14:07:24.536000,32.85,32.85,32.9,42208566.0
2018-01-31 14:07:27.459000,32.85,32.85,32.9,42208566.0
2018-01-31 14:07:30.835000,32.85,32.85,32.9,42208566.0
2018-01-31 14:07:33.871000,32.85,32.85,32.9,42208566.0
2018-01-31 14:07:37.014000,32.85,32.8,32.85,42260066.0
2018-01-31 14:07:40.184000,32.85,32.8,32.85,42260066.0
2018-01-31 14:07:43.286000,32.85,32.8,32.85,42260066.0
2018-01-31 14:07:46.332000,32.85,32.8,32.85,42260066.0
2018-01-31 14:07:49.268000,32.85,32.8,32.85,42260066.0
2018-01-31 14:07:52.269000,32.85,32.8,32.85,42260066.0
2018-01-31 14:07:55.282000,32.85,32.8,32.85,42260066.0
2018-01-31 14:07:58.071000,32.85,32.8,32.85,42260066.0
2018-01-31 14:08:00.966000,32.85,32.8,32.85,42260066.0
2018-01-31 14:08:03.917000,32.85,32.8,32.85,42260066.0
2018-01-31 14:08:06.881000,32.85,32.8,32.85,42260066.0
2018-01-31 14:08:09.997000,32.85,32.8,32.85,42260066.0
2018-01-31 14:08:12.823000,32.85,32.8,32.85,42260066.0
2018-01-31 14:08:16.052000,32.85,32.8,32.85,42260066.0
2018-01-31 14:08:18.712000,32.85,32.85,32.9,43348066.0
2018-01-31 14:08:21.551000,32.85,32.85,32.9,43348066.0
2018-01-31 14:08:24.522000,32.85,32.85,32.9,43348066.0
2018-01-31 14:08:27.523000,32.85,32.85,32.9,43348066.0
2018-01-31 14:08:30.526000,32.85,32.85,32.9,43348066.0
2018-01-31 14:08:33.465000,32.85,32.85,32.9,43348066.0
2018-01-31 14:08:36.228000,32.85,32.85,32.9,43348066.0
2018-01-31 14:08:39.414000,32.85,32.85,32.9,43348066.0
2018-01-31 14:08:42.413000,32.85,32.85,32.9,43348066.0
2018-01-31 14:08:45.180000,32.85,32.85,32.9,43348066.0
2018-01-31 14:08:48.144000,32.85,32.85,32.9,43348066.0
2018-01-31 14:08:51.321000,32.85,32.85,32.9,43348066.0
2018-01-31 14:08:54.194000,32.85,32.85,32.9,43348066.0
2018-01-31 14:08:57.069000,32.85,32.85,32.9,43348066.0
2018-01-31 14:09:00.132000,32.85,32.85,32.9,43348066.0
2018-01-31 14:09:03.198000,32.85,32.85,32.9,43348066.0
2018-01-31 14:09:06.236000,32.85,32.85,32.9,43348066.0
2018-01-31 14:09:09.226000,32.85,32.85,32.9,43348066.0
2018-01-31 14:09:12.257000,32.85,32.85,32.9,43348066.0
2018-01-31 14:09:15.161000,32.85,32.85,32.9,43348066.0
2018-01-31 14:09:18.215000,32.85,32.85,32.9,43348066.0
2018-01-31 14:09:21.087000,32.85,32.85,32.9,43348066.0
2018-01-31 14:09:24.142000,32.85,32.85,32.9,43348066.0
2018-01-31 14:09:27.198000,32.85,32.85,32.9,43348066.0
2018-01-31 14:09:30.265000,32.85,32.85,32.9,43348066.0
2018-01-31 14:09:33.171000,32.85,32.85,32.9,43348066.0
2018-01-31 14:09:36.245000,32.85,32.85,32.9,43348066.0
2018-01-31 14:09:39.105000,32.85,32.85,32.9,43348066.0
2018-01-31 14:09:45.935000,32.85,32.85,32.9,43348066.0
2018-01-31 14:09:48.823000,32.85,32.85,32.9,43348066.0
2018-01-31 14:09:51.712000,32.85,32.85,32.9,43348066.0
2018-01-31 14:09:54.560000,32.85,32.85,32.9,43348066.0
2018-01-31 14:09:57.558000,32.85,32.85,32.9,43348066.0
2018-01-31 14:10:00.419000,32.85,32.85,32.9,43348066.0
2018-01-31 14:10:03.259000,32.85,32.85,32.9,43348066.0
2018-01-31 14:10:06.262000,32.85,32.85,32.9,43348066.0
2018-01-31 14:10:09.266000,32.85,32.85,32.9,44215566.0
2018-01-31 14:10:12.190000,32.85,32.85,32.9,44215566.0
2018-01-31 14:10:15.231000,32.85,32.85,32.9,44215566.0
2018-01-31 14:10:18.285000,32.85,32.85,32.9,44215566.0
2018-01-31 14:10:21.316000,32.85,32.85,32.9,44215566.0
2018-01-31 14:10:24.106000,32.85,32.85,32.9,44215566.0
2018-01-31 14:10:27.057000,32.85,32.85,32.9,44215566.0
2018-01-31 14:10:29.922000,32.85,32.85,32.9,44215566.0
2018-01-31 14:10:32.917000,32.85,32.85,32.9,44215566.0
2018-01-31 14:10:35.842000,32.85,32.85,32.9,44215566.0
2018-01-31 14:10:38.839000,32.85,32.85,32.9,44215566.0
2018-01-31 14:10:41.752000,32.85,32.85,32.9,44215566.0
2018-01-31 14:10:44.900000,32.85,32.85,32.9,44215566.0
2018-01-31 14:10:47.726000,32.85,32.85,32.9,44215566.0
2018-01-31 14:10:50.598000,32.85,32.85,32.9,44215566.0
2018-01-31 14:10:53.732000,32.85,32.85,32.9,44215566.0
2018-01-31 14:10:56.869000,32.85,32.85,32.9,44215566.0
2018-01-31 14:11:00.104000,32.85,32.85,32.9,44215566.0
2018-01-31 14:11:03.057000,32.85,32.85,32.9,44215566.0
2018-01-31 14:11:05.978000,32.85,32.85,32.9,44215566.0
2018-01-31 14:11:09.075000,32.85,32.85,32.9,44215566.0
2018-01-31 14:11:12.030000,32.85,32.85,32.9,44215566.0
2018-01-31 14:11:14.997000,32.85,32.85,32.9,44215566.0
2018-01-31 14:11:17.935000,32.85,32.85,32.9,44215566.0
2018-01-31 14:11:20.793000,32.85,32.85,32.9,44215566.0
2018-01-31 14:11:23.607000,32.85,32.85,32.9,44215566.0
2018-01-31 14:11:26.854000,32.85,32.85,32.9,44215566.0
2018-01-31 14:11:29.785000,32.85,32.85,32.9,44215566.0
2018-01-31 14:11:32.669000,32.85,32.85,32.9,44215566.0
2018-01-31 14:11:35.781000,32.85,32.85,32.9,44215566.0
2018-01-31 14:11:39.569000,32.85,32.85,32.9,44215566.0
2018-01-31 14:11:42.855000,32.85,32.8,32.85,44223066.0
2018-01-31 14:11:46.439000,32.85,32.8,32.85,44223066.0
2018-01-31 14:11:49.678000,32.85,32.8,32.85,44223066.0
2018-01-31 14:11:52.796000,32.85,32.8,32.85,44223066.0
2018-01-31 14:11:56.028000,32.85,32.8,32.85,44223066.0
2018-01-31 14:11:59.202000,32.85,32.8,32.85,44223066.0
2018-01-31 14:12:02.385000,32.85,32.8,32.85,44223066.0
2018-01-31 14:12:05.717000,32.85,32.8,32.85,44223066.0
2018-01-31 14:12:09.075000,32.85,32.8,32.85,44223066.0
2018-01-31 14:12:12.436000,32.85,32.8,32.85,44223066.0
2018-01-31 14:12:15.440000,32.85,32.8,32.85,44223066.0
2018-01-31 14:12:18.677000,32.85,32.8,32.85,44223066.0
2018-01-31 14:12:21.806000,32.85,32.8,32.85,44223066.0
2018-01-31 14:12:24.980000,32.85,32.8,32.85,44223066.0
2018-01-31 14:12:28.109000,32.85,32.8,32.85,44223066.0
2018-01-31 14:12:31.375000,32.85,32.8,32.85,44223066.0
2018-01-31 14:12:34.671000,32.85,32.8,32.85,44223066.0
2018-01-31 14:12:37.893000,32.85,32.8,32.85,44223066.0
2018-01-31 14:12:41.040000,32.85,32.8,32.85,44223066.0
2018-01-31 14:12:44.215000,32.85,32.8,32.85,44223066.0
2018-01-31 14:12:47.357000,32.85,32.8,32.85,44223066.0
2018-01-31 14:12:50.425000,32.85,32.8,32.85,44223066.0
2018-01-31 14:12:53.489000,32.85,32.8,32.85,44223066.0
2018-01-31 14:12:56.333000,32.85,32.8,32.85,44223066.0
2018-01-31 14:12:59.594000,32.85,32.8,32.85,44223066.0
2018-01-31 14:13:02.794000,32.85,32.8,32.85,44223066.0
2018-01-31 14:13:05.968000,32.85,32.8,32.85,44223066.0
2018-01-31 14:13:09.360000,32.85,32.8,32.85,44223066.0
2018-01-31 14:13:12.840000,32.85,32.8,32.85,44223066.0
2018-01-31 14:13:16.081000,32.85,32.8,32.85,44223066.0
2018-01-31 14:13:19.466000,32.85,32.8,32.85,44223066.0
2018-01-31 14:13:22.671000,32.85,32.8,32.85,44223066.0
2018-01-31 14:13:25.904000,32.85,32.8,32.85,44223066.0
2018-01-31 14:13:29.125000,32.85,32.8,32.85,44223066.0
2018-01-31 14:13:32.343000,32.85,32.8,32.85,44223066.0
2018-01-31 14:13:35.660000,32.85,32.8,32.85,44223066.0
2018-01-31 14:13:39.056000,32.8,32.8,32.85,45022566.0
2018-01-31 14:13:42.356000,32.8,32.8,32.85,45022566.0
2018-01-31 14:13:46.581000,32.8,32.8,32.85,45022566.0
2018-01-31 14:13:49.873000,32.8,32.8,32.85,45022566.0
2018-01-31 14:13:53.393000,32.8,32.8,32.85,45022566.0
2018-01-31 14:13:56.822000,32.8,32.8,32.85,45022566.0
2018-01-31 14:13:59.939000,32.8,32.8,32.85,45022566.0
2018-01-31 14:14:03.060000,32.8,32.8,32.85,45022566.0
2018-01-31 14:14:06.172000,32.8,32.8,32.85,45022566.0
2018-01-31 14:14:09.592000,32.8,32.8,32.85,45022566.0
2018-01-31 14:14:12.955000,32.8,32.8,32.85,45022566.0
2018-01-31 14:14:16.737000,32.8,32.8,32.85,45022566.0
2018-01-31 14:14:19.929000,32.8,32.8,32.85,45022566.0
2018-01-31 14:14:23.033000,32.8,32.8,32.85,45022566.0
2018-01-31 14:14:26.439000,32.8,32.8,32.85,45022566.0
2018-01-31 14:14:29.655000,32.8,32.8,32.85,45022566.0
2018-01-31 14:14:32.802000,32.8,32.8,32.85,45022566.0
2018-01-31 14:14:35.941000,32.8,32.8,32.85,45022566.0
2018-01-31 14:14:39.223000,32.8,32.8,32.85,45022566.0
2018-01-31 14:14:42.592000,32.8,32.8,32.85,45022566.0
2018-01-31 14:14:46.064000,32.8,32.8,32.85,45719566.0
2018-01-31 14:14:49.356000,32.8,32.8,32.85,45719566.0
2018-01-31 14:14:52.454000,32.8,32.8,32.85,45719566.0
2018-01-31 14:14:55.535000,32.8,32.8,32.85,45719566.0
2018-01-31 14:14:58.690000,32.8,32.8,32.85,45719566.0
2018-01-31 14:15:02.025000,32.8,32.8,32.85,45719566.0
2018-01-31 14:15:05.206000,32.8,32.8,32.85,45719566.0
2018-01-31 14:15:08.327000,32.8,32.8,32.85,45719566.0
2018-01-31 14:15:11.299000,32.8,32.8,32.85,45719566.0
2018-01-31 14:15:14.164000,32.8,32.8,32.85,45719566.0
2018-01-31 14:15:17.329000,32.8,32.8,32.85,45719566.0
2018-01-31 14:15:20.326000,32.8,32.8,32.85,45719566.0
2018-01-31 14:15:23.390000,32.8,32.8,32.85,45719566.0
2018-01-31 14:15:26.300000,32.8,32.8,32.85,45719566.0
2018-01-31 14:15:29.303000,32.8,32.8,32.85,45719566.0
2018-01-31 14:15:32.752000,32.8,32.8,32.85,45719566.0
2018-01-31 14:15:35.868000,32.8,32.8,32.85,45719566.0
2018-01-31 14:15:38.939000,32.8,32.8,32.85,45719566.0
2018-01-31 14:15:42.345000,32.8,32.8,32.85,45719566.0
2018-01-31 14:15:45.615000,32.8,32.8,32.85,45719566.0
2018-01-31 14:15:48.612000,32.8,32.8,32.85,46132566.0
2018-01-31 14:15:51.710000,32.8,32.8,32.85,46132566.0
2018-01-31 14:15:54.763000,32.8,32.8,32.85,46132566.0
2018-01-31 14:15:58.190000,32.8,32.8,32.85,46865066.0
2018-01-31 14:16:01.522000,32.8,32.8,32.85,46865066.0
2018-01-31 14:16:04.614000,32.8,32.8,32.85,46865066.0
2018-01-31 14:16:07.673000,32.8,32.8,32.85,46865066.0
2018-01-31 14:16:10.796000,32.8,32.8,32.85,46865066.0
2018-01-31 14:16:13.923000,32.8,32.8,32.85,46865066.0
2018-01-31 14:16:17.027000,32.8,32.8,32.85,46865066.0
2018-01-31 14:16:20.522000,32.8,32.8,32.85,46865066.0
2018-01-31 14:16:24.097000,32.8,32.8,32.85,46865066.0
2018-01-31 14:16:27.379000,32.8,32.8,32.85,46865066.0
2018-01-31 14:16:30.665000,32.8,32.8,32.85,46865066.0
2018-01-31 14:16:33.792000,32.8,32.8,32.85,46865066.0
2018-01-31 14:16:37.043000,32.8,32.8,32.85,46865066.0
2018-01-31 14:16:40.162000,32.8,32.8,32.85,46865066.0
2018-01-31 14:16:43.661000,32.8,32.8,32.85,46865066.0
2018-01-31 14:16:47.187000,32.8,32.8,32.85,46865066.0
2018-01-31 14:16:50.412000,32.75,32.75,32.8,47419066.0
2018-01-31 14:16:53.632000,32.75,32.75,32.8,47419066.0
2018-01-31 14:16:56.863000,32.75,32.75,32.8,47419066.0
2018-01-31 14:17:00.014000,32.75,32.75,32.8,47419066.0
2018-01-31 14:17:03.925000,32.75,32.75,32.8,47419066.0
2018-01-31 14:17:06.882000,32.75,32.75,32.8,47419066.0
2018-01-31 14:17:10.440000,32.75,32.75,32.8,47419066.0
2018-01-31 14:17:13.573000,32.75,32.75,32.8,47419066.0
2018-01-31 14:17:16.680000,32.75,32.75,32.8,47419066.0
2018-01-31 14:17:19.975000,32.75,32.75,32.8,47419066.0
2018-01-31 14:17:23.117000,32.75,32.75,32.8,47419066.0
2018-01-31 14:17:26.603000,32.75,32.75,32.8,47419066.0
2018-01-31 14:17:29.530000,32.75,32.75,32.8,47419066.0
2018-01-31 14:17:32.926000,32.75,32.75,32.8,47419066.0
2018-01-31 14:17:36.179000,32.75,32.75,32.8,47419066.0
2018-01-31 14:17:39.318000,32.75,32.75,32.8,47419066.0
2018-01-31 14:17:42.405000,32.75,32.75,32.8,47419066.0
2018-01-31 14:17:45.522000,32.75,32.75,32.8,47419066.0
2018-01-31 14:17:48.942000,32.75,32.75,32.8,47419066.0
2018-01-31 14:17:52.247000,32.75,32.75,32.8,47419066.0
2018-01-31 14:17:55.491000,32.75,32.75,32.8,47419066.0
2018-01-31 14:17:58.738000,32.75,32.75,32.8,47419066.0
2018-01-31 14:18:03.318000,32.75,32.75,32.8,47419066.0
2018-01-31 14:18:06.866000,32.75,32.75,32.8,47419066.0
2018-01-31 14:18:10.097000,32.75,32.75,32.8,47419066.0
2018-01-31 14:18:13.946000,32.75,32.75,32.8,47419066.0
2018-01-31 14:18:17.100000,32.75,32.75,32.8,47419066.0
2018-01-31 14:18:20.116000,32.75,32.75,32.8,47419066.0
2018-01-31 14:18:23.325000,32.75,32.75,32.8,47419066.0
2018-01-31 14:18:26.657000,32.75,32.75,32.8,47419066.0
2018-01-31 14:18:29.835000,32.75,32.75,32.8,47419066.0
2018-01-31 14:18:32.863000,32.75,32.75,32.8,47419066.0
2018-01-31 14:18:35.961000,32.75,32.75,32.8,47419066.0
2018-01-31 14:18:39.265000,32.8,32.8,32.85,48248743.0
2018-01-31 14:18:42.614000,32.8,32.8,32.85,48248743.0
2018-01-31 14:18:45.825000,32.8,32.8,32.85,48248743.0
2018-01-31 14:18:48.836000,32.8,32.8,32.85,48248743.0
2018-01-31 14:18:52.152000,32.8,32.8,32.85,48248743.0
2018-01-31 14:18:55.276000,32.8,32.8,32.85,48248743.0
2018-01-31 14:18:58.354000,32.8,32.8,32.85,48248743.0
2018-01-31 14:19:01.530000,32.8,32.8,32.85,48248743.0
2018-01-31 14:19:04.730000,32.8,32.8,32.85,48248743.0
2018-01-31 14:19:07.818000,32.8,32.8,32.85,48248743.0
2018-01-31 14:19:10.927000,32.8,32.8,32.85,48248743.0
2018-01-31 14:19:14.266000,32.8,32.8,32.85,48248743.0
2018-01-31 14:19:17.479000,32.8,32.8,32.85,48248743.0
2018-01-31 14:19:20.682000,32.8,32.8,32.85,48248743.0
2018-01-31 14:19:24.115000,32.8,32.8,32.85,48248743.0
2018-01-31 14:19:27.315000,32.8,32.8,32.85,48248743.0
2018-01-31 14:19:30.297000,32.8,32.8,32.85,48248743.0
2018-01-31 14:19:33.522000,32.8,32.8,32.85,48248743.0
2018-01-31 14:19:36.976000,32.8,32.8,32.85,48248743.0
2018-01-31 14:19:39.974000,32.8,32.8,32.85,48248743.0
2018-01-31 14:19:43.136000,32.8,32.8,32.85,48248743.0
2018-01-31 14:19:46.309000,32.8,32.8,32.85,48248743.0
2018-01-31 14:19:49.464000,32.8,32.8,32.85,48248743.0
2018-01-31 14:19:52.587000,32.8,32.8,32.85,48248743.0
2018-01-31 14:19:55.637000,32.8,32.8,32.85,48248743.0
2018-01-31 14:19:58.868000,32.8,32.8,32.85,48258743.0
2018-01-31 14:20:01.876000,32.8,32.8,32.85,48258743.0
2018-01-31 14:20:04.883000,32.8,32.8,32.85,48258743.0
2018-01-31 14:20:08.022000,32.8,32.8,32.85,48258743.0
2018-01-31 14:20:11.786000,32.8,32.8,32.85,48258743.0
2018-01-31 14:20:16.662000,32.8,32.8,32.85,48258743.0
2018-01-31 14:20:19.658000,32.8,32.8,32.85,48258743.0
2018-01-31 14:20:22.882000,32.8,32.8,32.85,48683743.0
2018-01-31 14:20:26.043000,32.8,32.8,32.85,48683743.0
2018-01-31 14:20:29.060000,32.8,32.8,32.85,48683743.0
2018-01-31 14:20:32.417000,32.8,32.8,32.85,48683743.0
2018-01-31 14:20:35.592000,32.8,32.8,32.85,48683743.0
2018-01-31 14:20:38.759000,32.8,32.8,32.85,48683743.0
2018-01-31 14:20:41.981000,32.8,32.8,32.85,48683743.0
2018-01-31 14:20:45.230000,32.8,32.8,32.85,48683743.0
2018-01-31 14:20:48.431000,32.8,32.75,32.8,49927973.0
2018-01-31 14:20:51.575000,32.8,32.75,32.8,49927973.0
2018-01-31 14:20:54.807000,32.8,32.75,32.8,49927973.0
2018-01-31 14:20:57.948000,32.8,32.75,32.8,49927973.0
2018-01-31 14:21:01.124000,32.8,32.75,32.8,49927973.0
2018-01-31 14:21:04.154000,32.8,32.75,32.8,49927973.0
2018-01-31 14:21:07.477000,32.8,32.75,32.8,49927973.0
2018-01-31 14:21:10.826000,32.8,32.75,32.8,49927973.0
2018-01-31 14:21:13.965000,32.8,32.75,32.8,49927973.0
2018-01-31 14:21:16.983000,32.8,32.75,32.8,49927973.0
2018-01-31 14:21:19.982000,32.8,32.75,32.8,49927973.0
2018-01-31 14:21:23.025000,32.8,32.75,32.8,49927973.0
2018-01-31 14:21:26.081000,32.8,32.75,32.8,49927973.0
2018-01-31 14:21:29.262000,32.8,32.75,32.8,49927973.0
2018-01-31 14:21:32.375000,32.8,32.75,32.8,49927973.0
2018-01-31 14:21:35.342000,32.8,32.75,32.8,49927973.0
2018-01-31 14:21:38.605000,32.8,32.75,32.8,49927973.0
2018-01-31 14:21:41.733000,32.8,32.75,32.8,49927973.0
2018-01-31 14:21:44.826000,32.8,32.75,32.8,49927973.0
2018-01-31 14:21:48.026000,32.8,32.75,32.8,49927973.0
2018-01-31 14:21:51.151000,32.8,32.75,32.8,49927973.0
2018-01-31 14:21:54.373000,32.8,32.75,32.8,49927973.0
2018-01-31 14:21:57.642000,32.8,32.75,32.8,49927973.0
2018-01-31 14:22:00.735000,32.8,32.75,32.8,49927973.0
2018-01-31 14:22:03.885000,32.8,32.75,32.8,49927973.0
2018-01-31 14:22:07.356000,32.8,32.75,32.8,49927973.0
2018-01-31 14:22:10.513000,32.8,32.75,32.8,49927973.0
2018-01-31 14:22:13.886000,32.8,32.75,32.8,49927973.0
2018-01-31 14:22:17.065000,32.8,32.75,32.8,49927973.0
2018-01-31 14:22:20.170000,32.8,32.75,32.8,49927973.0
2018-01-31 14:22:23.432000,32.8,32.75,32.8,49927973.0
2018-01-31 14:22:26.498000,32.8,32.75,32.8,49927973.0
2018-01-31 14:22:29.670000,32.8,32.75,32.8,49927973.0
2018-01-31 14:22:33.011000,32.8,32.75,32.8,49927973.0
2018-01-31 14:22:36.165000,32.8,32.75,32.8,49927973.0
2018-01-31 14:22:39.112000,32.8,32.75,32.8,49927973.0
2018-01-31 14:22:42.124000,32.8,32.75,32.8,49927973.0
2018-01-31 14:22:45.190000,32.8,32.75,32.8,49927973.0
2018-01-31 14:22:48.434000,32.8,32.75,32.8,49927973.0
2018-01-31 14:22:51.436000,32.8,32.75,32.8,49927973.0
2018-01-31 14:22:54.543000,32.8,32.75,32.8,49927973.0
2018-01-31 14:22:57.741000,32.8,32.75,32.8,49927973.0
2018-01-31 14:23:00.842000,32.8,32.75,32.8,49927973.0
2018-01-31 14:23:04.171000,32.8,32.75,32.8,49927973.0
2018-01-31 14:23:07.200000,32.8,32.75,32.8,49927973.0
2018-01-31 14:23:10.528000,32.8,32.75,32.8,49927973.0
2018-01-31 14:23:13.919000,32.8,32.75,32.8,50106973.0
2018-01-31 14:23:19.626000,32.8,32.75,32.8,50106973.0
2018-01-31 14:23:24.016000,32.8,32.75,32.85,51390473.0
2018-01-31 14:23:27.128000,32.8,32.75,32.85,51390473.0
2018-01-31 14:23:30.280000,32.8,32.75,32.85,51390473.0
2018-01-31 14:23:33.514000,32.8,32.75,32.85,51390473.0
2018-01-31 14:23:36.638000,32.8,32.75,32.85,51390473.0
2018-01-31 14:23:39.877000,32.8,32.75,32.85,51390473.0
2018-01-31 14:23:43.060000,32.8,32.75,32.85,51390473.0
2018-01-31 14:23:53.498000,32.8,32.75,32.85,51390473.0
2018-01-31 14:24:03.452000,32.8,32.75,32.85,51390473.0
2018-01-31 14:24:10.079000,32.8,32.75,32.85,51390473.0
2018-01-31 14:24:18.263000,32.8,32.75,32.8,51534973.0
2018-01-31 14:24:25.003000,32.8,32.75,32.8,51534973.0
2018-01-31 14:24:29.474000,32.8,32.8,32.85,51859473.0
2018-01-31 14:24:32.598000,32.8,32.8,32.85,51859473.0
2018-01-31 14:24:35.502000,32.8,32.8,32.85,51859473.0
2018-01-31 14:24:38.813000,32.8,32.8,32.85,51859473.0
2018-01-31 14:24:42.895000,32.8,32.8,32.85,51859473.0
2018-01-31 14:24:46.987000,32.8,32.8,32.85,51859473.0
2018-01-31 14:24:53.452000,32.8,32.8,32.85,51859473.0
2018-01-31 14:24:57.775000,32.8,32.8,32.85,51859473.0
2018-01-31 14:25:00.936000,32.8,32.8,32.85,51859473.0
2018-01-31 14:25:04.156000,32.8,32.8,32.85,51859473.0
2018-01-31 14:25:08.037000,32.8,32.8,32.85,51859473.0
2018-01-31 14:25:11.301000,32.8,32.8,32.85,51859473.0
2018-01-31 14:25:14.404000,32.8,32.8,32.85,51859473.0
2018-01-31 14:25:17.441000,32.8,32.8,32.85,51859473.0
2018-01-31 14:25:21.190000,32.8,32.8,32.85,51859473.0
2018-01-31 14:25:24.536000,32.8,32.8,32.85,51859473.0
2018-01-31 14:25:27.890000,32.8,32.8,32.85,51859473.0
2018-01-31 14:25:31.065000,32.8,32.8,32.85,51859473.0
2018-01-31 14:25:34.376000,32.8,32.8,32.85,51859473.0
2018-01-31 14:25:37.702000,32.8,32.8,32.85,51859473.0
2018-01-31 14:25:40.876000,32.8,32.8,32.85,51859473.0
2018-01-31 14:25:44.293000,32.8,32.8,32.85,51859473.0
2018-01-31 14:25:47.790000,32.8,32.8,32.85,51859473.0
2018-01-31 14:25:50.940000,32.8,32.8,32.85,51859473.0
2018-01-31 14:25:54.047000,32.8,32.8,32.85,51859473.0
2018-01-31 14:25:57.497000,32.8,32.8,32.85,51859473.0
2018-01-31 14:26:01.001000,32.8,32.8,32.85,51859473.0
2018-01-31 14:26:04.065000,32.8,32.8,32.85,51859473.0
2018-01-31 14:26:07.407000,32.8,32.8,32.85,51859473.0
2018-01-31 14:26:10.457000,32.8,32.8,32.85,51859473.0
2018-01-31 14:26:13.612000,32.8,32.8,32.85,51859473.0
2018-01-31 14:26:16.725000,32.8,32.75,32.85,51871973.0
2018-01-31 14:26:19.821000,32.8,32.75,32.85,51871973.0
2018-01-31 14:26:23.193000,32.8,32.8,32.85,52158973.0
2018-01-31 14:26:26.317000,32.8,32.8,32.85,52158973.0
2018-01-31 14:26:29.588000,32.8,32.8,32.85,52158973.0
2018-01-31 14:26:33.002000,32.8,32.8,32.85,52158973.0
2018-01-31 14:26:36.146000,32.8,32.8,32.85,52158973.0
2018-01-31 14:26:39.449000,32.8,32.8,32.85,52158973.0
2018-01-31 14:26:42.697000,32.8,32.8,32.85,52158973.0
2018-01-31 14:26:45.823000,32.8,32.8,32.85,52158973.0
2018-01-31 14:26:48.942000,32.8,32.8,32.85,52158973.0
2018-01-31 14:26:52.144000,32.8,32.8,32.85,52158973.0
2018-01-31 14:26:55.560000,32.8,32.8,32.85,52158973.0
2018-01-31 14:26:58.863000,32.8,32.8,32.85,52158973.0
2018-01-31 14:27:01.894000,32.8,32.8,32.85,52158973.0
2018-01-31 14:27:05.099000,32.8,32.8,32.85,52158973.0
2018-01-31 14:27:08.409000,32.8,32.8,32.85,52158973.0
2018-01-31 14:27:11.881000,32.8,32.8,32.85,52158973.0
2018-01-31 14:27:15.013000,32.8,32.8,32.85,52158973.0
2018-01-31 14:27:17.955000,32.8,32.8,32.85,52158973.0
2018-01-31 14:27:21.162000,32.8,32.8,32.85,53045473.0
2018-01-31 14:27:24.581000,32.8,32.8,32.85,53045473.0
2018-01-31 14:27:27.728000,32.8,32.8,32.85,53045473.0
2018-01-31 14:27:31.146000,32.8,32.8,32.85,53045473.0
2018-01-31 14:27:34.237000,32.8,32.8,32.85,53045473.0
2018-01-31 14:27:37.464000,32.8,32.8,32.85,53045473.0
2018-01-31 14:27:40.771000,32.8,32.8,32.85,53045473.0
2018-01-31 14:27:44.252000,32.8,32.8,32.85,53045473.0
2018-01-31 14:27:47.463000,32.8,32.8,32.85,53045473.0
2018-01-31 14:27:50.677000,32.8,32.8,32.85,53045473.0
2018-01-31 14:27:54.164000,32.8,32.8,32.85,53045473.0
2018-01-31 14:27:57.544000,32.8,32.8,32.85,53045473.0
2018-01-31 14:28:00.634000,32.8,32.8,32.85,53045473.0
2018-01-31 14:28:03.912000,32.8,32.8,32.85,53045473.0
2018-01-31 14:28:06.906000,32.8,32.8,32.85,53045473.0
2018-01-31 14:28:10.025000,32.8,32.8,32.85,53045473.0
2018-01-31 14:28:13.381000,32.8,32.8,32.85,53045473.0
2018-01-31 14:28:16.683000,32.8,32.8,32.85,53045473.0
2018-01-31 14:28:20.036000,32.8,32.8,32.85,53045473.0
2018-01-31 14:28:23.164000,32.8,32.8,32.85,53045473.0
2018-01-31 14:28:26.262000,32.8,32.8,32.85,53045473.0
2018-01-31 14:28:29.256000,32.8,32.8,32.85,53045473.0
2018-01-31 14:28:32.525000,32.8,32.8,32.85,53045473.0
2018-01-31 14:28:35.583000,32.8,32.8,32.85,53045473.0
2018-01-31 14:28:38.583000,32.8,32.8,32.85,53045473.0
2018-01-31 14:28:41.371000,32.8,32.8,32.85,53045473.0
2018-01-31 14:28:44.225000,32.8,32.8,32.85,53045473.0
2018-01-31 14:28:47.307000,32.8,32.8,32.85,53058973.0
2018-01-31 14:28:50.276000,32.8,32.8,32.85,53058973.0
2018-01-31 14:28:53.178000,32.8,32.8,32.85,53058973.0
2018-01-31 14:28:56.080000,32.8,32.8,32.85,53058973.0
2018-01-31 14:28:59.024000,32.8,32.8,32.85,53058973.0
2018-01-31 14:29:01.946000,32.8,32.8,32.85,53058973.0
2018-01-31 14:29:05.103000,32.8,32.8,32.85,53058973.0
2018-01-31 14:29:08.081000,32.8,32.8,32.85,53058973.0
2018-01-31 14:29:11.088000,32.8,32.8,32.85,53058973.0
2018-01-31 14:29:14.165000,32.8,32.8,32.85,53058973.0
2018-01-31 14:29:16.979000,32.8,32.8,32.85,53058973.0
2018-01-31 14:29:20.103000,32.8,32.8,32.85,53058973.0
2018-01-31 14:29:23.076000,32.8,32.8,32.85,53058973.0
2018-01-31 14:29:26.222000,32.8,32.8,32.85,53058973.0
2018-01-31 14:29:29.387000,32.8,32.8,32.85,53058973.0
2018-01-31 14:29:32.651000,32.8,32.8,32.85,53058973.0
2018-01-31 14:29:35.619000,32.8,32.8,32.85,53058973.0
2018-01-31 14:29:38.743000,32.8,32.8,32.85,53058973.0
2018-01-31 14:29:41.537000,32.8,32.8,32.85,53058973.0
2018-01-31 14:29:44.743000,32.8,32.8,32.85,53058973.0
2018-01-31 14:29:47.921000,32.8,32.8,32.85,53058973.0
2018-01-31 14:29:51.041000,32.8,32.8,32.85,53058973.0
2018-01-31 14:29:53.898000,32.8,32.8,32.85,53058973.0
2018-01-31 14:29:57.105000,32.8,32.8,32.85,53058973.0
2018-01-31 14:30:00.213000,32.8,32.8,32.85,53058973.0
2018-01-31 14:30:03.256000,32.8,32.8,32.85,53058973.0
2018-01-31 14:30:06.310000,32.8,32.8,32.85,53058973.0
2018-01-31 14:30:09.308000,32.8,32.8,32.85,53058973.0
2018-01-31 14:30:12.156000,32.8,32.8,32.85,53058973.0
2018-01-31 14:30:15.071000,32.8,32.8,32.85,53058973.0
2018-01-31 14:30:18.250000,32.8,32.8,32.85,53058973.0
2018-01-31 14:30:21.369000,32.8,32.8,32.85,53058973.0
2018-01-31 14:30:24.248000,32.8,32.8,32.85,53058973.0
2018-01-31 14:30:27.721000,32.85,32.8,32.85,56821973.0
2018-01-31 14:30:30.794000,32.85,32.85,32.9,60052473.0
2018-01-31 14:30:34.184000,32.85,32.85,32.9,60619473.0
2018-01-31 14:30:37.416000,32.85,32.85,32.9,60619473.0
2018-01-31 14:30:41.043000,32.85,32.85,32.9,60619473.0
2018-01-31 14:30:44.371000,32.85,32.85,32.9,60619473.0
2018-01-31 14:30:47.619000,32.85,32.85,32.9,60619473.0
2018-01-31 14:30:50.794000,32.85,32.85,32.9,60619473.0
2018-01-31 14:30:53.837000,32.85,32.85,32.9,60619473.0
2018-01-31 14:30:57.034000,32.85,32.85,32.9,60619473.0
2018-01-31 14:31:00.513000,32.85,32.85,32.9,60619473.0
2018-01-31 14:31:03.696000,32.85,32.85,32.9,60619473.0
2018-01-31 14:31:06.949000,32.85,32.85,32.9,60619473.0
2018-01-31 14:31:10.087000,32.85,32.85,32.9,60619473.0
2018-01-31 14:31:13.476000,32.85,32.85,32.9,60619473.0
2018-01-31 14:31:16.813000,32.85,32.85,32.9,60619473.0
2018-01-31 14:31:20.003000,32.85,32.85,32.9,60619473.0
2018-01-31 14:31:23.248000,32.85,32.85,32.9,60619473.0
2018-01-31 14:31:26.408000,32.85,32.85,32.9,60619473.0
2018-01-31 14:31:29.790000,32.85,32.85,32.9,60619473.0
2018-01-31 14:31:33.016000,32.85,32.85,32.9,60619473.0
2018-01-31 14:31:36.126000,32.85,32.85,32.9,60619473.0
2018-01-31 14:31:38.966000,32.85,32.85,32.9,60619473.0
2018-01-31 14:31:42.282000,32.85,32.85,32.9,60619473.0
2018-01-31 14:31:45.401000,32.85,32.85,32.9,60619473.0
2018-01-31 14:31:48.591000,32.85,32.85,32.9,60619473.0
2018-01-31 14:31:51.794000,32.85,32.85,32.9,60619473.0
2018-01-31 14:31:54.997000,32.85,32.85,32.9,60619473.0
2018-01-31 14:31:58.119000,32.85,32.85,32.9,60619473.0
2018-01-31 14:32:01.359000,32.85,32.85,32.9,60619473.0
2018-01-31 14:32:04.479000,32.85,32.85,32.9,60619473.0
2018-01-31 14:32:07.524000,32.85,32.85,32.9,60619473.0
2018-01-31 14:32:10.651000,32.85,32.85,32.9,60619473.0
2018-01-31 14:32:13.658000,32.85,32.85,32.9,60619473.0
2018-01-31 14:32:16.898000,32.85,32.85,32.9,60619473.0
2018-01-31 14:32:20.263000,32.85,32.85,32.9,60619473.0
2018-01-31 14:32:23.379000,32.85,32.85,32.9,61986973.0
2018-01-31 14:32:26.453000,32.85,32.85,32.9,61986973.0
2018-01-31 14:32:29.668000,32.85,32.85,32.9,61986973.0
2018-01-31 14:32:32.776000,32.85,32.85,32.9,61986973.0
2018-01-31 14:32:35.866000,32.85,32.85,32.9,61986973.0
2018-01-31 14:32:39.121000,32.85,32.85,32.9,61986973.0
2018-01-31 14:32:42.139000,32.85,32.85,32.9,61986973.0
2018-01-31 14:32:45.184000,32.85,32.85,32.9,61986973.0
2018-01-31 14:32:48.315000,32.85,32.85,32.9,61986973.0
2018-01-31 14:32:51.594000,32.85,32.85,32.9,61986973.0
2018-01-31 14:32:54.764000,32.85,32.85,32.9,61986973.0
2018-01-31 14:32:57.709000,32.85,32.85,32.9,62159973.0
2018-01-31 14:33:00.943000,32.85,32.85,32.9,62159973.0
2018-01-31 14:33:04.122000,32.85,32.85,32.9,62159973.0
2018-01-31 14:33:07.158000,32.85,32.85,32.9,62159973.0
2018-01-31 14:33:10.420000,32.85,32.85,32.9,62159973.0
2018-01-31 14:33:13.550000,32.85,32.85,32.9,62159973.0
2018-01-31 14:33:16.604000,32.85,32.85,32.9,62159973.0
2018-01-31 14:33:19.684000,32.85,32.85,32.9,62159973.0
2018-01-31 14:33:22.971000,32.85,32.85,32.9,62159973.0
2018-01-31 14:33:26.469000,32.85,32.85,32.9,62159973.0
2018-01-31 14:33:29.593000,32.85,32.85,32.9,62159973.0
2018-01-31 14:33:32.590000,32.85,32.85,32.9,62159973.0
2018-01-31 14:33:35.838000,32.85,32.85,32.9,62159973.0
2018-01-31 14:33:38.936000,32.85,32.85,32.9,62159973.0
2018-01-31 14:33:42.489000,32.85,32.85,32.9,62159973.0
2018-01-31 14:33:46.110000,32.85,32.85,32.9,62159973.0
2018-01-31 14:33:49.086000,32.85,32.85,32.9,62159973.0
2018-01-31 14:33:52.190000,32.85,32.85,32.9,62159973.0
2018-01-31 14:33:55.360000,32.85,32.85,32.9,62159973.0
2018-01-31 14:33:59.517000,32.85,32.85,32.9,62159973.0
2018-01-31 14:34:03.162000,32.85,32.85,32.9,62159973.0
2018-01-31 14:34:06.378000,32.85,32.85,32.9,62159973.0
2018-01-31 14:34:09.514000,32.85,32.85,32.9,62159973.0
2018-01-31 14:34:12.420000,32.85,32.85,32.9,62159973.0
2018-01-31 14:34:15.405000,32.85,32.85,32.9,62159973.0
2018-01-31 14:34:18.622000,32.85,32.85,32.9,62159973.0
2018-01-31 14:34:21.879000,32.85,32.85,32.9,62159973.0
2018-01-31 14:34:25.049000,32.85,32.85,32.9,62159973.0
2018-01-31 14:34:28.132000,32.85,32.85,32.9,62159973.0
2018-01-31 14:34:31.332000,32.85,32.85,32.9,62159973.0
2018-01-31 14:34:34.610000,32.85,32.85,32.9,62159973.0
2018-01-31 14:34:38.072000,32.85,32.85,32.9,62159973.0
2018-01-31 14:34:41.643000,32.85,32.85,32.9,62159973.0
2018-01-31 14:34:44.938000,32.85,32.85,32.9,62159973.0
2018-01-31 14:34:47.961000,32.85,32.85,32.9,62159973.0
2018-01-31 14:34:51.147000,32.85,32.85,32.9,62159973.0
2018-01-31 14:34:54.452000,32.85,32.85,32.9,62159973.0
2018-01-31 14:34:57.487000,32.85,32.85,32.9,62159973.0
2018-01-31 14:35:00.718000,32.85,32.85,32.9,62159973.0
2018-01-31 14:35:03.955000,32.85,32.85,32.9,62159973.0
2018-01-31 14:35:07.575000,32.85,32.85,32.9,62159973.0
2018-01-31 14:35:10.673000,32.85,32.85,32.9,62159973.0
2018-01-31 14:35:13.938000,32.85,32.85,32.9,62159973.0
2018-01-31 14:35:16.905000,32.85,32.85,32.9,62159973.0
2018-01-31 14:35:19.891000,32.85,32.85,32.9,62159973.0
2018-01-31 14:35:23.081000,32.85,32.85,32.9,62159973.0
2018-01-31 14:35:26.253000,32.85,32.85,32.9,62159973.0
2018-01-31 14:35:30.140000,32.85,32.85,32.9,62159973.0
2018-01-31 14:35:33.347000,32.85,32.85,32.9,62159973.0
2018-01-31 14:35:36.410000,32.85,32.85,32.9,62159973.0
2018-01-31 14:35:39.312000,32.85,32.85,32.9,62159973.0
2018-01-31 14:35:42.481000,32.85,32.85,32.9,62159973.0
2018-01-31 14:35:45.441000,32.85,32.85,32.9,62159973.0
2018-01-31 14:35:49.062000,32.85,32.85,32.9,62159973.0
2018-01-31 14:35:52.206000,32.85,32.85,32.9,62159973.0
2018-01-31 14:35:55.211000,32.85,32.85,32.9,62159973.0
2018-01-31 14:35:58.408000,32.85,32.85,32.9,62159973.0
2018-01-31 14:36:01.517000,32.85,32.85,32.9,62159973.0
2018-01-31 14:36:04.499000,32.85,32.85,32.9,62234973.0
2018-01-31 14:36:07.768000,32.9,32.85,32.9,64203973.0
2018-01-31 14:36:10.832000,32.9,32.85,32.9,64203973.0
2018-01-31 14:36:14.070000,32.9,32.85,32.9,64203973.0
2018-01-31 14:36:17.138000,32.9,32.85,32.9,64203973.0
2018-01-31 14:36:20.156000,32.9,32.85,32.9,64203973.0
2018-01-31 14:36:23.359000,32.9,32.85,32.9,64203973.0
2018-01-31 14:36:26.544000,32.9,32.85,32.9,64203973.0
2018-01-31 14:36:29.595000,32.9,32.85,32.9,64203973.0
2018-01-31 14:36:32.540000,32.9,32.85,32.9,64203973.0
2018-01-31 14:36:35.691000,32.9,32.85,32.9,64203973.0
2018-01-31 14:36:38.776000,32.9,32.85,32.9,64203973.0
2018-01-31 14:36:41.895000,32.9,32.85,32.9,64203973.0
2018-01-31 14:36:44.923000,32.9,32.85,32.9,64203973.0
2018-01-31 14:36:47.926000,32.9,32.85,32.9,64203973.0
2018-01-31 14:36:51.004000,32.9,32.85,32.9,64203973.0
2018-01-31 14:36:54.267000,32.9,32.85,32.9,64203973.0
2018-01-31 14:36:57.407000,32.9,32.85,32.9,64203973.0
2018-01-31 14:37:00.439000,32.9,32.85,32.9,64203973.0
2018-01-31 14:37:03.489000,32.9,32.85,32.9,64203973.0
2018-01-31 14:37:06.825000,32.9,32.85,32.9,64203973.0
2018-01-31 14:37:09.845000,32.9,32.85,32.9,64203973.0
2018-01-31 14:37:12.773000,32.9,32.85,32.9,64203973.0
2018-01-31 14:37:15.863000,32.9,32.85,32.9,64203973.0
2018-01-31 14:37:19.068000,32.9,32.85,32.9,64203973.0
2018-01-31 14:37:22.130000,32.9,32.85,32.9,64203973.0
2018-01-31 14:37:25.037000,32.9,32.85,32.9,64203973.0
2018-01-31 14:37:28.213000,32.9,32.85,32.9,64203973.0
2018-01-31 14:37:31.315000,32.9,32.85,32.9,64203973.0
2018-01-31 14:37:34.438000,32.9,32.85,32.9,64203973.0
2018-01-31 14:37:37.500000,32.9,32.85,32.9,64203973.0
2018-01-31 14:37:40.616000,32.9,32.85,32.9,64203973.0
2018-01-31 14:37:43.616000,32.9,32.85,32.9,64203973.0
2018-01-31 14:37:46.895000,32.9,32.85,32.9,64203973.0
2018-01-31 14:37:50.159000,32.9,32.85,32.9,64203973.0
2018-01-31 14:37:53.397000,32.9,32.85,32.9,64760473.0
2018-01-31 14:37:56.660000,32.9,32.85,32.9,64760473.0
2018-01-31 14:37:59.767000,32.9,32.85,32.9,64760473.0
2018-01-31 14:38:03.005000,32.9,32.85,32.9,64760473.0
2018-01-31 14:38:05.928000,32.9,32.85,32.9,64760473.0
2018-01-31 14:38:09.214000,32.9,32.85,32.9,64760473.0
2018-01-31 14:38:12.334000,32.9,32.85,32.9,64760473.0
2018-01-31 14:38:15.193000,32.9,32.85,32.9,64760473.0
2018-01-31 14:38:18.240000,32.9,32.85,32.9,64760473.0
2018-01-31 14:38:21.365000,32.9,32.85,32.9,64760473.0
2018-01-31 14:38:24.564000,32.9,32.85,32.9,64760473.0
2018-01-31 14:38:27.619000,32.9,32.85,32.9,64760473.0
2018-01-31 14:38:30.648000,32.9,32.85,32.9,64760473.0
2018-01-31 14:38:33.812000,32.9,32.85,32.9,64760473.0
2018-01-31 14:38:36.865000,32.9,32.85,32.9,64760473.0
2018-01-31 14:38:40.129000,32.9,32.85,32.9,64760473.0
2018-01-31 14:38:43.252000,32.9,32.85,32.9,64760473.0
2018-01-31 14:38:46.224000,32.9,32.85,32.9,64760473.0
2018-01-31 14:38:49.278000,32.9,32.9,32.95,65146492.0
2018-01-31 14:38:52.468000,32.9,32.9,32.95,65146492.0
2018-01-31 14:38:55.489000,32.9,32.9,32.95,65146492.0
2018-01-31 14:38:58.408000,32.9,32.9,32.95,65146492.0
2018-01-31 14:39:01.616000,32.9,32.9,32.95,65146492.0
2018-01-31 14:39:04.614000,32.9,32.9,32.95,65146492.0
2018-01-31 14:39:07.555000,32.9,32.9,32.95,65146492.0
2018-01-31 14:39:10.539000,32.9,32.9,32.95,65555992.0
2018-01-31 14:39:15.850000,,,,
2018-01-31 14:39:18.956000,32.9,32.9,32.95,67410992.0
2018-01-31 14:39:22.243000,32.9,32.9,32.95,67410992.0
2018-01-31 14:39:25.394000,32.9,32.9,32.95,67410992.0
2018-01-31 14:39:28.381000,32.9,32.9,32.95,67410992.0
2018-01-31 14:39:31.641000,32.9,32.9,32.95,67410992.0
2018-01-31 14:39:34.692000,32.9,32.9,32.95,67410992.0
2018-01-31 14:39:37.769000,32.9,32.9,32.95,67410992.0
