time,price,bid,ask,volume
2018-01-30 10:33:51.838000,4.98,4.97,4.98,1269400.0
2018-01-30 10:33:54.369000,4.98,4.97,4.98,1269400.0
2018-01-30 10:33:56.938000,4.98,4.97,4.98,1269400.0
2018-01-30 10:33:59.473000,4.98,4.97,4.98,1269400.0
2018-01-30 10:34:01.985000,4.98,4.97,4.98,1269400.0
2018-01-30 10:34:04.654000,4.98,4.97,4.98,1269400.0
2018-01-30 10:34:07.144000,4.98,4.97,4.98,1269400.0
2018-01-30 10:34:09.635000,4.98,4.97,4.98,1269400.0
2018-01-30 10:34:12.357000,4.98,4.97,4.98,1269400.0
2018-01-30 10:34:14.881000,4.98,4.97,4.98,1269400.0
2018-01-30 10:34:17.743000,4.98,4.97,4.98,1269400.0
2018-01-30 10:34:20.427000,4.98,4.97,4.98,1269400.0
2018-01-30 10:34:23.203000,4.98,4.97,4.98,1269400.0
2018-01-30 10:34:25.794000,4.98,4.97,4.98,1269400.0
2018-01-30 10:34:28.325000,4.98,4.97,4.98,1269400.0
2018-01-30 10:34:30.932000,4.98,4.97,4.98,1269400.0
2018-01-30 10:34:33.642000,4.98,4.97,4.98,1269400.0
2018-01-30 10:34:36.239000,4.98,4.97,4.98,1269400.0
2018-01-30 10:34:38.947000,4.98,4.97,4.98,1269400.0
2018-01-30 10:34:41.662000,4.98,4.97,4.98,1269400.0
2018-01-30 10:34:44.351000,4.98,4.97,4.98,1269400.0
2018-01-30 10:34:47.085000,4.98,4.97,4.98,1269400.0
2018-01-30 10:34:49.560000,4.98,4.97,4.98,1269400.0
2018-01-30 10:34:52.016000,4.98,4.97,4.98,1269400.0
2018-01-30 10:34:54.727000,4.98,4.97,4.98,1269400.0
2018-01-30 10:34:57.429000,4.98,4.97,4.98,1269400.0
2018-01-30 10:34:59.868000,4.98,4.97,4.98,1269400.0
2018-01-30 10:35:02.397000,4.98,4.97,4.98,1269400.0
2018-01-30 10:35:05.180000,4.98,4.97,4.98,1269400.0
2018-01-30 10:35:08.497000,4.98,4.97,4.98,1269400.0
2018-01-30 10:35:11.013000,4.98,4.97,4.98,1269400.0
2018-01-30 10:35:13.650000,4.98,4.97,4.98,1269400.0
2018-01-30 10:35:16.135000,4.98,4.97,4.98,1269400.0
2018-01-30 10:35:18.828000,4.98,4.97,4.98,1269400.0
2018-01-30 10:35:21.633000,4.98,4.97,4.98,1269400.0
2018-01-30 10:35:24.713000,4.98,4.97,4.98,1269400.0
2018-01-30 10:35:27.544000,4.98,4.97,4.98,1269400.0
2018-01-30 10:35:30.038000,4.98,4.97,4.98,1269400.0
2018-01-30 10:35:32.909000,4.98,4.97,4.98,1269400.0
2018-01-30 10:35:35.515000,4.98,4.97,4.98,1269400.0
2018-01-30 10:35:38.786000,4.98,4.97,4.98,1269400.0
2018-01-30 10:35:41.618000,4.98,4.97,4.98,1269400.0
2018-01-30 10:35:45.946000,4.98,4.97,4.98,1269400.0
2018-01-30 10:35:49.337000,4.98,4.97,4.98,1269400.0
2018-01-30 10:35:52.793000,4.98,4.97,4.98,1269400.0
2018-01-30 10:35:56.011000,4.98,4.97,4.98,1269400.0
2018-01-30 10:35:59.356000,4.98,4.97,4.98,1269400.0
2018-01-30 10:36:02.630000,4.98,4.97,4.98,1269400.0
2018-01-30 10:36:06.023000,4.98,4.97,4.98,1269400.0
2018-01-30 10:36:09.648000,4.98,4.97,4.98,1269400.0
2018-01-30 10:36:13.009000,4.98,4.97,4.98,1269400.0
2018-01-30 10:36:16.433000,4.98,4.97,4.98,1269400.0
2018-01-30 10:36:19.695000,4.98,4.97,4.98,1269400.0
2018-01-30 10:36:22.945000,4.98,4.97,4.98,1281400.0
2018-01-30 10:36:26.266000,4.98,4.97,4.98,1281400.0
2018-01-30 10:36:29.400000,4.98,4.97,4.98,1281400.0
2018-01-30 10:36:32.657000,4.98,4.97,4.98,1281400.0
2018-01-30 10:36:35.899000,4.98,4.97,4.98,1281400.0
2018-01-30 10:36:39.195000,4.98,4.97,4.98,1281400.0
2018-01-30 10:36:42.463000,4.98,4.97,4.98,1281400.0
2018-01-30 10:36:45.758000,4.98,4.97,4.98,1281400.0
2018-01-30 10:36:48.854000,4.98,4.97,4.98,1281400.0
2018-01-30 10:36:52.040000,4.98,4.97,4.98,1281400.0
2018-01-30 10:36:55.343000,4.98,4.97,4.98,1281400.0
2018-01-30 10:36:58.616000,4.98,4.97,4.98,1281400.0
2018-01-30 10:37:01.948000,4.98,4.97,4.98,1281400.0
2018-01-30 10:37:05.258000,4.98,4.97,4.98,1281400.0
2018-01-30 10:37:08.279000,4.98,4.97,4.98,1281400.0
2018-01-30 10:37:11.566000,4.98,4.97,4.98,1281400.0
2018-01-30 10:37:14.775000,4.98,4.97,4.98,1281400.0
2018-01-30 10:37:18.168000,4.98,4.97,4.98,1281400.0
2018-01-30 10:37:21.777000,4.98,4.97,4.98,1281400.0
2018-01-30 10:37:24.947000,4.98,4.97,4.98,1281400.0
2018-01-30 10:37:28.482000,4.98,4.97,4.98,1281400.0
2018-01-30 10:37:31.608000,4.98,4.97,4.98,1281400.0
2018-01-30 10:37:34.836000,4.98,4.97,4.98,1281400.0
2018-01-30 10:37:38.273000,4.98,4.97,4.98,1281400.0
2018-01-30 10:37:41.301000,4.98,4.97,4.98,1281400.0
2018-01-30 10:37:44.613000,4.98,4.97,4.98,1281400.0
2018-01-30 10:37:47.982000,4.98,4.97,4.98,1281400.0
2018-01-30 10:37:51.056000,4.98,4.97,4.98,1281400.0
2018-01-30 10:37:54.705000,4.98,4.97,4.98,1281400.0
2018-01-30 10:37:57.907000,4.98,4.97,4.98,1281400.0
2018-01-30 10:38:00.673000,4.98,4.97,4.98,1281400.0
2018-01-30 10:38:03.903000,4.98,4.97,4.98,1281400.0
2018-01-30 10:38:06.593000,4.98,4.97,4.98,1281400.0
2018-01-30 10:38:09.289000,4.98,4.97,4.98,1281400.0
2018-01-30 10:38:11.939000,4.98,4.97,4.98,1281400.0
2018-01-30 10:38:14.822000,4.98,4.97,4.98,1331400.0
2018-01-30 10:38:18.209000,4.98,4.97,4.98,1331400.0
2018-01-30 10:38:21.271000,4.98,4.97,4.98,1331400.0
2018-01-30 10:38:24.389000,4.98,4.97,4.98,1331400.0
2018-01-30 10:38:28.780000,4.98,4.97,4.98,1331400.0
2018-01-30 10:38:31.558000,4.98,4.97,4.98,1331400.0
2018-01-30 10:38:34.208000,4.98,4.97,4.98,1331400.0
2018-01-30 10:38:37.075000,4.98,4.97,4.98,1331400.0
2018-01-30 10:38:39.825000,4.98,4.97,4.98,1331400.0
2018-01-30 10:38:42.495000,4.98,4.97,4.98,1331400.0
2018-01-30 10:38:45.342000,4.98,4.97,4.98,1331400.0
2018-01-30 10:38:48.090000,4.98,4.97,4.98,1331400.0
2018-01-30 10:38:50.757000,4.98,4.97,4.98,1331400.0
2018-01-30 10:38:53.543000,4.98,4.97,4.98,1331400.0
2018-01-30 10:38:56.473000,4.98,4.97,4.98,1331400.0
2018-01-30 10:38:59.124000,4.98,4.97,4.98,1331400.0
2018-01-30 10:39:02.324000,4.98,4.97,4.98,1331400.0
2018-01-30 10:39:06.427000,4.98,4.97,4.98,1331400.0
2018-01-30 10:39:09.524000,4.98,4.97,4.98,1331400.0
2018-01-30 10:39:12.153000,4.98,4.97,4.98,1331400.0
2018-01-30 10:39:16.619000,4.98,4.97,4.98,1331400.0
2018-01-30 10:39:19.934000,4.98,4.97,4.98,1331400.0
2018-01-30 10:39:22.938000,4.98,4.97,4.98,1331400.0
2018-01-30 10:39:25.785000,4.98,4.97,4.98,1331400.0
2018-01-30 10:39:28.722000,4.98,4.97,4.98,1331400.0
2018-01-30 10:39:31.441000,4.98,4.97,4.98,1331400.0
2018-01-30 10:39:34.200000,4.98,4.97,4.98,1331400.0
2018-01-30 10:39:37.074000,4.98,4.97,4.98,1331400.0
2018-01-30 10:39:39.980000,4.98,4.97,4.98,1331400.0
2018-01-30 10:39:42.722000,4.98,4.97,4.98,1331400.0
2018-01-30 10:39:45.428000,4.98,4.97,4.98,1331400.0
2018-01-30 10:39:48.168000,4.98,4.97,4.98,1331400.0
2018-01-30 10:39:51.113000,4.98,4.97,4.98,1331400.0
2018-01-30 10:39:53.893000,4.98,4.97,4.98,1331400.0
2018-01-30 10:39:56.675000,4.98,4.97,4.98,1331400.0
2018-01-30 10:39:59.583000,4.98,4.97,4.98,1331400.0
2018-01-30 10:40:02.311000,4.98,4.97,4.98,1331400.0
2018-01-30 10:40:05.184000,4.98,4.97,4.98,1331400.0
2018-01-30 10:40:08.175000,4.98,4.97,4.98,1331400.0
2018-01-30 10:40:11.022000,4.98,4.97,4.98,1331400.0
2018-01-30 10:40:14.039000,4.98,4.97,4.98,1331400.0
2018-01-30 10:40:16.945000,4.98,4.97,4.98,1331400.0
2018-01-30 10:40:20.419000,4.98,4.97,4.98,1331400.0
2018-01-30 10:40:23.439000,4.98,4.97,4.98,1331400.0
2018-01-30 10:40:26.475000,4.98,4.97,4.98,1331400.0
2018-01-30 10:40:29.506000,4.98,4.97,4.98,1331400.0
2018-01-30 10:40:32.563000,4.98,4.97,4.98,1331400.0
2018-01-30 10:40:35.646000,4.98,4.97,4.98,1331400.0
2018-01-30 10:40:38.659000,4.98,4.97,4.98,1331400.0
2018-01-30 10:40:41.883000,4.98,4.97,4.98,1331400.0
2018-01-30 10:40:45.093000,4.98,4.97,4.98,1331400.0
2018-01-30 10:40:48.063000,4.98,4.97,4.98,1331400.0
2018-01-30 10:40:51.008000,4.98,4.97,4.98,1331400.0
2018-01-30 10:40:53.948000,4.98,4.97,4.98,1331400.0
2018-01-30 10:40:56.948000,4.98,4.97,4.98,1331400.0
2018-01-30 10:41:00.077000,4.98,4.97,4.98,1331400.0
2018-01-30 10:41:03.026000,4.98,4.97,4.98,1331400.0
2018-01-30 10:41:05.957000,4.98,4.97,4.98,1331400.0
2018-01-30 10:41:09.035000,4.98,4.97,4.98,1331400.0
2018-01-30 10:41:11.933000,4.98,4.97,4.98,1331400.0
2018-01-30 10:41:14.905000,4.98,4.97,4.98,1331400.0
2018-01-30 10:41:17.955000,4.98,4.97,4.98,1331400.0
2018-01-30 10:41:21.226000,4.98,4.97,4.98,1331400.0
2018-01-30 10:41:24.213000,4.98,4.97,4.98,1331400.0
2018-01-30 10:41:27.199000,4.98,4.97,4.98,1331400.0
2018-01-30 10:41:29.907000,4.98,4.97,4.98,1331400.0
2018-01-30 10:41:33.035000,4.98,4.97,4.98,1331400.0
2018-01-30 10:41:36.023000,4.98,4.97,4.98,1331400.0
2018-01-30 10:41:38.991000,4.98,4.97,4.98,1331400.0
2018-01-30 10:41:41.921000,4.98,4.97,4.98,1331400.0
2018-01-30 10:41:45.124000,4.97,4.97,4.98,1405600.0
2018-01-30 10:41:48.344000,4.97,4.97,4.98,1405600.0
2018-01-30 10:41:51.247000,4.97,4.97,4.98,1405600.0
2018-01-30 10:41:54.176000,4.97,4.96,4.98,1931400.0
2018-01-30 10:41:57.049000,4.97,4.96,4.98,1931400.0
2018-01-30 10:42:00.031000,4.97,4.96,4.98,1931400.0
2018-01-30 10:42:03.017000,4.97,4.96,4.98,1931400.0
2018-01-30 10:42:05.955000,4.97,4.96,4.98,1931400.0
2018-01-30 10:42:08.999000,4.97,4.96,4.98,1931400.0
2018-01-30 10:42:12.244000,4.97,4.96,4.97,1931400.0
2018-01-30 10:42:15.253000,4.97,4.96,4.97,1931400.0
2018-01-30 10:42:18.537000,4.97,4.96,4.97,1931400.0
2018-01-30 10:42:21.807000,4.97,4.96,4.97,1931400.0
2018-01-30 10:42:24.876000,4.97,4.96,4.97,1931400.0
2018-01-30 10:42:27.683000,4.97,4.96,4.97,1931400.0
2018-01-30 10:42:30.739000,4.97,4.96,4.97,1931400.0
2018-01-30 10:42:33.955000,4.97,4.96,4.97,1931400.0
2018-01-30 10:42:36.956000,4.97,4.96,4.97,1931400.0
2018-01-30 10:42:39.824000,4.97,4.96,4.97,1931400.0
2018-01-30 10:42:43.021000,4.97,4.96,4.97,1931400.0
2018-01-30 10:42:46.065000,4.97,4.96,4.97,1931400.0
2018-01-30 10:42:49.022000,4.97,4.96,4.97,1931400.0
2018-01-30 10:42:52.080000,4.97,4.96,4.97,1931400.0
2018-01-30 10:42:55.282000,4.97,4.96,4.97,1931400.0
2018-01-30 10:42:58.307000,4.97,4.96,4.97,1931400.0
2018-01-30 10:43:01.523000,4.97,4.96,4.97,1931400.0
2018-01-30 10:43:04.550000,4.97,4.96,4.97,1931400.0
2018-01-30 10:43:07.505000,4.97,4.96,4.97,1931400.0
2018-01-30 10:43:10.765000,4.97,4.96,4.97,1931400.0
2018-01-30 10:43:13.912000,4.97,4.96,4.97,1931400.0
2018-01-30 10:43:16.873000,4.97,4.96,4.97,1931400.0
2018-01-30 10:43:19.856000,4.97,4.96,4.98,1932400.0
2018-01-30 10:43:22.837000,4.97,4.96,4.98,1932400.0
2018-01-30 10:43:26.309000,4.97,4.96,4.98,1932400.0
2018-01-30 10:43:29.413000,4.97,4.96,4.98,1932400.0
2018-01-30 10:43:32.480000,4.97,4.96,4.98,1932400.0
2018-01-30 10:43:35.441000,4.97,4.96,4.98,1932400.0
2018-01-30 10:43:38.413000,4.97,4.96,4.98,1932400.0
2018-01-30 10:43:41.387000,4.97,4.96,4.98,1932400.0
2018-01-30 10:43:44.803000,4.97,4.96,4.98,1932400.0
2018-01-30 10:43:47.659000,4.97,4.96,4.98,1932400.0
2018-01-30 10:43:50.473000,4.97,4.96,4.98,1932400.0
2018-01-30 10:43:53.315000,4.97,4.96,4.98,1932400.0
2018-01-30 10:43:56.356000,4.97,4.96,4.98,1932400.0
2018-01-30 10:43:59.475000,4.97,4.96,4.98,1932400.0
2018-01-30 10:44:02.418000,4.97,4.96,4.98,1932400.0
2018-01-30 10:44:05.565000,4.97,4.96,4.98,1932400.0
2018-01-30 10:44:08.629000,4.97,4.96,4.98,1932400.0
2018-01-30 10:44:11.577000,4.97,4.96,4.98,1932400.0
2018-01-30 10:44:14.496000,4.97,4.96,4.98,1932400.0
2018-01-30 10:44:17.562000,4.97,4.96,4.98,1932400.0
2018-01-30 10:44:20.460000,4.97,4.96,4.98,1932400.0
2018-01-30 10:44:23.374000,4.97,4.96,4.98,1932400.0
2018-01-30 10:44:26.461000,4.97,4.96,4.98,1932400.0
2018-01-30 10:44:29.451000,4.97,4.96,4.98,1932400.0
2018-01-30 10:44:32.352000,4.97,4.96,4.98,1932400.0
2018-01-30 10:44:35.300000,4.97,4.96,4.98,1932400.0
2018-01-30 10:44:38.336000,4.97,4.96,4.98,1932400.0
2018-01-30 10:44:41.147000,4.97,4.96,4.98,1932400.0
2018-01-30 10:44:44.113000,4.97,4.96,4.98,1932400.0
2018-01-30 10:44:47.067000,4.97,4.96,4.98,1932400.0
2018-01-30 10:44:49.856000,4.98,4.96,4.98,1952400.0
2018-01-30 10:44:52.714000,4.98,4.96,4.98,1952400.0
2018-01-30 10:44:55.539000,4.98,4.96,4.98,1952400.0
2018-01-30 10:44:58.578000,4.98,4.96,4.98,1952400.0
2018-01-30 10:45:01.558000,4.98,4.96,4.98,1952400.0
2018-01-30 10:45:04.839000,4.97,4.96,4.97,1952400.0
2018-01-30 10:45:07.804000,4.97,4.96,4.97,1952400.0
2018-01-30 10:45:10.805000,4.97,4.96,4.97,1952400.0
2018-01-30 10:45:13.722000,4.97,4.96,4.97,1952400.0
2018-01-30 10:45:16.714000,4.97,4.96,4.97,1952400.0
2018-01-30 10:45:19.659000,4.97,4.96,4.98,1953400.0
2018-01-30 10:45:22.546000,4.97,4.96,4.98,1953400.0
2018-01-30 10:45:25.560000,4.97,4.96,4.98,1953400.0
2018-01-30 10:45:28.790000,4.97,4.96,4.98,1953400.0
2018-01-30 10:45:31.812000,4.97,4.96,4.98,1953400.0
2018-01-30 10:45:35.107000,4.97,4.96,4.98,1953400.0
2018-01-30 10:45:38.268000,4.97,4.96,4.98,1953400.0
2018-01-30 10:45:41.073000,4.97,4.96,4.98,1953400.0
2018-01-30 10:45:43.960000,4.97,4.96,4.98,1953400.0
2018-01-30 10:45:46.946000,4.97,4.96,4.97,1953400.0
2018-01-30 10:45:49.764000,4.97,4.96,4.97,1953400.0
2018-01-30 10:45:52.613000,4.97,4.96,4.97,1953400.0
2018-01-30 10:45:55.395000,4.97,4.96,4.97,1953400.0
2018-01-30 10:45:58.378000,4.97,4.96,4.97,1953400.0
2018-01-30 10:46:01.508000,4.97,4.96,4.97,1953400.0
2018-01-30 10:46:04.534000,4.97,4.96,4.97,1953400.0
2018-01-30 10:46:07.526000,4.97,4.96,4.97,1953400.0
2018-01-30 10:46:10.530000,4.97,4.96,4.97,1953400.0
2018-01-30 10:46:13.767000,4.97,4.96,4.97,1953400.0
2018-01-30 10:46:16.677000,4.97,4.96,4.98,1953400.0
2018-01-30 10:46:19.729000,4.97,4.96,4.98,1953400.0
2018-01-30 10:46:22.627000,4.97,4.96,4.98,1953400.0
2018-01-30 10:46:25.532000,4.97,4.96,4.98,1953400.0
2018-01-30 10:46:28.558000,4.97,4.96,4.98,1953400.0
2018-01-30 10:46:31.589000,4.97,4.96,4.98,1953400.0
2018-01-30 10:46:34.921000,4.97,4.96,4.98,1953400.0
2018-01-30 10:46:38.090000,4.97,4.96,4.98,1953400.0
2018-01-30 10:46:41.073000,4.97,4.96,4.98,1953400.0
2018-01-30 10:46:44.214000,4.97,4.96,4.98,1953400.0
2018-01-30 10:46:46.838000,4.97,4.96,4.98,1953400.0
2018-01-30 10:46:49.844000,4.97,4.96,4.97,2203400.0
2018-01-30 10:46:52.761000,4.97,4.96,4.97,2203400.0
2018-01-30 10:46:55.777000,4.97,4.96,4.97,2203400.0
2018-01-30 10:46:58.873000,4.97,4.96,4.97,2203400.0
2018-01-30 10:47:01.911000,4.97,4.96,4.97,2203400.0
2018-01-30 10:47:04.760000,4.97,4.96,4.97,2203400.0
2018-01-30 10:47:07.873000,4.97,4.96,4.97,2203400.0
2018-01-30 10:47:10.899000,4.97,4.96,4.97,2203400.0
2018-01-30 10:47:14.037000,4.97,4.96,4.97,2203400.0
2018-01-30 10:47:17.050000,4.97,4.96,4.97,2203400.0
2018-01-30 10:47:20.093000,4.97,4.96,4.97,2203400.0
2018-01-30 10:47:23.067000,4.97,4.96,4.97,2203400.0
2018-01-30 10:47:26.064000,4.97,4.96,4.97,2203400.0
2018-01-30 10:47:28.809000,4.97,4.96,4.97,2203400.0
2018-01-30 10:47:31.830000,4.97,4.96,4.97,2203400.0
2018-01-30 10:47:34.778000,4.97,4.96,4.97,2203400.0
2018-01-30 10:47:37.805000,4.97,4.96,4.98,2203400.0
2018-01-30 10:47:41.082000,4.97,4.96,4.98,2203400.0
2018-01-30 10:47:44.156000,4.97,4.96,4.98,2203400.0
2018-01-30 10:47:47.287000,4.97,4.96,4.98,2203400.0
2018-01-30 10:47:50.406000,4.97,4.96,4.98,2203400.0
2018-01-30 10:47:53.802000,4.97,4.96,4.98,2203400.0
2018-01-30 10:47:56.677000,4.97,4.96,4.98,2203400.0
2018-01-30 10:47:59.729000,4.97,4.96,4.98,2203400.0
2018-01-30 10:48:02.747000,4.97,4.96,4.98,2203400.0
2018-01-30 10:48:05.839000,4.97,4.96,4.98,2203400.0
2018-01-30 10:48:08.699000,4.97,4.96,4.98,2203400.0
2018-01-30 10:48:11.633000,4.97,4.96,4.98,2203400.0
2018-01-30 10:48:14.485000,4.97,4.96,4.98,2203400.0
2018-01-30 10:48:17.387000,4.97,4.96,4.98,2203400.0
2018-01-30 10:48:20.213000,4.97,4.96,4.98,2203400.0
2018-01-30 10:48:22.988000,4.97,4.96,4.98,2203400.0
2018-01-30 10:48:25.608000,4.97,4.96,4.98,2203400.0
2018-01-30 10:48:28.298000,4.97,4.96,4.98,2203400.0
2018-01-30 10:48:30.971000,4.97,4.96,4.98,2203400.0
2018-01-30 10:48:33.864000,4.97,4.96,4.98,2203400.0
2018-01-30 10:48:36.533000,4.97,4.96,4.98,2203400.0
2018-01-30 10:48:39.325000,4.97,4.96,4.98,2203400.0
2018-01-30 10:48:41.987000,4.97,4.96,4.98,2203400.0
2018-01-30 10:48:44.888000,4.97,4.96,4.98,2203400.0
2018-01-30 10:48:47.541000,4.97,4.96,4.98,2203400.0
2018-01-30 10:48:50.195000,4.97,4.96,4.98,2203400.0
2018-01-30 10:48:53.032000,4.97,4.96,4.98,2203400.0
2018-01-30 10:48:55.568000,4.97,4.96,4.98,2203400.0
2018-01-30 10:48:58.258000,4.97,4.96,4.98,2203400.0
2018-01-30 10:49:01.098000,4.97,4.96,4.98,2203400.0
2018-01-30 10:49:03.727000,4.97,4.96,4.98,2203400.0
2018-01-30 10:49:06.620000,4.97,4.96,4.98,2203400.0
2018-01-30 10:49:09.242000,4.97,4.97,4.98,2503400.0
2018-01-30 10:49:11.949000,4.97,4.97,4.98,2503400.0
2018-01-30 10:49:14.760000,4.97,4.97,4.98,2503400.0
2018-01-30 10:49:17.577000,4.97,4.97,4.98,2503400.0
2018-01-30 10:49:20.243000,4.97,4.97,4.98,2503400.0
2018-01-30 10:49:23.033000,4.97,4.97,4.98,2503400.0
2018-01-30 10:49:25.603000,4.97,4.97,4.98,2503400.0
2018-01-30 10:49:28.257000,4.97,4.97,4.98,2503400.0
2018-01-30 10:49:30.879000,4.97,4.97,4.98,2503400.0
2018-01-30 10:49:33.676000,4.97,4.97,4.98,2503400.0
2018-01-30 10:49:36.339000,4.97,4.97,4.98,2503400.0
2018-01-30 10:49:39.008000,4.97,4.97,4.98,2503400.0
2018-01-30 10:49:41.819000,4.97,4.97,4.98,2503400.0
2018-01-30 10:49:44.784000,4.97,4.97,4.98,2503400.0
2018-01-30 10:49:47.797000,4.97,4.97,4.98,2503400.0
2018-01-30 10:49:50.826000,4.97,4.97,4.98,2503400.0
2018-01-30 10:49:53.770000,4.97,4.97,4.98,2503400.0
2018-01-30 10:49:56.743000,4.97,4.97,4.98,2503400.0
2018-01-30 10:49:59.779000,4.97,4.97,4.98,2503400.0
2018-01-30 10:50:02.800000,4.97,4.97,4.98,2503400.0
2018-01-30 10:50:05.692000,4.97,4.97,4.98,2503400.0
2018-01-30 10:50:08.891000,4.97,4.97,4.98,2503400.0
2018-01-30 10:50:11.945000,4.97,4.97,4.98,2503400.0
2018-01-30 10:50:14.846000,4.97,4.97,4.98,2503400.0
2018-01-30 10:50:17.975000,4.97,4.97,4.98,2503400.0
2018-01-30 10:50:20.889000,4.97,4.97,4.98,2503400.0
2018-01-30 10:50:23.706000,4.97,4.97,4.98,2503400.0
2018-01-30 10:50:26.561000,4.97,4.97,4.98,2503400.0
2018-01-30 10:50:29.670000,4.97,4.97,4.98,2503400.0
2018-01-30 10:50:32.532000,4.97,4.97,4.98,2503400.0
2018-01-30 10:50:35.887000,4.97,4.97,4.98,2503400.0
2018-01-30 10:50:38.928000,4.97,4.97,4.98,2503400.0
2018-01-30 10:50:41.774000,4.97,4.97,4.98,2503400.0
2018-01-30 10:50:44.699000,4.97,4.97,4.98,2503400.0
2018-01-30 10:50:47.505000,4.97,4.97,4.98,2503400.0
2018-01-30 10:50:50.417000,4.97,4.97,4.98,2503400.0
2018-01-30 10:50:53.243000,4.97,4.97,4.98,2503400.0
2018-01-30 10:50:56.155000,4.97,4.97,4.98,2503400.0
2018-01-30 10:51:00.364000,4.97,4.97,4.98,2503400.0
2018-01-30 10:51:03.444000,4.97,4.97,4.98,2503400.0
2018-01-30 10:51:06.376000,4.97,4.97,4.98,2503400.0
2018-01-30 10:51:09.358000,4.97,4.97,4.98,2503400.0
2018-01-30 10:51:12.279000,4.97,4.97,4.98,2503400.0
2018-01-30 10:51:15.135000,4.97,4.97,4.98,2503400.0
2018-01-30 10:51:18.025000,4.97,4.97,4.98,2503400.0
2018-01-30 10:51:21.061000,4.97,4.97,4.98,2503400.0
2018-01-30 10:51:23.972000,4.97,4.97,4.98,2503400.0
2018-01-30 10:51:26.764000,4.97,4.97,4.98,2503400.0
2018-01-30 10:51:29.749000,4.97,4.97,4.98,2503400.0
2018-01-30 10:51:32.650000,4.97,4.97,4.98,2503400.0
2018-01-30 10:51:35.744000,4.97,4.97,4.98,2503400.0
2018-01-30 10:51:38.434000,4.97,4.97,4.98,2503400.0
2018-01-30 10:51:41.252000,4.97,4.97,4.98,2503400.0
2018-01-30 10:51:44.273000,4.97,4.97,4.98,2503400.0
2018-01-30 10:51:47.410000,4.97,4.97,4.98,2503400.0
2018-01-30 10:51:50.369000,4.97,4.97,4.98,2503400.0
2018-01-30 10:51:53.191000,4.97,4.97,4.98,2503400.0
2018-01-30 10:51:56.032000,4.97,4.97,4.98,2503400.0
2018-01-30 10:51:59.071000,4.97,4.97,4.98,2503400.0
2018-01-30 10:52:01.884000,4.97,4.97,4.98,2503400.0
2018-01-30 10:52:04.800000,4.97,4.97,4.98,2503400.0
2018-01-30 10:52:07.468000,4.97,4.97,4.98,2503400.0
2018-01-30 10:52:10.284000,4.97,4.97,4.98,2503400.0
2018-01-30 10:52:13.120000,4.97,4.97,4.98,2503400.0
2018-01-30 10:52:15.814000,4.97,4.97,4.98,2503400.0
2018-01-30 10:52:18.750000,4.97,4.97,4.98,2503400.0
2018-01-30 10:52:21.563000,4.97,4.97,4.98,2503400.0
2018-01-30 10:52:24.426000,4.97,4.97,4.98,2503400.0
2018-01-30 10:52:27.173000,4.97,4.97,4.98,2503400.0
2018-01-30 10:52:30.054000,4.97,4.97,4.98,2503400.0
2018-01-30 10:52:33.035000,4.97,4.97,4.98,2503400.0
2018-01-30 10:52:35.940000,4.97,4.97,4.98,2503400.0
2018-01-30 10:52:38.875000,4.97,4.97,4.98,2503400.0
2018-01-30 10:52:42.026000,4.97,4.97,4.98,2503400.0
2018-01-30 10:52:45.940000,4.97,4.97,4.98,2503400.0
2018-01-30 10:52:49.066000,4.97,4.97,4.98,2503400.0
2018-01-30 10:52:51.898000,4.97,4.97,4.98,2503400.0
2018-01-30 10:52:54.699000,4.97,4.97,4.98,2503400.0
2018-01-30 10:52:57.591000,4.97,4.97,4.98,2503400.0
2018-01-30 10:53:00.565000,4.97,4.97,4.98,2503400.0
2018-01-30 10:53:03.549000,4.97,4.97,4.98,2503400.0
2018-01-30 10:53:06.441000,4.97,4.97,4.98,2503400.0
2018-01-30 10:53:09.178000,4.97,4.97,4.98,2503400.0
2018-01-30 10:53:12.122000,4.97,4.97,4.98,2503400.0
2018-01-30 10:53:15.252000,4.97,4.97,4.98,2503400.0
2018-01-30 10:53:18.457000,4.97,4.97,4.98,2503400.0
2018-01-30 10:53:21.423000,4.97,4.97,4.98,2503400.0
2018-01-30 10:53:24.459000,4.97,4.97,4.98,2503400.0
2018-01-30 10:53:27.489000,4.97,4.97,4.98,2503400.0
2018-01-30 10:53:30.240000,4.97,4.97,4.98,2503400.0
2018-01-30 10:53:33.102000,4.97,4.97,4.98,2503400.0
2018-01-30 10:53:36.095000,4.97,4.97,4.98,2503400.0
2018-01-30 10:53:38.917000,4.97,4.97,4.98,2503400.0
2018-01-30 10:53:43.864000,4.97,4.97,4.98,2503400.0
2018-01-30 10:53:46.520000,4.97,4.97,4.98,2503400.0
2018-01-30 10:53:49.101000,4.97,4.97,4.98,2503400.0
2018-01-30 10:53:51.886000,4.97,4.97,4.98,2503400.0
2018-01-30 10:53:55.763000,4.97,4.97,4.98,2503400.0
2018-01-30 10:53:58.474000,4.97,4.97,4.98,2503400.0
2018-01-30 10:54:01.993000,4.97,4.97,4.98,2503400.0
2018-01-30 10:54:04.881000,4.97,4.97,4.98,2503400.0
2018-01-30 10:54:08.274000,4.97,4.97,4.98,2503400.0
2018-01-30 10:54:10.803000,4.97,4.97,4.98,2503400.0
2018-01-30 10:54:13.410000,4.97,4.97,4.98,2503400.0
2018-01-30 10:54:16.034000,4.97,4.97,4.98,2503400.0
2018-01-30 10:54:18.722000,4.97,4.97,4.98,2503400.0
2018-01-30 10:54:21.395000,4.97,4.97,4.98,2503400.0
2018-01-30 10:54:24.120000,4.97,4.97,4.98,2503400.0
2018-01-30 10:54:26.683000,4.97,4.97,4.98,2503400.0
2018-01-30 10:54:29.404000,4.97,4.97,4.98,2503400.0
2018-01-30 10:54:31.964000,4.97,4.97,4.98,2503400.0
2018-01-30 10:54:35.260000,4.97,4.97,4.98,2503400.0
2018-01-30 10:54:38.018000,4.97,4.97,4.98,2503400.0
2018-01-30 10:54:40.638000,4.97,4.97,4.98,2503400.0
2018-01-30 10:54:43.300000,4.97,4.97,4.98,2503400.0
2018-01-30 10:54:45.899000,4.97,4.97,4.98,2503400.0
2018-01-30 10:54:48.493000,4.97,4.97,4.98,2503400.0
2018-01-30 10:54:51.191000,4.97,4.97,4.98,2503400.0
2018-01-30 10:54:54.287000,4.97,4.97,4.98,2503400.0
2018-01-30 10:54:56.905000,4.97,4.97,4.98,2503400.0
2018-01-30 10:54:59.515000,4.97,4.97,4.98,2503400.0
2018-01-30 10:55:02.230000,4.97,4.97,4.98,2503400.0
2018-01-30 10:55:04.863000,4.97,4.97,4.98,2503400.0
2018-01-30 10:55:07.569000,4.97,4.97,4.98,2503400.0
2018-01-30 10:55:10.413000,4.97,4.97,4.98,2503400.0
2018-01-30 10:55:13.033000,4.97,4.97,4.98,2503400.0
2018-01-30 10:55:15.696000,4.97,4.97,4.98,2503400.0
2018-01-30 10:55:18.353000,4.97,4.97,4.98,2503400.0
2018-01-30 10:55:21.209000,4.97,4.97,4.98,2503400.0
2018-01-30 10:55:24.198000,4.97,4.97,4.98,2503400.0
2018-01-30 10:55:26.762000,4.97,4.97,4.98,2503400.0
2018-01-30 10:55:29.473000,4.97,4.97,4.98,2503400.0
2018-01-30 10:55:32.263000,4.97,4.97,4.98,2503400.0
2018-01-30 10:55:35.453000,4.97,4.97,4.98,2503400.0
2018-01-30 10:55:38.323000,4.97,4.97,4.98,2503400.0
2018-01-30 10:55:41.234000,4.97,4.97,4.98,2503400.0
2018-01-30 10:55:44.223000,4.97,4.97,4.98,2503400.0
2018-01-30 10:55:47.183000,4.97,4.97,4.98,2503400.0
2018-01-30 10:55:50.084000,4.97,4.97,4.98,2503400.0
2018-01-30 10:55:52.896000,4.97,4.97,4.98,2503400.0
2018-01-30 10:55:55.789000,4.97,4.97,4.98,2503400.0
2018-01-30 10:55:58.896000,4.97,4.97,4.98,2503400.0
2018-01-30 10:56:01.715000,4.97,4.97,4.98,2503400.0
2018-01-30 10:56:04.697000,4.97,4.97,4.98,2503400.0
2018-01-30 10:56:07.659000,4.97,4.97,4.98,2503400.0
2018-01-30 10:56:10.722000,4.97,4.97,4.98,2503400.0
2018-01-30 10:56:13.601000,4.97,4.97,4.98,2503400.0
2018-01-30 10:56:16.750000,4.97,4.97,4.98,2503400.0
2018-01-30 10:56:19.660000,4.97,4.97,4.98,2503400.0
2018-01-30 10:56:22.815000,4.97,4.97,4.98,2503400.0
2018-01-30 10:56:25.728000,4.97,4.97,4.98,2503400.0
2018-01-30 10:56:28.647000,4.97,4.97,4.98,2503400.0
2018-01-30 10:56:31.656000,4.97,4.97,4.98,2503400.0
2018-01-30 10:56:34.541000,4.97,4.97,4.98,2503400.0
2018-01-30 10:56:37.481000,4.97,4.97,4.98,2503400.0
2018-01-30 10:56:40.536000,4.97,4.97,4.98,2503400.0
2018-01-30 10:56:43.583000,4.97,4.97,4.98,2503400.0
2018-01-30 10:56:46.368000,4.97,4.97,4.98,2503400.0
2018-01-30 10:56:49.640000,4.98,4.97,4.98,2618500.0
2018-01-30 10:56:52.401000,4.98,4.97,4.98,2618500.0
2018-01-30 10:56:55.398000,4.98,4.97,4.98,2618500.0
2018-01-30 10:56:58.315000,4.98,4.97,4.98,2618500.0
2018-01-30 10:57:01.384000,4.98,4.97,4.98,2618500.0
2018-01-30 10:57:04.281000,4.98,4.97,4.98,2618500.0
2018-01-30 10:57:07.496000,4.98,4.97,4.98,2618500.0
2018-01-30 10:57:11.131000,4.98,4.97,4.98,2618500.0
2018-01-30 10:57:13.879000,4.98,4.97,4.98,2618500.0
2018-01-30 10:57:17.024000,4.98,4.97,4.98,3218500.0
2018-01-30 10:57:19.977000,4.98,4.97,4.98,3218500.0
2018-01-30 10:57:22.771000,4.98,4.97,4.98,3218500.0
2018-01-30 10:57:25.914000,4.98,4.97,4.98,3218500.0
2018-01-30 10:57:28.522000,4.98,4.97,4.98,3218500.0
2018-01-30 10:57:31.400000,4.98,4.97,4.98,3218500.0
2018-01-30 10:57:34.180000,4.98,4.97,4.98,3218500.0
2018-01-30 10:57:37.829000,4.98,4.97,4.98,3218500.0
2018-01-30 10:57:41.414000,4.98,4.97,4.98,3218500.0
2018-01-30 10:57:44.473000,4.98,4.97,4.98,3218500.0
2018-01-30 10:57:47.602000,4.98,4.97,4.99,3218500.0
2018-01-30 10:57:50.672000,4.98,4.97,4.99,3218500.0
2018-01-30 10:57:53.698000,4.98,4.97,4.99,3218500.0
2018-01-30 10:57:56.821000,4.98,4.97,4.99,3218500.0
2018-01-30 10:57:59.825000,4.98,4.97,4.99,3218500.0
2018-01-30 10:58:02.880000,4.98,4.97,4.99,3218500.0
2018-01-30 10:58:05.766000,4.98,4.98,4.99,3218500.0
2018-01-30 10:58:08.712000,4.98,4.97,4.98,3218500.0
2018-01-30 10:58:11.822000,4.98,4.97,4.98,3218500.0
2018-01-30 10:58:14.841000,4.98,4.97,4.98,3218500.0
2018-01-30 10:58:17.972000,4.98,4.97,4.98,3218500.0
2018-01-30 10:58:20.906000,4.98,4.97,4.98,3218500.0
2018-01-30 10:58:24.170000,4.98,4.97,4.98,3218500.0
2018-01-30 10:58:27.086000,4.98,4.97,4.98,3218500.0
2018-01-30 10:58:30.228000,4.98,4.97,4.98,3218500.0
2018-01-30 10:58:33.572000,4.98,4.97,4.98,3218500.0
2018-01-30 10:58:36.732000,4.98,4.97,4.98,3218500.0
2018-01-30 10:58:39.794000,4.98,4.97,4.98,3218500.0
2018-01-30 10:58:42.815000,4.98,4.97,4.98,3218500.0
2018-01-30 10:58:45.700000,4.98,4.97,4.98,3218500.0
2018-01-30 10:58:48.809000,4.98,4.97,4.98,3218500.0
2018-01-30 10:58:51.771000,4.98,4.97,4.98,3218500.0
2018-01-30 10:58:55.219000,4.98,4.97,4.98,3223500.0
2018-01-30 10:58:59.249000,4.98,4.97,4.98,3223500.0
2018-01-30 10:59:02.080000,4.98,4.97,4.98,3223500.0
2018-01-30 10:59:05.284000,4.98,4.97,4.98,3223500.0
2018-01-30 10:59:08.624000,4.98,4.97,4.98,3223500.0
2018-01-30 10:59:11.697000,4.98,4.97,4.98,3223500.0
2018-01-30 10:59:15.153000,4.98,4.97,4.98,3223500.0
2018-01-30 10:59:18.389000,4.98,4.97,4.98,3223500.0
2018-01-30 10:59:21.167000,4.98,4.97,4.98,3223500.0
2018-01-30 10:59:23.912000,4.98,4.97,4.98,3223500.0
2018-01-30 10:59:26.542000,4.98,4.97,4.98,3223500.0
2018-01-30 10:59:29.270000,4.98,4.97,4.98,3223500.0
2018-01-30 10:59:31.913000,4.98,4.97,4.98,3223500.0
2018-01-30 10:59:34.491000,4.98,4.97,4.98,3223500.0
2018-01-30 10:59:37.126000,4.98,4.97,4.98,3223500.0
2018-01-30 10:59:40.084000,4.98,4.97,4.98,3223500.0
2018-01-30 10:59:42.768000,4.98,4.97,4.98,3223500.0
2018-01-30 10:59:45.363000,4.98,4.97,4.98,3223500.0
2018-01-30 10:59:48.056000,4.98,4.97,4.98,3223500.0
2018-01-30 10:59:50.750000,4.98,4.97,4.98,3223500.0
2018-01-30 10:59:53.294000,4.99,4.98,4.99,3243500.0
2018-01-30 10:59:55.849000,4.99,4.98,4.99,3243500.0
2018-01-30 10:59:58.610000,4.99,4.98,4.99,3243500.0
2018-01-30 11:00:01.182000,4.99,4.98,4.99,3243500.0
2018-01-30 11:00:04.155000,4.99,4.98,4.99,3243500.0
2018-01-30 11:00:06.756000,4.99,4.98,4.99,3243500.0
2018-01-30 11:00:09.369000,4.99,4.98,4.99,3243500.0
2018-01-30 11:00:12.081000,4.99,4.98,4.99,3243500.0
2018-01-30 11:00:14.767000,4.99,4.98,4.99,3243500.0
2018-01-30 11:00:17.580000,4.99,4.98,4.99,3243500.0
2018-01-30 11:00:20.231000,4.99,4.98,4.99,3243500.0
2018-01-30 11:00:22.823000,4.99,4.98,4.99,3243500.0
2018-01-30 11:00:25.606000,4.99,4.98,4.99,3243500.0
2018-01-30 11:00:28.113000,4.99,4.98,4.99,3243500.0
2018-01-30 11:00:31.175000,4.99,4.98,4.99,3243500.0
2018-01-30 11:00:36.691000,4.99,4.98,4.99,3243500.0
2018-01-30 11:00:39.283000,4.99,4.98,4.99,3243500.0
2018-01-30 11:00:42.065000,4.99,4.98,4.99,3243500.0
2018-01-30 11:00:44.645000,4.99,4.98,4.99,3243500.0
2018-01-30 11:00:48.245000,4.99,4.98,4.99,3243500.0
2018-01-30 11:00:51.722000,4.99,4.98,4.99,3243500.0
2018-01-30 11:00:54.987000,4.99,4.98,4.99,3243500.0
2018-01-30 11:00:57.433000,4.99,4.98,4.99,3243500.0
2018-01-30 11:01:00.016000,4.99,4.98,4.99,3243500.0
2018-01-30 11:01:02.702000,4.99,4.98,4.99,3248500.0
2018-01-30 11:01:06.023000,4.99,4.98,4.99,3248500.0
2018-01-30 11:01:08.924000,4.99,4.98,4.99,3248500.0
2018-01-30 11:01:11.481000,4.99,4.98,4.99,3248500.0
2018-01-30 11:01:14.159000,4.99,4.98,4.99,3248500.0
2018-01-30 11:01:16.760000,4.99,4.98,4.99,3248500.0
2018-01-30 11:01:19.361000,4.99,4.98,4.99,3248500.0
2018-01-30 11:01:22.056000,4.98,4.97,4.99,3353500.0
2018-01-30 11:01:24.675000,4.98,4.97,4.99,3353500.0
2018-01-30 11:01:27.303000,4.98,4.97,4.99,3353500.0
2018-01-30 11:01:29.949000,4.98,4.97,4.99,3353500.0
2018-01-30 11:01:32.505000,4.98,4.97,4.99,3353500.0
2018-01-30 11:01:35.433000,4.98,4.97,4.99,3353500.0
2018-01-30 11:01:38.152000,4.98,4.97,4.99,3353500.0
2018-01-30 11:01:40.660000,4.98,4.97,4.99,3353500.0
2018-01-30 11:01:43.376000,4.98,4.97,4.99,3353500.0
2018-01-30 11:01:46.066000,4.98,4.97,4.99,3353500.0
2018-01-30 11:01:48.723000,4.98,4.97,4.99,3353500.0
2018-01-30 11:01:51.634000,4.98,4.97,4.99,3353500.0
2018-01-30 11:01:54.539000,4.98,4.97,4.99,3353500.0
2018-01-30 11:01:57.574000,4.98,4.97,4.99,3353500.0
2018-01-30 11:02:00.395000,4.98,4.97,4.99,3353500.0
2018-01-30 11:02:03.392000,4.98,4.97,4.99,3353500.0
2018-01-30 11:02:06.152000,4.98,4.98,4.99,3353500.0
2018-01-30 11:02:08.914000,4.98,4.98,4.99,3353500.0
2018-01-30 11:02:11.830000,4.98,4.98,4.99,3353500.0
2018-01-30 11:02:14.894000,4.98,4.98,4.99,3353500.0
2018-01-30 11:02:17.817000,4.98,4.98,4.99,3353500.0
2018-01-30 11:02:20.988000,4.98,4.98,4.99,3353500.0
2018-01-30 11:02:23.928000,4.98,4.98,4.99,3353500.0
2018-01-30 11:02:27.346000,4.98,4.98,4.99,3353500.0
2018-01-30 11:02:30.089000,4.98,4.98,4.99,3353500.0
2018-01-30 11:02:32.989000,4.98,4.98,4.99,3353500.0
2018-01-30 11:02:35.658000,4.98,4.98,4.99,3353500.0
2018-01-30 11:02:38.621000,4.98,4.98,4.99,3353500.0
2018-01-30 11:02:41.516000,4.98,4.98,4.99,3353500.0
2018-01-30 11:02:44.775000,4.98,4.98,4.99,3353500.0
2018-01-30 11:02:47.721000,4.98,4.98,4.99,3353500.0
2018-01-30 11:02:50.778000,4.98,4.98,4.99,3353500.0
2018-01-30 11:02:53.589000,4.98,4.98,4.99,3353500.0
2018-01-30 11:02:56.529000,4.98,4.98,4.99,3353500.0
2018-01-30 11:02:59.631000,4.98,4.98,4.99,3353500.0
2018-01-30 11:03:02.477000,4.98,4.98,4.99,3353500.0
2018-01-30 11:03:05.454000,4.98,4.98,4.99,3353500.0
2018-01-30 11:03:10.100000,4.98,4.98,4.99,3353500.0
2018-01-30 11:03:14.913000,4.98,4.97,4.98,3373500.0
2018-01-30 11:03:18.077000,4.98,4.97,4.98,3373500.0
2018-01-30 11:03:21.526000,4.98,4.97,4.98,3373500.0
2018-01-30 11:03:24.683000,4.98,4.97,4.99,3373500.0
2018-01-30 11:03:27.695000,4.98,4.97,4.99,3373500.0
2018-01-30 11:03:30.677000,4.98,4.97,4.99,3373500.0
2018-01-30 11:03:33.842000,4.98,4.97,4.99,3373500.0
2018-01-30 11:03:37.082000,4.98,4.97,4.99,3373500.0
2018-01-30 11:03:40.158000,4.98,4.97,4.99,3373500.0
2018-01-30 11:03:43.277000,4.98,4.97,4.99,3373500.0
2018-01-30 11:03:46.265000,4.98,4.97,4.99,3373500.0
2018-01-30 11:03:49.222000,4.98,4.97,4.99,3373500.0
2018-01-30 11:03:52.345000,4.98,4.97,4.99,3373500.0
2018-01-30 11:03:55.511000,4.98,4.97,4.99,3373500.0
2018-01-30 11:03:58.603000,4.98,4.97,4.99,3373500.0
2018-01-30 11:04:01.744000,4.98,4.97,4.99,3373500.0
2018-01-30 11:04:05.356000,4.98,4.97,4.99,3373500.0
2018-01-30 11:04:08.505000,4.98,4.97,4.99,3373500.0
2018-01-30 11:04:11.615000,4.98,4.97,4.99,3373500.0
2018-01-30 11:04:14.695000,4.98,4.97,4.99,3373500.0
2018-01-30 11:04:17.907000,4.98,4.97,4.99,3373500.0
2018-01-30 11:04:21.044000,4.98,4.97,4.99,3373500.0
2018-01-30 11:04:24.218000,4.98,4.97,4.99,3373500.0
2018-01-30 11:04:27.339000,4.98,4.97,4.99,3373500.0
2018-01-30 11:04:30.348000,4.98,4.97,4.99,3373500.0
2018-01-30 11:04:33.502000,4.98,4.97,4.99,3373500.0
2018-01-30 11:04:36.546000,4.98,4.97,4.99,3373500.0
2018-01-30 11:04:39.726000,4.98,4.97,4.99,3373500.0
2018-01-30 11:04:42.737000,4.98,4.97,4.99,3373500.0
2018-01-30 11:04:45.844000,4.98,4.97,4.99,3373500.0
2018-01-30 11:04:49.021000,4.98,4.97,4.99,3373500.0
2018-01-30 11:04:52.395000,4.98,4.97,4.99,3373500.0
2018-01-30 11:04:55.392000,4.98,4.97,4.99,3373500.0
2018-01-30 11:04:58.500000,4.98,4.97,4.99,3373500.0
2018-01-30 11:05:01.660000,4.98,4.97,4.99,3373500.0
2018-01-30 11:05:04.581000,4.98,4.97,4.99,3373500.0
2018-01-30 11:05:07.638000,4.98,4.97,4.99,3373500.0
2018-01-30 11:05:10.672000,4.98,4.97,4.99,3373500.0
2018-01-30 11:05:13.686000,4.98,4.97,4.99,3373500.0
2018-01-30 11:05:17.004000,4.98,4.97,4.99,3373500.0
2018-01-30 11:05:20.351000,4.98,4.97,4.99,3373500.0
2018-01-30 11:05:23.603000,4.98,4.97,4.99,3373500.0
2018-01-30 11:05:26.737000,4.98,4.97,4.99,3373500.0
2018-01-30 11:05:29.882000,4.98,4.97,4.99,3373500.0
2018-01-30 11:05:32.973000,4.98,4.97,4.99,3373500.0
2018-01-30 11:05:36.488000,4.98,4.97,4.99,3373500.0
2018-01-30 11:05:39.867000,4.98,4.97,4.99,3373500.0
2018-01-30 11:05:43.284000,4.98,4.97,4.99,3373500.0
2018-01-30 11:05:47.550000,4.98,4.97,4.99,3373500.0
2018-01-30 11:05:51.034000,4.98,4.97,4.99,3373500.0
2018-01-30 11:05:54.225000,4.98,4.97,4.99,3373500.0
2018-01-30 11:05:57.395000,4.98,4.97,4.99,3373500.0
2018-01-30 11:06:00.612000,4.98,4.97,4.99,3373500.0
2018-01-30 11:06:03.603000,4.98,4.97,4.99,3373500.0
2018-01-30 11:06:06.802000,4.98,4.97,4.99,3373500.0
2018-01-30 11:06:10.127000,4.98,4.97,4.99,3373500.0
2018-01-30 11:06:13.048000,4.98,4.97,4.99,3373500.0
2018-01-30 11:06:16.196000,4.98,4.97,4.99,3373500.0
2018-01-30 11:06:19.415000,4.98,4.97,4.99,3373500.0
2018-01-30 11:06:22.708000,4.98,4.97,4.99,3373500.0
2018-01-30 11:06:25.732000,4.98,4.97,4.99,3373500.0
2018-01-30 11:06:28.895000,4.98,4.97,4.99,3373500.0
2018-01-30 11:06:31.991000,4.98,4.97,4.99,3373500.0
2018-01-30 11:06:35.064000,4.98,4.97,4.99,3373500.0
2018-01-30 11:06:38.255000,4.98,4.97,4.99,3373500.0
2018-01-30 11:06:41.393000,4.98,4.97,4.99,3373500.0
2018-01-30 11:06:44.456000,4.98,4.97,4.99,3373500.0
2018-01-30 11:06:47.522000,4.98,4.97,4.99,3373500.0
2018-01-30 11:06:50.948000,4.98,4.97,4.99,3373500.0
2018-01-30 11:06:54.054000,4.98,4.97,4.99,3373500.0
2018-01-30 11:06:57.114000,4.98,4.97,4.99,3373500.0
2018-01-30 11:07:00.275000,4.98,4.97,4.99,3373500.0
2018-01-30 11:07:03.509000,4.98,4.97,4.99,3373500.0
2018-01-30 11:07:06.459000,4.98,4.97,4.99,3373500.0
2018-01-30 11:07:09.675000,4.98,4.97,4.99,3373500.0
2018-01-30 11:07:12.679000,4.98,4.97,4.99,3373500.0
2018-01-30 11:07:15.931000,4.98,4.97,4.99,3373500.0
2018-01-30 11:07:19.182000,4.98,4.97,4.99,3373500.0
2018-01-30 11:07:22.286000,4.98,4.97,4.99,3373500.0
2018-01-30 11:07:25.284000,4.98,4.97,4.99,3373500.0
2018-01-30 11:07:28.588000,4.98,4.97,4.99,3373500.0
2018-01-30 11:07:31.722000,4.98,4.97,4.99,3373500.0
2018-01-30 11:07:34.885000,4.98,4.97,4.99,3373500.0
2018-01-30 11:07:38,4.98,4.97,4.99,3373500.0
2018-01-30 11:07:41.064000,4.98,4.97,4.99,3373500.0
2018-01-30 11:07:43.788000,4.98,4.97,4.99,3373500.0
2018-01-30 11:07:46.879000,4.98,4.97,4.99,3373500.0
2018-01-30 11:07:49.700000,4.98,4.97,4.99,3373500.0
2018-01-30 11:07:52.413000,4.98,4.97,4.99,3373500.0
2018-01-30 11:07:55.132000,4.98,4.97,4.99,3373500.0
2018-01-30 11:07:57.704000,4.98,4.97,4.99,3373500.0
2018-01-30 11:08:00.304000,4.98,4.97,4.99,3373500.0
2018-01-30 11:08:03.046000,4.98,4.97,4.99,3373500.0
2018-01-30 11:08:05.846000,4.98,4.97,4.99,3373500.0
2018-01-30 11:08:08.461000,4.98,4.97,4.99,3373500.0
2018-01-30 11:08:11.063000,4.98,4.97,4.99,3373500.0
2018-01-30 11:08:13.866000,4.98,4.97,4.99,3373500.0
2018-01-30 11:08:16.736000,4.98,4.97,4.99,3373500.0
2018-01-30 11:08:19.602000,4.98,4.97,4.99,3373500.0
2018-01-30 11:08:21.603000,4.98,4.97,4.99,3373500.0
2018-01-30 11:08:23.728000,4.98,4.97,4.99,3373500.0
2018-01-30 11:08:26.011000,4.98,4.97,4.99,3373500.0
2018-01-30 11:08:28.204000,4.98,4.97,4.99,3373500.0
2018-01-30 11:08:32.244000,4.98,4.97,4.99,3373500.0
2018-01-30 11:08:41.897000,4.98,4.97,4.99,3373500.0
2018-01-30 11:08:51.074000,4.99,4.98,4.99,3423500.0
2018-01-30 11:08:59.966000,4.99,4.98,4.99,3423500.0
2018-01-30 11:09:10.239000,4.99,4.98,4.99,3423500.0
2018-01-30 11:09:18.872000,4.99,4.98,4.99,3423500.0
2018-01-30 11:09:28.989000,4.99,4.98,4.99,3423500.0
2018-01-30 11:09:37.477000,4.99,4.98,4.99,3423500.0
2018-01-30 11:09:50.763000,4.99,4.98,4.99,3423500.0
2018-01-30 11:10:09.280000,4.99,4.98,4.99,3423500.0
2018-01-30 11:10:30.840000,4.99,4.98,4.99,3423500.0
2018-01-30 11:10:49.855000,4.99,4.98,4.99,3423500.0
2018-01-30 11:11:05.918000,4.99,4.98,4.99,3423500.0
2018-01-30 11:11:11.672000,4.99,4.98,4.99,3423500.0
2018-01-30 11:11:14.712000,4.99,4.98,4.99,3423500.0
2018-01-30 11:11:18.138000,4.99,4.98,4.99,3423500.0
2018-01-30 11:11:21.873000,4.99,4.98,4.99,3423500.0
2018-01-30 11:11:25.944000,4.99,4.98,4.99,3423500.0
2018-01-30 11:11:28.859000,4.99,4.98,4.99,3423500.0
2018-01-30 11:11:31.837000,4.99,4.98,4.99,3423500.0
2018-01-30 11:11:34.928000,4.99,4.98,4.99,3423500.0
2018-01-30 11:11:37.835000,4.99,4.98,4.99,3423500.0
2018-01-30 11:11:41.976000,4.99,4.98,4.99,3423500.0
2018-01-30 11:11:44.597000,4.99,4.98,4.99,3423500.0
2018-01-30 11:11:48.275000,4.99,4.98,4.99,3423500.0
2018-01-30 11:11:52.296000,4.99,4.98,4.99,3423500.0
2018-01-30 11:11:55.373000,4.99,4.98,4.99,3423500.0
2018-01-30 11:12:02.171000,4.99,4.98,4.99,3423500.0
2018-01-30 11:12:12.973000,4.99,4.98,4.99,3423500.0
2018-01-30 11:12:26.931000,4.99,4.98,4.99,3423500.0
2018-01-30 11:12:36.097000,4.99,4.98,4.99,3423500.0
2018-01-30 11:12:45.333000,4.99,4.98,4.99,3423500.0
2018-01-30 11:12:53.657000,4.99,4.98,4.99,3423500.0
2018-01-30 11:13:15.026000,4.99,4.98,4.99,3423500.0
2018-01-30 11:13:21.445000,4.99,4.98,4.99,3423500.0
2018-01-30 11:13:25.006000,4.99,4.98,4.99,3423500.0
2018-01-30 11:13:27.880000,4.99,4.98,4.99,3423500.0
2018-01-30 11:13:30.830000,4.99,4.98,4.99,3423500.0
2018-01-30 11:13:33.691000,4.99,4.98,4.99,3423500.0
2018-01-30 11:13:36.657000,4.99,4.98,4.99,3423500.0
2018-01-30 11:13:41.421000,4.99,4.98,4.99,3423500.0
2018-01-30 11:13:44.186000,4.99,4.98,4.99,3423500.0
2018-01-30 11:13:47.258000,4.99,4.98,4.99,3423500.0
2018-01-30 11:13:52.101000,4.99,4.98,4.99,3423500.0
2018-01-30 11:13:58.668000,4.99,4.98,4.99,3423500.0
2018-01-30 11:14:03.551000,4.99,4.98,4.99,3423500.0
2018-01-30 11:14:06.921000,4.99,4.98,4.99,3423500.0
2018-01-30 11:14:10.072000,4.99,4.98,4.99,3423500.0
2018-01-30 11:14:13.345000,4.99,4.98,4.99,3423500.0
2018-01-30 11:14:16.430000,4.99,4.98,4.99,3423500.0
2018-01-30 11:14:19.534000,4.99,4.98,4.99,3423500.0
2018-01-30 11:14:23.694000,4.99,4.98,4.99,3423500.0
2018-01-30 11:14:28.127000,4.99,4.98,4.99,3423500.0
2018-01-30 11:14:33.659000,4.99,4.98,4.99,3423500.0
2018-01-30 11:14:50.217000,4.99,4.98,4.99,3426500.0
2018-01-30 11:14:58.394000,4.99,4.98,4.99,3426500.0
2018-01-30 11:15:09.884000,4.99,4.98,4.99,3426500.0
2018-01-30 11:16:17.819000,4.99,4.98,4.99,3436500.0
2018-01-30 11:16:30.075000,4.99,4.98,4.99,3436500.0
2018-01-30 11:16:32.700000,4.99,4.98,4.99,3436500.0
2018-01-30 11:16:35.168000,4.99,4.98,4.99,3436500.0
2018-01-30 11:16:37.795000,4.99,4.98,4.99,3436500.0
2018-01-30 11:16:40.232000,4.99,4.98,4.99,3436500.0
2018-01-30 11:16:42.577000,4.99,4.98,4.99,3436500.0
2018-01-30 11:16:44.833000,4.99,4.98,4.99,3436500.0
2018-01-30 11:16:47.175000,4.99,4.98,4.99,3436500.0
2018-01-30 11:16:49.676000,4.99,4.98,4.99,3436500.0
2018-01-30 11:16:52.599000,4.99,4.98,4.99,3436500.0
2018-01-30 11:16:55.452000,4.99,4.98,4.99,3436500.0
2018-01-30 11:16:58.154000,4.99,4.98,4.99,3436500.0
2018-01-30 11:17:00.726000,4.99,4.98,4.99,3436500.0
2018-01-30 11:17:03.446000,4.99,4.98,4.99,3436500.0
2018-01-30 11:17:06.004000,4.99,4.98,4.99,3436500.0
2018-01-30 11:17:08.849000,4.99,4.98,4.99,3436500.0
2018-01-30 11:17:11.472000,4.99,4.98,4.99,3436500.0
2018-01-30 11:17:14.169000,4.99,4.98,4.99,3436500.0
2018-01-30 11:17:17.161000,4.99,4.98,4.99,3436500.0
2018-01-30 11:17:19.845000,4.99,4.98,4.99,3436500.0
2018-01-30 11:17:22.820000,4.99,4.98,4.99,3456500.0
2018-01-30 11:17:25.888000,4.99,4.98,4.99,3456500.0
2018-01-30 11:17:28.949000,4.99,4.98,4.99,3456500.0
2018-01-30 11:17:32.052000,4.99,4.98,4.99,3456500.0
2018-01-30 11:17:34.661000,4.99,4.98,4.99,3456500.0
2018-01-30 11:17:37.428000,4.99,4.98,4.99,3456500.0
2018-01-30 11:17:40.211000,4.99,4.98,4.99,3456500.0
2018-01-30 11:17:42.930000,4.99,4.98,4.99,3456500.0
2018-01-30 11:17:45.653000,4.99,4.98,4.99,3456500.0
2018-01-30 11:17:48.305000,4.99,4.98,4.99,3456500.0
2018-01-30 11:17:51.029000,4.99,4.98,4.99,3456500.0
2018-01-30 11:17:53.717000,4.99,4.98,4.99,3521600.0
2018-01-30 11:17:56.424000,4.99,4.98,4.99,3521600.0
2018-01-30 11:17:58.983000,4.99,4.98,4.99,3521600.0
2018-01-30 11:18:01.738000,4.99,4.98,4.99,3521600.0
2018-01-30 11:18:04.419000,4.99,4.98,4.99,3521600.0
2018-01-30 11:18:07.318000,4.99,4.98,4.99,3521600.0
2018-01-30 11:18:09.880000,4.99,4.98,4.99,3521600.0
2018-01-30 11:18:12.608000,4.99,4.98,4.99,3521600.0
2018-01-30 11:18:15.133000,4.99,4.98,4.99,3521600.0
2018-01-30 11:18:17.651000,4.99,4.98,4.99,3521600.0
2018-01-30 11:18:20.349000,4.99,4.98,4.99,3521600.0
2018-01-30 11:18:23.085000,4.99,4.98,5.0,3521600.0
2018-01-30 11:18:25.797000,4.99,4.98,5.0,3521600.0
2018-01-30 11:18:28.382000,4.99,4.98,5.0,3521600.0
2018-01-30 11:18:31.031000,4.99,4.98,5.0,3521600.0
2018-01-30 11:18:33.554000,4.99,4.98,5.0,3521600.0
2018-01-30 11:18:36.217000,4.99,4.98,5.0,3521600.0
2018-01-30 11:18:38.906000,4.99,4.98,5.0,3521600.0
2018-01-30 11:18:41.560000,4.99,4.98,5.0,3521600.0
2018-01-30 11:18:44.225000,4.99,4.98,5.0,3521600.0
2018-01-30 11:18:46.761000,4.99,4.98,5.0,3521600.0
2018-01-30 11:18:49.406000,4.99,4.98,5.0,3521600.0
2018-01-30 11:18:52.049000,4.99,4.98,5.0,3521600.0
2018-01-30 11:18:54.656000,4.99,4.98,5.0,3521600.0
2018-01-30 11:18:57.241000,4.99,4.98,5.0,3521600.0
2018-01-30 11:19:00.061000,4.99,4.98,5.0,3521600.0
2018-01-30 11:19:02.730000,4.99,4.98,5.0,3521600.0
2018-01-30 11:19:05.242000,4.99,4.98,5.0,3521600.0
2018-01-30 11:19:08.119000,4.99,4.98,5.0,3521600.0
2018-01-30 11:19:10.799000,4.99,4.98,5.0,3521600.0
2018-01-30 11:19:13.370000,4.99,4.98,5.0,3521600.0
2018-01-30 11:19:16.048000,4.99,4.98,5.0,3521600.0
2018-01-30 11:19:18.689000,4.99,4.98,5.0,3521600.0
2018-01-30 11:19:21.342000,4.99,4.98,5.0,3521600.0
2018-01-30 11:19:23.973000,4.99,4.98,5.0,3521600.0
2018-01-30 11:19:26.850000,4.99,4.98,5.0,3521600.0
2018-01-30 11:19:29.938000,4.99,4.98,5.0,3521600.0
2018-01-30 11:19:32.515000,4.99,4.98,5.0,3521600.0
2018-01-30 11:19:35.197000,4.99,4.98,5.0,3521600.0
2018-01-30 11:19:37.750000,4.99,4.98,5.0,3521600.0
2018-01-30 11:19:40.454000,4.99,4.98,5.0,3521600.0
2018-01-30 11:19:43.368000,4.99,4.98,5.0,3521600.0
2018-01-30 11:19:46.156000,4.99,4.98,5.0,3521600.0
2018-01-30 11:19:48.658000,4.99,4.98,5.0,3541600.0
2018-01-30 11:19:51.284000,4.99,4.98,5.0,3541600.0
2018-01-30 11:19:54.033000,4.99,4.98,5.0,3541600.0
2018-01-30 11:19:58.646000,4.99,4.98,5.0,3541600.0
2018-01-30 11:20:01.506000,4.99,4.98,5.0,3541600.0
2018-01-30 11:20:04.284000,4.99,4.98,5.0,3541600.0
2018-01-30 11:20:07.064000,4.99,4.98,5.0,3541600.0
2018-01-30 11:20:09.791000,4.99,4.98,5.0,3541600.0
2018-01-30 11:20:12.441000,4.99,4.98,5.0,3541600.0
2018-01-30 11:20:15.098000,4.99,4.98,5.0,3541600.0
2018-01-30 11:20:18.074000,4.99,4.98,5.0,3541600.0
2018-01-30 11:20:20.864000,4.99,4.98,5.0,3541600.0
2018-01-30 11:20:23.404000,4.99,4.98,5.0,3541600.0
2018-01-30 11:20:26.036000,4.99,4.98,5.0,3541600.0
2018-01-30 11:20:28.604000,4.99,4.98,5.0,3541600.0
2018-01-30 11:20:31.431000,4.99,4.98,5.0,3541600.0
2018-01-30 11:20:34.064000,4.99,4.98,5.0,3541600.0
2018-01-30 11:20:36.665000,4.99,4.98,5.0,3541600.0
2018-01-30 11:20:39.223000,4.99,4.98,5.0,3541600.0
2018-01-30 11:20:41.713000,4.99,4.98,5.0,3541600.0
2018-01-30 11:20:44.792000,4.99,4.98,5.0,3541600.0
2018-01-30 11:20:47.697000,4.99,4.98,5.0,3541600.0
2018-01-30 11:20:50.291000,4.99,4.98,5.0,3541600.0
2018-01-30 11:20:53.169000,4.99,4.98,5.0,3541600.0
2018-01-30 11:20:55.816000,4.99,4.98,5.0,3541600.0
2018-01-30 11:20:59.273000,4.99,4.98,5.0,3541600.0
2018-01-30 11:21:01.892000,4.99,4.98,5.0,3541600.0
2018-01-30 11:21:04.566000,4.99,4.98,5.0,3541600.0
2018-01-30 11:21:07.178000,4.99,4.98,5.0,3541600.0
2018-01-30 11:21:09.827000,4.99,4.98,5.0,3541600.0
2018-01-30 11:21:12.297000,4.99,4.98,5.0,3541600.0
2018-01-30 11:21:14.929000,4.99,4.98,5.0,3541600.0
2018-01-30 11:21:17.492000,4.99,4.98,5.0,3541600.0
2018-01-30 11:21:20.184000,4.99,4.98,5.0,3541600.0
2018-01-30 11:21:22.797000,4.99,4.98,5.0,3541600.0
2018-01-30 11:21:25.494000,4.99,4.98,5.0,3541600.0
2018-01-30 11:21:28.169000,4.99,4.98,5.0,3541600.0
2018-01-30 11:21:30.948000,4.99,4.98,5.0,3541600.0
2018-01-30 11:21:33.723000,4.99,4.98,5.0,3541600.0
2018-01-30 11:21:36.362000,4.99,4.98,5.0,3541600.0
2018-01-30 11:21:38.926000,4.99,4.98,5.0,3541600.0
2018-01-30 11:21:41.503000,4.99,4.98,5.0,3541600.0
2018-01-30 11:21:44.239000,4.99,4.98,5.0,3541600.0
2018-01-30 11:21:46.783000,4.99,4.98,5.0,3541600.0
2018-01-30 11:21:49.397000,4.99,4.98,5.0,3541600.0
2018-01-30 11:21:52.143000,4.99,4.98,5.0,3541600.0
2018-01-30 11:21:54.764000,4.99,4.98,5.0,3541600.0
2018-01-30 11:21:57.426000,4.99,4.98,5.0,3541600.0
2018-01-30 11:22:00.074000,4.99,4.98,5.0,3541600.0
2018-01-30 11:22:02.634000,4.99,4.98,5.0,3541600.0
2018-01-30 11:22:05.388000,4.99,4.98,5.0,3541600.0
2018-01-30 11:22:08.012000,4.99,4.98,5.0,3541600.0
2018-01-30 11:22:10.665000,4.99,4.98,5.0,3541600.0
2018-01-30 11:22:13.310000,4.99,4.98,5.0,3541600.0
2018-01-30 11:22:15.917000,4.99,4.98,5.0,3541600.0
2018-01-30 11:22:18.623000,4.99,4.98,5.0,3541600.0
2018-01-30 11:22:21.379000,4.99,4.98,5.0,3541600.0
2018-01-30 11:22:24.128000,4.99,4.98,5.0,3541600.0
2018-01-30 11:22:26.739000,4.99,4.98,5.0,3541600.0
2018-01-30 11:22:29.411000,4.99,4.98,5.0,3541600.0
2018-01-30 11:22:32.115000,4.99,4.98,5.0,3541600.0
2018-01-30 11:22:34.701000,4.99,4.98,5.0,3541600.0
2018-01-30 11:22:37.527000,4.99,4.98,5.0,3541600.0
2018-01-30 11:22:40.248000,4.99,4.98,5.0,3541600.0
2018-01-30 11:22:43.061000,4.99,4.98,5.0,3541600.0
2018-01-30 11:22:45.802000,4.99,4.98,5.0,3541600.0
2018-01-30 11:22:48.561000,4.99,4.98,5.0,3541600.0
2018-01-30 11:22:51.320000,4.99,4.98,5.0,3541600.0
2018-01-30 11:22:54.021000,4.99,4.98,5.0,3541600.0
2018-01-30 11:22:56.654000,4.99,4.98,5.0,3541600.0
2018-01-30 11:22:59.228000,4.99,4.98,5.0,3541600.0
2018-01-30 11:23:02.207000,4.99,4.98,5.0,3541600.0
2018-01-30 11:23:04.985000,4.99,4.98,5.0,3541600.0
2018-01-30 11:23:07.672000,4.99,4.98,5.0,3541600.0
2018-01-30 11:23:10.461000,4.99,4.98,5.0,3541600.0
2018-01-30 11:23:13.546000,4.99,4.98,5.0,3541600.0
2018-01-30 11:23:16.615000,4.99,4.98,5.0,3585600.0
2018-01-30 11:23:19.367000,4.99,4.98,5.0,3585600.0
2018-01-30 11:23:22.415000,4.99,4.98,5.0,3585600.0
2018-01-30 11:23:25.355000,4.99,4.98,5.0,3585600.0
2018-01-30 11:23:28.251000,4.99,4.98,5.0,3585600.0
2018-01-30 11:23:31.405000,4.99,4.98,5.0,3585600.0
2018-01-30 11:23:34.409000,4.99,4.98,5.0,3585600.0
2018-01-30 11:23:37.359000,4.99,4.98,5.0,3585600.0
2018-01-30 11:23:40.290000,4.99,4.98,5.0,3585600.0
2018-01-30 11:23:43.203000,4.99,4.98,5.0,3585600.0
2018-01-30 11:23:46.258000,4.99,4.98,5.0,3585600.0
2018-01-30 11:23:49.348000,4.99,4.98,5.0,3585600.0
2018-01-30 11:23:52.234000,4.99,4.98,5.0,3585600.0
2018-01-30 11:23:55.198000,4.99,4.98,5.0,3585600.0
2018-01-30 11:23:58.171000,4.99,4.98,5.0,3585600.0
2018-01-30 11:24:01.077000,4.99,4.98,5.0,3585600.0
2018-01-30 11:24:03.849000,4.99,4.98,5.0,3585600.0
2018-01-30 11:24:06.879000,4.99,4.98,5.0,3585600.0
2018-01-30 11:24:10.053000,4.99,4.98,5.0,3585600.0
2018-01-30 11:24:12.995000,4.99,4.98,5.0,3585600.0
2018-01-30 11:24:15.974000,4.99,4.98,5.0,3585600.0
2018-01-30 11:24:19.054000,4.99,4.98,5.0,3585600.0
2018-01-30 11:24:22.021000,4.99,4.98,5.0,3585600.0
2018-01-30 11:24:24.920000,4.99,4.98,5.0,3585600.0
2018-01-30 11:24:27.982000,4.99,4.98,5.0,3585600.0
2018-01-30 11:24:30.976000,4.99,4.98,5.0,3585600.0
2018-01-30 11:24:34.038000,4.99,4.98,5.0,3585600.0
2018-01-30 11:24:37.060000,4.99,4.98,5.0,3585600.0
2018-01-30 11:24:40.040000,4.99,4.98,5.0,3585600.0
2018-01-30 11:24:42.984000,4.99,4.98,5.0,3585600.0
2018-01-30 11:24:46.114000,4.99,4.98,5.0,3585600.0
2018-01-30 11:24:48.928000,4.99,4.98,5.0,3585600.0
2018-01-30 11:24:51.958000,4.99,4.98,5.0,3585600.0
2018-01-30 11:24:54.920000,4.99,4.98,5.0,3585600.0
2018-01-30 11:24:58.077000,4.99,4.98,5.0,3585600.0
2018-01-30 11:25:01.123000,4.99,4.99,5.0,3595200.0
2018-01-30 11:25:04.212000,4.99,4.99,5.0,3595200.0
2018-01-30 11:25:07.246000,4.99,4.99,5.0,3595200.0
2018-01-30 11:25:10.311000,4.99,4.99,5.0,3595200.0
2018-01-30 11:25:13.314000,4.99,4.99,5.0,3595200.0
2018-01-30 11:25:16.267000,4.99,4.99,5.0,3595200.0
2018-01-30 11:25:19.474000,4.99,4.99,5.0,3595200.0
2018-01-30 11:25:22.514000,4.99,4.99,5.0,3595200.0
2018-01-30 11:25:25.389000,4.99,4.99,5.0,3595200.0
2018-01-30 11:25:28.273000,4.99,4.99,5.0,3595200.0
2018-01-30 11:25:31.249000,4.99,4.99,5.0,3595200.0
2018-01-30 11:25:34.225000,4.99,4.99,5.0,3595200.0
2018-01-30 11:25:37.021000,4.99,4.99,5.0,3595200.0
2018-01-30 11:25:39.996000,4.99,4.99,5.0,3595200.0
2018-01-30 11:25:43.137000,4.99,4.99,5.0,3595200.0
2018-01-30 11:25:46.346000,4.99,4.99,5.0,3595200.0
2018-01-30 11:25:49.395000,4.99,4.99,5.0,3595200.0
2018-01-30 11:25:52.210000,4.99,4.99,5.0,3595200.0
2018-01-30 11:25:55.086000,4.99,4.99,5.0,3595200.0
2018-01-30 11:25:58.296000,4.99,4.99,5.0,3595200.0
2018-01-30 11:26:01.223000,4.99,4.99,5.0,3595200.0
2018-01-30 11:26:04.416000,4.99,4.99,5.0,3595200.0
2018-01-30 11:26:07.431000,4.99,4.99,5.0,3595200.0
2018-01-30 11:26:10.203000,4.99,4.99,5.0,3595200.0
2018-01-30 11:26:13.317000,4.99,4.99,5.0,3595200.0
2018-01-30 11:26:16.493000,4.99,4.99,5.0,3595200.0
2018-01-30 11:26:19.446000,4.99,4.99,5.0,3595200.0
2018-01-30 11:26:22.300000,4.99,4.99,5.0,3595200.0
2018-01-30 11:26:25.371000,4.99,4.99,5.0,3595200.0
2018-01-30 11:26:28.442000,5.0,4.99,5.0,3616100.0
2018-01-30 11:26:32.244000,5.0,4.99,5.0,3616100.0
2018-01-30 11:26:35.233000,5.0,5.0,5.01,3616100.0
2018-01-30 11:26:37.948000,5.0,5.0,5.01,3616100.0
2018-01-30 11:26:40.850000,5.0,5.0,5.01,3616100.0
2018-01-30 11:26:43.744000,5.0,5.0,5.01,3616100.0
2018-01-30 11:26:46.790000,5.0,5.0,5.01,3616100.0
2018-01-30 11:26:49.897000,5.0,5.0,5.01,3616100.0
2018-01-30 11:26:52.898000,5.0,5.0,5.01,3616100.0
2018-01-30 11:26:56.005000,5.0,5.0,5.01,3616100.0
2018-01-30 11:26:59.230000,5.0,5.0,5.01,3616100.0
2018-01-30 11:27:02.259000,5.0,5.0,5.01,3616100.0
2018-01-30 11:27:05.168000,5.0,5.0,5.01,3616100.0
2018-01-30 11:27:08.171000,5.0,5.0,5.01,3616100.0
2018-01-30 11:27:11.141000,5.0,4.99,5.01,3637100.0
2018-01-30 11:27:14.093000,5.0,4.99,5.01,3637100.0
2018-01-30 11:27:17.166000,5.0,4.99,5.01,3637100.0
2018-01-30 11:27:20.692000,5.0,4.99,5.01,3637100.0
2018-01-30 11:27:23.779000,5.0,4.99,5.01,3637100.0
2018-01-30 11:27:27.062000,5.0,4.99,5.01,3637100.0
2018-01-30 11:27:30.173000,5.0,4.99,5.01,3637100.0
2018-01-30 11:27:33.016000,5.0,4.99,5.01,3637100.0
2018-01-30 11:27:36.035000,5.0,4.99,5.01,3637100.0
2018-01-30 11:27:38.998000,5.0,4.99,5.01,3637100.0
2018-01-30 11:27:42.005000,5.0,4.99,5.01,3637100.0
2018-01-30 11:27:44.848000,5.0,4.99,5.01,3637100.0
2018-01-30 11:27:47.798000,5.0,4.99,5.01,3637100.0
2018-01-30 11:27:50.770000,5.0,4.99,5.01,3637100.0
2018-01-30 11:27:53.792000,5.0,4.99,5.01,3637100.0
2018-01-30 11:27:56.775000,5.0,4.99,5.01,3637100.0
2018-01-30 11:27:59.893000,5.0,4.99,5.01,3637100.0
2018-01-30 11:28:02.887000,5.0,4.99,5.01,3637100.0
2018-01-30 11:28:05.832000,5.0,4.99,5.01,3637100.0
2018-01-30 11:28:08.697000,5.0,4.99,5.01,3637100.0
2018-01-30 11:28:11.604000,5.0,4.99,5.01,3637100.0
2018-01-30 11:28:14.633000,5.0,4.99,5.01,3637100.0
2018-01-30 11:28:17.836000,5.0,4.99,5.01,3637100.0
2018-01-30 11:28:20.778000,5.0,4.99,5.01,3637100.0
2018-01-30 11:28:23.679000,5.0,4.99,5.01,3637100.0
2018-01-30 11:28:26.658000,5.0,4.99,5.01,3637100.0
2018-01-30 11:28:29.565000,5.0,4.99,5.01,3637100.0
2018-01-30 11:28:32.587000,5.0,4.99,5.01,3637100.0
2018-01-30 11:28:35.586000,5.0,4.99,5.01,3637100.0
2018-01-30 11:28:38.846000,5.0,5.0,5.01,3937100.0
2018-01-30 11:28:41.982000,5.0,5.0,5.01,3937100.0
2018-01-30 11:28:44.903000,5.0,5.0,5.01,3937100.0
2018-01-30 11:28:47.997000,5.0,5.0,5.01,3937100.0
2018-01-30 11:28:50.933000,5.0,5.0,5.01,3937100.0
2018-01-30 11:28:53.831000,5.0,5.0,5.01,3937100.0
2018-01-30 11:28:56.457000,5.0,5.0,5.01,3937100.0
2018-01-30 11:28:59.264000,5.0,5.0,5.01,3937100.0
2018-01-30 11:29:01.958000,5.0,5.0,5.01,3937100.0
2018-01-30 11:29:04.657000,5.0,5.0,5.01,3937100.0
2018-01-30 11:29:07.412000,5.0,5.0,5.01,3937100.0
2018-01-30 11:29:10.041000,5.0,5.0,5.01,3937100.0
2018-01-30 11:29:12.708000,5.0,5.0,5.01,3937100.0
2018-01-30 11:29:15.291000,5.0,5.0,5.01,3937100.0
2018-01-30 11:29:18.065000,5.0,5.0,5.01,3937100.0
2018-01-30 11:29:20.688000,5.0,5.0,5.01,3937100.0
2018-01-30 11:29:23.391000,5.0,5.0,5.01,3937100.0
2018-01-30 11:29:26.039000,5.0,5.0,5.01,3937100.0
2018-01-30 11:29:28.642000,5.0,5.0,5.01,3937100.0
2018-01-30 11:29:31.565000,5.0,5.0,5.01,3937100.0
2018-01-30 11:29:34.312000,5.0,5.0,5.01,3937100.0
2018-01-30 11:29:37.003000,5.0,5.0,5.01,3937100.0
2018-01-30 11:29:39.854000,5.0,5.0,5.01,3937100.0
2018-01-30 11:29:42.524000,5.0,5.0,5.01,3937100.0
2018-01-30 11:29:45.091000,5.0,5.0,5.01,3937100.0
2018-01-30 11:29:48.147000,5.0,5.0,5.01,3937100.0
2018-01-30 11:29:50.859000,5.0,5.0,5.01,3937100.0
2018-01-30 11:29:53.822000,5.0,5.0,5.01,3937100.0
2018-01-30 11:29:56.617000,5.0,5.0,5.01,3937100.0
2018-01-30 11:29:59.353000,5.0,5.0,5.01,3937100.0
2018-01-30 11:30:02.032000,5.0,5.0,5.01,3937100.0
2018-01-30 11:30:04.686000,5.01,5.0,5.01,3976600.0
2018-01-30 11:30:07.345000,5.01,5.0,5.01,3976600.0
2018-01-30 11:30:09.988000,5.01,5.0,5.01,3976600.0
2018-01-30 11:30:12.714000,5.01,5.0,5.01,3976600.0
2018-01-30 11:30:15.383000,5.01,5.0,5.01,3976600.0
2018-01-30 11:30:18.266000,5.01,5.0,5.01,3976600.0
2018-01-30 11:30:20.895000,5.01,5.0,5.01,3976600.0
2018-01-30 11:30:23.382000,5.01,5.0,5.01,3976600.0
2018-01-30 11:30:25.892000,5.01,5.0,5.01,3976600.0
2018-01-30 11:30:29.057000,5.01,5.0,5.01,3976600.0
2018-01-30 11:30:32.112000,5.01,5.0,5.01,3976600.0
2018-01-30 11:30:34.864000,5.01,5.0,5.01,3976600.0
2018-01-30 11:30:37.488000,5.01,5.0,5.02,4394600.0
2018-01-30 11:30:40.048000,5.01,5.0,5.02,4394600.0
2018-01-30 11:30:42.732000,5.01,5.0,5.01,4394600.0
2018-01-30 11:30:45.360000,5.01,5.0,5.01,4394600.0
2018-01-30 11:30:47.978000,5.01,5.0,5.01,4394600.0
2018-01-30 11:30:50.535000,5.01,5.0,5.01,4394600.0
2018-01-30 11:30:53.229000,5.01,5.0,5.01,4394600.0
2018-01-30 11:30:55.784000,5.01,5.0,5.01,4394600.0
2018-01-30 11:30:58.346000,5.01,5.0,5.01,4394600.0
2018-01-30 11:31:00.996000,5.01,5.0,5.01,4394600.0
2018-01-30 11:31:04.135000,5.01,5.0,5.01,4394600.0
2018-01-30 11:31:06.801000,5.01,5.0,5.01,4394600.0
2018-01-30 11:31:09.480000,5.01,5.0,5.01,4394600.0
2018-01-30 11:31:12.082000,5.01,5.0,5.01,4394600.0
2018-01-30 11:31:14.590000,5.01,5.0,5.01,4394600.0
2018-01-30 11:31:17.288000,5.01,5.0,5.01,4394600.0
2018-01-30 11:31:19.942000,5.01,5.0,5.01,4394600.0
2018-01-30 11:31:22.742000,5.01,5.0,5.01,4394600.0
2018-01-30 11:31:25.427000,5.01,5.0,5.01,4404600.0
2018-01-30 11:31:27.989000,5.01,5.0,5.01,4404600.0
2018-01-30 11:31:30.522000,5.01,5.0,5.01,4404600.0
2018-01-30 11:31:33.160000,5.01,5.0,5.01,4404600.0
2018-01-30 11:31:35.717000,5.01,5.0,5.01,4404600.0
2018-01-30 11:31:38.460000,5.01,5.0,5.01,4404600.0
2018-01-30 11:31:41.012000,5.01,5.0,5.01,4404600.0
2018-01-30 11:31:43.531000,5.01,5.0,5.01,4404600.0
2018-01-30 11:31:46.129000,5.01,5.0,5.01,4404600.0
2018-01-30 11:31:48.719000,5.01,5.0,5.01,4404600.0
2018-01-30 11:31:51.197000,5.01,5.0,5.01,4404600.0
2018-01-30 11:31:53.830000,5.01,5.0,5.01,4404600.0
2018-01-30 11:31:56.547000,5.01,5.0,5.01,4404600.0
2018-01-30 11:31:59.122000,5.01,5.0,5.01,4404600.0
2018-01-30 11:32:01.601000,5.01,5.0,5.01,4404600.0
2018-01-30 11:32:04.139000,5.01,5.0,5.01,4404600.0
2018-01-30 11:32:06.630000,5.01,5.0,5.01,4404600.0
2018-01-30 11:32:09.246000,5.01,5.0,5.01,4404600.0
2018-01-30 11:32:11.833000,5.01,5.0,5.01,4404600.0
2018-01-30 11:32:14.356000,5.01,5.0,5.01,4404600.0
2018-01-30 11:32:16.974000,5.01,5.0,5.01,4404600.0
2018-01-30 11:32:19.802000,5.01,5.0,5.01,4404600.0
2018-01-30 11:32:22.583000,5.01,5.0,5.01,4404600.0
2018-01-30 11:32:25.052000,5.01,5.0,5.01,4404600.0
2018-01-30 11:32:27.664000,5.01,5.0,5.01,4404600.0
2018-01-30 11:32:30.333000,5.01,5.0,5.01,4404600.0
2018-01-30 11:32:33.007000,5.01,5.0,5.01,4404600.0
2018-01-30 11:32:35.665000,5.01,5.0,5.01,4404600.0
2018-01-30 11:32:38.232000,5.01,5.0,5.01,4404600.0
2018-01-30 11:32:40.897000,5.01,5.0,5.01,4404600.0
2018-01-30 11:32:43.489000,5.01,5.0,5.01,4404600.0
2018-01-30 11:32:46.404000,5.01,5.0,5.01,4404600.0
2018-01-30 11:32:48.952000,5.01,5.0,5.01,4404600.0
2018-01-30 11:32:51.392000,5.01,5.0,5.01,4404600.0
2018-01-30 11:32:54.061000,5.01,5.0,5.01,4404600.0
2018-01-30 11:32:56.592000,5.01,5.0,5.01,4404600.0
2018-01-30 11:32:59.170000,5.01,5.0,5.01,4404600.0
2018-01-30 11:33:01.756000,5.01,5.0,5.01,4404600.0
2018-01-30 11:33:04.357000,5.01,5.0,5.01,4404600.0
2018-01-30 11:33:07.006000,5.01,5.0,5.01,4404600.0
2018-01-30 11:33:09.661000,5.01,5.0,5.01,4404600.0
2018-01-30 11:33:12.150000,5.01,5.0,5.01,4404600.0
2018-01-30 11:33:15.093000,5.01,5.0,5.01,4404600.0
2018-01-30 11:33:17.732000,5.01,5.0,5.01,4404600.0
2018-01-30 11:33:20.242000,5.01,5.0,5.01,4404600.0
2018-01-30 11:33:22.881000,5.01,5.0,5.01,4404600.0
2018-01-30 11:33:25.474000,5.01,5.0,5.01,4404600.0
2018-01-30 11:33:28.262000,5.01,5.0,5.01,4404600.0
2018-01-30 11:33:30.982000,5.01,5.0,5.01,4404600.0
2018-01-30 11:33:33.594000,5.01,5.0,5.01,4424600.0
2018-01-30 11:33:35.969000,5.01,5.0,5.01,4424600.0
2018-01-30 11:33:38.499000,5.01,5.0,5.01,4424600.0
2018-01-30 11:33:41.174000,5.01,5.0,5.01,4424600.0
2018-01-30 11:33:44.094000,5.01,5.0,5.01,4424600.0
2018-01-30 11:33:46.709000,5.01,5.0,5.01,4424600.0
2018-01-30 11:33:49.745000,5.01,5.0,5.01,4424600.0
2018-01-30 11:33:52.374000,5.01,5.0,5.01,4424600.0
2018-01-30 11:33:55.042000,5.01,5.0,5.01,4424600.0
2018-01-30 11:33:57.658000,5.01,5.0,5.01,4424600.0
2018-01-30 11:34:00.243000,5.01,5.0,5.01,4424600.0
2018-01-30 11:34:02.921000,5.01,5.0,5.01,4424600.0
2018-01-30 11:34:05.434000,5.01,5.0,5.01,4424600.0
2018-01-30 11:34:08.162000,5.01,5.0,5.01,4424600.0
2018-01-30 11:34:10.736000,5.01,5.0,5.01,4424600.0
2018-01-30 11:34:13.319000,5.01,5.0,5.01,4424600.0
2018-01-30 11:34:15.836000,5.01,5.0,5.01,4424600.0
2018-01-30 11:34:18.365000,5.01,5.0,5.01,4424600.0
2018-01-30 11:34:20.906000,5.01,5.0,5.01,4424600.0
2018-01-30 11:34:23.466000,5.01,5.0,5.01,4424600.0
2018-01-30 11:34:25.991000,5.01,5.0,5.01,4424600.0
2018-01-30 11:34:28.726000,5.01,5.0,5.01,4424600.0
2018-01-30 11:34:31.360000,5.01,5.0,5.01,4424600.0
2018-01-30 11:34:33.812000,5.01,5.0,5.01,4424600.0
2018-01-30 11:34:36.425000,5.01,5.0,5.01,4424600.0
2018-01-30 11:34:39.063000,5.01,5.0,5.01,4424600.0
2018-01-30 11:34:41.661000,5.01,5.0,5.01,4424600.0
2018-01-30 11:34:44.157000,5.01,5.0,5.01,4424600.0
2018-01-30 11:34:46.931000,5.01,5.0,5.01,4424600.0
2018-01-30 11:34:49.470000,5.01,5.0,5.01,4424600.0
2018-01-30 11:34:52.101000,5.01,5.0,5.01,4424600.0
2018-01-30 11:34:54.886000,5.01,5.0,5.01,4424600.0
2018-01-30 11:34:57.872000,5.01,5.0,5.01,4424600.0
2018-01-30 11:35:00.386000,5.01,5.0,5.01,4424600.0
2018-01-30 11:35:03.026000,5.01,5.0,5.01,4424600.0
2018-01-30 11:35:05.477000,5.01,5.0,5.01,4424600.0
2018-01-30 11:35:08.133000,5.01,5.0,5.01,4424600.0
2018-01-30 11:35:10.755000,5.01,5.0,5.01,4424600.0
2018-01-30 11:35:13.407000,5.01,5.0,5.01,4424600.0
2018-01-30 11:35:16.407000,5.01,5.0,5.01,4424600.0
2018-01-30 11:35:19.363000,5.01,5.0,5.01,4424600.0
2018-01-30 11:35:21.856000,5.01,5.0,5.01,4424600.0
2018-01-30 11:35:24.394000,5.01,5.0,5.01,4424600.0
2018-01-30 11:35:26.978000,5.01,5.0,5.01,4424600.0
2018-01-30 11:35:29.426000,5.01,5.0,5.01,4424600.0
2018-01-30 11:35:32.074000,5.01,5.0,5.01,4424600.0
2018-01-30 11:35:34.632000,5.01,5.0,5.01,4424600.0
2018-01-30 11:35:37.396000,5.01,5.0,5.01,4424600.0
2018-01-30 11:35:40.152000,5.01,5.0,5.01,4424600.0
2018-01-30 11:35:43.323000,5.01,5.0,5.01,4424600.0
2018-01-30 11:35:45.819000,5.01,5.0,5.01,4424600.0
2018-01-30 11:35:48.460000,5.01,5.0,5.01,4424600.0
2018-01-30 11:35:51.118000,5.01,5.0,5.01,4424600.0
2018-01-30 11:35:53.690000,5.01,5.0,5.01,4424600.0
2018-01-30 11:35:56.331000,5.01,5.0,5.01,4424600.0
2018-01-30 11:35:58.778000,5.01,5.0,5.01,4424600.0
2018-01-30 11:36:01.517000,5.01,5.0,5.01,4424600.0
2018-01-30 11:36:04.221000,5.01,5.0,5.01,4424600.0
2018-01-30 11:36:06.915000,5.01,5.0,5.01,4424600.0
2018-01-30 11:36:09.488000,5.01,5.0,5.01,4424600.0
2018-01-30 11:36:12.033000,5.01,5.0,5.01,4424600.0
2018-01-30 11:36:14.683000,5.01,5.0,5.01,4424600.0
2018-01-30 11:36:17.343000,5.01,5.0,5.01,4424600.0
2018-01-30 11:36:20.048000,5.01,5.0,5.01,4424600.0
2018-01-30 11:36:22.632000,5.01,5.0,5.01,4424600.0
2018-01-30 11:36:25.045000,5.01,5.0,5.01,4424600.0
2018-01-30 11:36:27.671000,5.01,5.0,5.01,4424600.0
2018-01-30 11:36:30.355000,5.01,5.0,5.01,4424600.0
2018-01-30 11:36:33.145000,5.01,5.0,5.01,4424600.0
2018-01-30 11:36:35.690000,5.01,5.0,5.01,4424600.0
2018-01-30 11:36:38.313000,5.01,5.0,5.01,4424600.0
2018-01-30 11:36:40.786000,5.01,5.0,5.01,4424600.0
2018-01-30 11:36:43.397000,5.01,5.0,5.01,4424600.0
2018-01-30 11:36:45.935000,5.01,5.0,5.01,4424600.0
2018-01-30 11:36:48.514000,5.01,5.0,5.01,4424600.0
2018-01-30 11:36:51.183000,5.01,5.0,5.01,4424600.0
2018-01-30 11:36:54.150000,5.01,5.0,5.01,4424600.0
2018-01-30 11:36:57.038000,5.01,5.0,5.01,4424600.0
2018-01-30 11:37:00.059000,5.01,5.0,5.01,4424600.0
2018-01-30 11:37:02.937000,5.01,5.0,5.01,4424600.0
2018-01-30 11:37:05.869000,5.01,5.0,5.01,4424600.0
2018-01-30 11:37:08.991000,5.01,5.0,5.01,4424600.0
2018-01-30 11:37:11.713000,5.01,5.0,5.01,4424600.0
2018-01-30 11:37:14.856000,5.01,5.0,5.01,4424600.0
2018-01-30 11:37:17.610000,5.01,5.0,5.01,4424600.0
2018-01-30 11:37:20.486000,5.01,5.0,5.01,4424600.0
2018-01-30 11:37:23.351000,5.01,5.0,5.01,4424600.0
2018-01-30 11:37:26.231000,5.01,5.0,5.01,4424600.0
2018-01-30 11:37:29.056000,5.01,5.0,5.01,4424600.0
2018-01-30 11:37:31.751000,5.01,5.0,5.01,4424600.0
2018-01-30 11:37:34.473000,5.01,5.0,5.01,4424600.0
2018-01-30 11:37:37.183000,5.01,5.0,5.01,4424600.0
2018-01-30 11:37:40.202000,5.01,5.0,5.01,4424600.0
2018-01-30 11:37:43.177000,5.01,5.0,5.01,4424600.0
2018-01-30 11:37:45.975000,5.01,5.0,5.01,4424600.0
2018-01-30 11:37:48.759000,5.01,5.0,5.01,4424600.0
2018-01-30 11:37:52.140000,5.01,5.0,5.01,4424600.0
2018-01-30 11:37:55.029000,5.01,5.0,5.01,4424600.0
2018-01-30 11:37:58.038000,5.01,5.0,5.01,4424600.0
2018-01-30 11:38:00.770000,5.01,5.0,5.01,4424600.0
2018-01-30 11:38:03.480000,5.01,5.0,5.01,4424600.0
2018-01-30 11:38:06.415000,5.01,5.0,5.01,4424600.0
2018-01-30 11:38:09.571000,5.01,5.0,5.01,4424600.0
2018-01-30 11:38:12.159000,5.01,5.0,5.01,4424600.0
2018-01-30 11:38:14.747000,5.01,5.0,5.01,4424600.0
2018-01-30 11:38:17.558000,5.01,5.0,5.01,4424600.0
2018-01-30 11:38:20.636000,5.01,5.0,5.01,4424600.0
2018-01-30 11:38:23.469000,5.01,5.0,5.01,4424600.0
2018-01-30 11:38:26.404000,5.01,5.0,5.01,4424600.0
2018-01-30 11:38:29.174000,5.01,5.0,5.01,4424600.0
2018-01-30 11:38:32.129000,5.01,5.0,5.01,4424600.0
2018-01-30 11:38:34.874000,5.01,5.0,5.01,4424600.0
2018-01-30 11:38:37.513000,5.01,5.0,5.01,4424600.0
2018-01-30 11:38:40.187000,5.01,5.0,5.01,4424600.0
2018-01-30 11:38:42.883000,5.01,5.0,5.01,4539600.0
2018-01-30 11:38:45.915000,5.01,5.0,5.01,4539600.0
2018-01-30 11:38:48.961000,5.01,5.0,5.01,4539600.0
2018-01-30 11:38:51.872000,5.01,5.0,5.01,4539600.0
2018-01-30 11:38:54.764000,5.01,5.0,5.01,4539600.0
2018-01-30 11:38:57.574000,5.01,5.0,5.01,4539600.0
2018-01-30 11:39:00.440000,5.01,5.0,5.01,4539600.0
2018-01-30 11:39:03.333000,5.01,5.0,5.01,4539600.0
2018-01-30 11:39:06.098000,5.01,5.0,5.01,4539600.0
2018-01-30 11:39:08.833000,5.01,5.0,5.01,4539600.0
2018-01-30 11:39:11.965000,5.01,5.0,5.01,4539600.0
2018-01-30 11:39:14.827000,5.01,5.0,5.01,4539600.0
2018-01-30 11:39:17.732000,5.01,5.0,5.01,4539600.0
2018-01-30 11:39:20.560000,5.01,5.0,5.01,4539600.0
2018-01-30 11:39:23.342000,5.01,5.0,5.01,4539600.0
2018-01-30 11:39:26.227000,5.01,5.0,5.01,4539600.0
2018-01-30 11:39:29.178000,5.01,5.0,5.01,4539600.0
2018-01-30 11:39:32.019000,5.01,5.0,5.01,4539600.0
2018-01-30 11:39:34.936000,5.01,5.0,5.01,4539600.0
2018-01-30 11:39:37.811000,5.01,5.0,5.01,4539600.0
2018-01-30 11:39:40.766000,5.01,5.0,5.01,4539600.0
2018-01-30 11:39:43.644000,5.01,5.0,5.01,4539600.0
2018-01-30 11:39:46.638000,5.01,5.0,5.01,4539600.0
2018-01-30 11:39:49.573000,5.01,5.0,5.01,4569600.0
2018-01-30 11:39:52.318000,5.01,5.0,5.01,4569600.0
2018-01-30 11:39:55.420000,5.01,5.0,5.01,4569600.0
2018-01-30 11:39:58.323000,5.01,5.0,5.01,4569600.0
2018-01-30 11:40:01.164000,5.01,5.0,5.01,4569600.0
2018-01-30 11:40:04.026000,5.01,5.0,5.01,4569600.0
2018-01-30 11:40:06.885000,5.01,5.0,5.01,4569600.0
2018-01-30 11:40:09.734000,5.01,5.0,5.01,4569600.0
2018-01-30 11:40:12.803000,5.01,5.0,5.01,4569600.0
2018-01-30 11:40:15.639000,5.01,5.0,5.01,4569600.0
2018-01-30 11:40:18.577000,5.01,5.0,5.01,4569600.0
2018-01-30 11:40:21.410000,5.01,5.0,5.01,4569600.0
2018-01-30 11:40:24.337000,5.01,5.0,5.01,4569600.0
2018-01-30 11:40:27.193000,5.01,5.0,5.01,4569600.0
2018-01-30 11:40:30.046000,5.01,5.0,5.01,4569600.0
2018-01-30 11:40:33.063000,5.01,5.0,5.01,4589600.0
2018-01-30 11:40:35.820000,5.01,5.0,5.01,4589600.0
2018-01-30 11:40:38.882000,5.01,5.0,5.01,4589600.0
2018-01-30 11:40:41.761000,5.01,5.0,5.01,4589600.0
2018-01-30 11:40:44.682000,5.01,5.0,5.01,4589600.0
2018-01-30 11:40:48.888000,5.01,5.0,5.01,4589600.0
2018-01-30 11:40:51.728000,5.01,5.0,5.01,4589600.0
2018-01-30 11:40:54.952000,5.01,5.0,5.01,4589600.0
2018-01-30 11:40:57.812000,5.01,5.0,5.01,4589600.0
2018-01-30 11:41:00.634000,5.01,5.0,5.01,4589600.0
2018-01-30 11:41:03.435000,5.01,5.0,5.01,4589600.0
2018-01-30 11:41:06.224000,5.01,5.0,5.01,4589600.0
2018-01-30 11:41:08.866000,5.01,5.0,5.02,4589600.0
2018-01-30 11:41:11.652000,5.01,5.0,5.02,4589600.0
2018-01-30 11:41:14.450000,5.01,5.0,5.02,4589600.0
2018-01-30 11:41:17.295000,5.01,5.0,5.02,4589600.0
2018-01-30 11:41:20.112000,5.01,5.0,5.02,4589600.0
2018-01-30 11:41:22.892000,5.01,5.01,5.02,4599600.0
2018-01-30 11:41:25.955000,5.01,5.01,5.02,4599600.0
2018-01-30 11:41:28.703000,5.01,5.01,5.02,4599600.0
2018-01-30 11:41:31.516000,5.01,5.01,5.02,4599600.0
2018-01-30 11:41:34.406000,5.01,5.01,5.02,4599600.0
2018-01-30 11:41:37.067000,5.01,5.01,5.02,4599600.0
2018-01-30 11:41:39.877000,5.01,5.01,5.02,4599600.0
2018-01-30 11:41:42.710000,5.01,5.01,5.02,4599600.0
2018-01-30 11:41:45.423000,5.01,5.01,5.02,4599600.0
2018-01-30 11:41:48.446000,5.01,5.01,5.02,4599600.0
2018-01-30 11:41:51.365000,5.01,5.01,5.02,4599600.0
2018-01-30 11:41:54.250000,5.01,5.01,5.02,4599600.0
2018-01-30 11:41:57.026000,5.01,5.01,5.02,4599600.0
2018-01-30 11:42:00.122000,5.01,5.01,5.02,4599600.0
2018-01-30 11:42:03.245000,5.01,5.01,5.02,4599600.0
2018-01-30 11:42:06.134000,5.01,5.01,5.02,4599600.0
2018-01-30 11:42:08.906000,5.01,5.01,5.02,4599600.0
2018-01-30 11:42:11.662000,5.01,5.01,5.02,4599600.0
2018-01-30 11:42:14.513000,5.01,5.01,5.02,4599600.0
2018-01-30 11:42:17.378000,5.01,5.0,5.02,4599600.0
2018-01-30 11:42:20.332000,5.01,5.0,5.02,4599600.0
2018-01-30 11:42:23.461000,5.01,5.0,5.02,4599600.0
2018-01-30 11:42:26.314000,5.01,5.0,5.02,4599600.0
2018-01-30 11:42:29.113000,5.01,5.0,5.02,4599600.0
2018-01-30 11:42:31.910000,5.01,5.0,5.02,4599600.0
2018-01-30 11:42:34.850000,5.01,5.0,5.02,4599600.0
2018-01-30 11:42:37.853000,5.01,5.0,5.02,4599600.0
2018-01-30 11:42:40.866000,5.01,5.0,5.02,4599600.0
2018-01-30 11:42:43.689000,5.01,5.0,5.02,4599600.0
2018-01-30 11:42:46.745000,5.01,5.0,5.02,4599600.0
2018-01-30 11:42:49.827000,5.01,5.0,5.02,4599600.0
2018-01-30 11:42:52.734000,5.01,5.0,5.02,4599600.0
2018-01-30 11:42:55.897000,5.01,5.0,5.02,4599600.0
2018-01-30 11:42:58.710000,5.01,5.0,5.02,4599600.0
2018-01-30 11:43:01.585000,5.01,5.0,5.02,4599600.0
2018-01-30 11:43:04.573000,5.01,5.0,5.02,4599600.0
2018-01-30 11:43:07.446000,5.01,5.0,5.02,4599600.0
2018-01-30 11:43:10.435000,5.01,5.0,5.02,4599600.0
2018-01-30 11:43:14.010000,5.01,5.0,5.02,4599600.0
2018-01-30 11:43:16.729000,5.01,5.0,5.02,4599600.0
2018-01-30 11:43:19.508000,5.01,5.0,5.02,4599600.0
2018-01-30 11:43:22.259000,5.01,5.0,5.02,4599600.0
2018-01-30 11:43:25.108000,5.01,5.0,5.02,4599600.0
2018-01-30 11:43:27.878000,5.01,5.0,5.02,4599600.0
2018-01-30 11:43:30.941000,5.01,5.0,5.02,4599600.0
2018-01-30 11:43:33.869000,5.01,5.0,5.02,4599600.0
2018-01-30 11:43:36.697000,5.01,5.0,5.02,4599600.0
2018-01-30 11:43:39.681000,5.01,5.0,5.02,4599600.0
2018-01-30 11:43:42.659000,5.01,5.0,5.02,4599600.0
2018-01-30 11:43:45.469000,5.01,5.0,5.02,4599600.0
2018-01-30 11:43:48.335000,5.02,5.01,5.02,4609600.0
2018-01-30 11:43:51.206000,5.02,5.01,5.02,4609600.0
2018-01-30 11:43:53.875000,5.02,5.01,5.02,4609600.0
2018-01-30 11:43:56.665000,5.02,5.01,5.02,4609600.0
2018-01-30 11:43:59.718000,5.02,5.01,5.02,4609600.0
2018-01-30 11:44:02.586000,5.02,5.01,5.02,4609600.0
2018-01-30 11:44:05.420000,5.02,5.01,5.02,4609600.0
2018-01-30 11:44:08.283000,5.02,5.01,5.02,4609600.0
2018-01-30 11:44:11.110000,5.02,5.01,5.02,4609600.0
2018-01-30 11:44:13.888000,5.02,5.01,5.02,4609600.0
2018-01-30 11:44:16.666000,5.02,5.01,5.02,4609600.0
2018-01-30 11:44:19.608000,5.02,5.01,5.02,4609600.0
2018-01-30 11:44:22.330000,5.02,5.01,5.02,4609600.0
2018-01-30 11:44:25.186000,5.02,5.01,5.02,4609600.0
2018-01-30 11:44:27.953000,5.02,5.01,5.02,4609600.0
2018-01-30 11:44:30.687000,5.02,5.01,5.02,4609600.0
2018-01-30 11:44:33.487000,5.02,5.01,5.02,4609600.0
2018-01-30 11:44:36.548000,5.02,5.01,5.02,4609600.0
2018-01-30 11:44:39.513000,5.02,5.01,5.02,4609600.0
2018-01-30 11:44:42.407000,5.02,5.01,5.02,4609600.0
2018-01-30 11:44:45.249000,5.02,5.01,5.02,4609600.0
2018-01-30 11:44:48.033000,5.02,5.01,5.02,4609600.0
2018-01-30 11:44:50.781000,5.02,5.01,5.02,4609600.0
2018-01-30 11:44:53.477000,5.02,5.01,5.02,4609600.0
2018-01-30 11:44:56.253000,5.02,5.01,5.02,4609600.0
2018-01-30 11:44:59.070000,5.02,5.01,5.02,4609600.0
2018-01-30 11:45:01.960000,5.02,5.01,5.02,4609600.0
2018-01-30 11:45:04.804000,5.02,5.01,5.02,4609600.0
2018-01-30 11:45:07.519000,5.02,5.01,5.02,4609600.0
2018-01-30 11:45:10.250000,5.02,5.01,5.02,4609600.0
2018-01-30 11:45:13.031000,5.02,5.01,5.02,4609600.0
2018-01-30 11:45:15.975000,5.02,5.01,5.02,4609600.0
2018-01-30 11:45:18.862000,5.02,5.01,5.02,4609600.0
2018-01-30 11:45:21.805000,5.02,5.01,5.02,4609600.0
2018-01-30 11:45:24.716000,5.02,5.01,5.02,4609600.0
2018-01-30 11:45:27.523000,5.02,5.01,5.02,4609600.0
2018-01-30 11:45:30.314000,5.02,5.01,5.02,4609600.0
2018-01-30 11:45:33.259000,5.02,5.01,5.02,4609600.0
2018-01-30 11:45:36.283000,5.02,5.01,5.02,4609600.0
2018-01-30 11:45:39.023000,5.02,5.01,5.02,4609600.0
2018-01-30 11:45:42.107000,5.02,5.01,5.02,4609600.0
2018-01-30 11:45:44.939000,5.02,5.01,5.02,4609600.0
2018-01-30 11:45:47.745000,5.02,5.01,5.02,4609600.0
2018-01-30 11:45:50.892000,5.02,5.01,5.02,4689600.0
2018-01-30 11:45:53.645000,5.02,5.01,5.02,4689600.0
2018-01-30 11:45:56.673000,5.02,5.01,5.02,4689600.0
2018-01-30 11:45:59.646000,5.02,5.01,5.02,4689600.0
2018-01-30 11:46:02.426000,5.02,5.01,5.02,4689600.0
2018-01-30 11:46:06.714000,5.02,5.01,5.02,4689600.0
2018-01-30 11:46:09.811000,5.02,5.01,5.02,4689600.0
2018-01-30 11:46:12.705000,5.02,5.01,5.02,4689600.0
2018-01-30 11:46:15.799000,5.02,5.01,5.02,4689600.0
2018-01-30 11:46:18.605000,5.02,5.01,5.02,4689600.0
2018-01-30 11:46:21.563000,5.02,5.01,5.02,4689600.0
2018-01-30 11:46:24.420000,5.02,5.01,5.02,4689600.0
2018-01-30 11:46:27.533000,5.02,5.01,5.02,4689600.0
2018-01-30 11:46:30.407000,5.02,5.01,5.02,4689600.0
2018-01-30 11:46:33.505000,5.02,5.01,5.02,4689600.0
2018-01-30 11:46:36.255000,5.02,5.01,5.02,4689600.0
2018-01-30 11:46:39.115000,5.02,5.01,5.02,4689600.0
2018-01-30 11:46:41.942000,5.02,5.01,5.02,4689600.0
2018-01-30 11:46:44.935000,5.02,5.01,5.02,4689600.0
2018-01-30 11:46:48.018000,5.02,5.01,5.02,4689600.0
2018-01-30 11:46:50.972000,5.02,5.01,5.02,4689600.0
2018-01-30 11:46:53.999000,5.02,5.01,5.02,4879600.0
2018-01-30 11:46:57.077000,5.02,5.01,5.02,4879600.0
2018-01-30 11:47:00.096000,5.02,5.01,5.02,4879600.0
2018-01-30 11:47:03.078000,5.02,5.01,5.02,4879600.0
2018-01-30 11:47:06.164000,5.02,5.01,5.02,4879600.0
2018-01-30 11:47:09.363000,5.02,5.01,5.02,4879600.0
2018-01-30 11:47:12.148000,5.02,5.01,5.02,4879600.0
2018-01-30 11:47:14.897000,5.02,5.01,5.02,4879600.0
2018-01-30 11:47:18.009000,5.02,5.01,5.02,4879600.0
2018-01-30 11:47:21.084000,5.02,5.01,5.02,4879600.0
2018-01-30 11:47:23.868000,5.02,5.01,5.02,4879600.0
2018-01-30 11:47:26.950000,5.02,5.01,5.02,4879600.0
2018-01-30 11:47:30.016000,5.02,5.01,5.02,4879600.0
2018-01-30 11:47:32.963000,5.02,5.01,5.02,4879600.0
2018-01-30 11:47:36.021000,5.02,5.01,5.02,4879600.0
2018-01-30 11:47:39.018000,5.02,5.01,5.02,4879600.0
2018-01-30 11:47:42.137000,5.02,5.01,5.02,4879600.0
2018-01-30 11:47:45.168000,5.02,5.01,5.02,4879600.0
2018-01-30 11:47:48.204000,5.02,5.01,5.03,5085600.0
2018-01-30 11:47:51.101000,5.02,5.01,5.03,5085600.0
2018-01-30 11:47:53.965000,5.02,5.01,5.03,5085600.0
2018-01-30 11:47:57.006000,5.02,5.01,5.03,5085600.0
2018-01-30 11:48:00.035000,5.02,5.01,5.03,5085600.0
2018-01-30 11:48:03.304000,5.02,5.01,5.03,5085600.0
2018-01-30 11:48:06.146000,5.02,5.01,5.03,5102400.0
2018-01-30 11:48:09.188000,5.02,5.01,5.03,5102400.0
2018-01-30 11:48:12.520000,5.02,5.01,5.03,5102400.0
2018-01-30 11:48:15.505000,5.02,5.01,5.03,5102400.0
2018-01-30 11:48:18.439000,5.02,5.01,5.03,5102400.0
2018-01-30 11:48:21.411000,5.02,5.01,5.03,5102400.0
2018-01-30 11:48:24.460000,5.02,5.01,5.03,5102400.0
2018-01-30 11:48:27.451000,5.02,5.01,5.03,5102400.0
2018-01-30 11:48:30.286000,5.02,5.01,5.03,5102400.0
2018-01-30 11:48:33.478000,5.02,5.02,5.03,5133400.0
2018-01-30 11:48:36.396000,5.02,5.02,5.03,5133400.0
2018-01-30 11:48:39.368000,5.02,5.02,5.03,5133400.0
2018-01-30 11:48:42.290000,5.02,5.02,5.03,5133400.0
2018-01-30 11:48:45.256000,5.02,5.02,5.03,5133400.0
2018-01-30 11:48:48.265000,5.02,5.02,5.03,5133400.0
2018-01-30 11:48:51.255000,5.02,5.02,5.03,5133400.0
2018-01-30 11:48:54.431000,5.02,5.02,5.03,5133400.0
2018-01-30 11:48:57.345000,5.02,5.02,5.03,5133400.0
2018-01-30 11:49:00.255000,5.02,5.02,5.03,5133400.0
2018-01-30 11:49:03.331000,5.02,5.02,5.03,5133400.0
2018-01-30 11:49:06.163000,5.02,5.02,5.03,5133400.0
2018-01-30 11:49:08.974000,5.02,5.02,5.03,5133400.0
2018-01-30 11:49:11.876000,5.02,5.02,5.03,5133400.0
2018-01-30 11:49:14.974000,5.02,5.02,5.03,5133400.0
2018-01-30 11:49:17.987000,5.02,5.02,5.03,5133400.0
2018-01-30 11:49:20.931000,5.02,5.02,5.03,5133400.0
2018-01-30 11:49:24.017000,5.02,5.02,5.03,5133400.0
2018-01-30 11:49:26.951000,5.02,5.02,5.03,5133400.0
2018-01-30 11:49:29.750000,5.02,5.02,5.03,5133400.0
2018-01-30 11:49:32.949000,5.02,5.02,5.03,5133400.0
2018-01-30 11:49:35.912000,5.02,5.02,5.03,5133400.0
2018-01-30 11:49:38.793000,5.02,5.02,5.03,5133400.0
2018-01-30 11:49:41.668000,5.02,5.02,5.03,5133400.0
2018-01-30 11:49:44.634000,5.02,5.02,5.03,5133400.0
2018-01-30 11:49:47.541000,5.02,5.02,5.03,5133400.0
2018-01-30 11:49:50.428000,5.02,5.02,5.03,5133400.0
2018-01-30 11:49:53.525000,5.02,5.02,5.03,5133400.0
2018-01-30 11:49:56.513000,5.02,5.02,5.03,5133400.0
2018-01-30 11:49:59.279000,5.02,5.02,5.03,5158400.0
2018-01-30 11:50:02.277000,5.02,5.02,5.03,5158400.0
2018-01-30 11:50:05.320000,5.02,5.02,5.03,5158400.0
2018-01-30 11:50:08.160000,5.02,5.02,5.03,5158400.0
2018-01-30 11:50:11.033000,5.02,5.02,5.03,5158400.0
2018-01-30 11:50:14.139000,5.02,5.02,5.03,5158400.0
2018-01-30 11:50:17.096000,5.02,5.02,5.03,5158400.0
2018-01-30 11:50:20.062000,5.02,5.01,5.03,5319700.0
2018-01-30 11:50:22.906000,5.02,5.01,5.03,5319700.0
2018-01-30 11:50:25.784000,5.02,5.01,5.03,5319700.0
2018-01-30 11:50:28.684000,5.02,5.01,5.03,5319700.0
2018-01-30 11:50:31.862000,5.02,5.01,5.03,5319700.0
2018-01-30 11:50:34.896000,5.02,5.01,5.03,5319700.0
2018-01-30 11:50:37.778000,5.02,5.01,5.03,5319700.0
2018-01-30 11:50:40.750000,5.02,5.01,5.03,5319700.0
2018-01-30 11:50:43.673000,5.02,5.01,5.03,5319700.0
2018-01-30 11:50:46.591000,5.02,5.01,5.03,5319700.0
2018-01-30 11:50:49.441000,5.02,5.01,5.03,5319700.0
2018-01-30 11:50:52.449000,5.02,5.01,5.03,5319700.0
2018-01-30 11:50:55.478000,5.02,5.01,5.03,5319700.0
2018-01-30 11:50:58.374000,5.02,5.01,5.03,5319700.0
2018-01-30 11:51:01.416000,5.02,5.01,5.03,5319700.0
2018-01-30 11:51:04.358000,5.02,5.01,5.03,5319700.0
2018-01-30 11:51:07.355000,5.02,5.01,5.03,5319700.0
2018-01-30 11:51:10.555000,5.02,5.01,5.03,5319700.0
2018-01-30 11:51:13.566000,5.02,5.01,5.03,5319700.0
2018-01-30 11:51:16.862000,5.02,5.01,5.03,5319700.0
2018-01-30 11:51:19.967000,5.02,5.01,5.03,5319700.0
2018-01-30 11:51:22.776000,5.02,5.01,5.03,5319700.0
2018-01-30 11:51:25.740000,5.02,5.01,5.03,5319700.0
2018-01-30 11:51:28.608000,5.02,5.01,5.03,5319700.0
2018-01-30 11:51:31.772000,5.02,5.01,5.03,5319700.0
2018-01-30 11:51:34.676000,5.02,5.01,5.03,5319700.0
2018-01-30 11:51:37.773000,5.02,5.01,5.03,5319700.0
2018-01-30 11:51:40.771000,5.02,5.01,5.03,5319700.0
2018-01-30 11:51:43.843000,5.02,5.01,5.03,5319700.0
2018-01-30 11:51:46.706000,5.02,5.01,5.03,5319700.0
2018-01-30 11:51:49.810000,5.02,5.01,5.03,5319700.0
2018-01-30 11:51:52.748000,5.02,5.01,5.03,5319700.0
2018-01-30 11:51:55.937000,5.02,5.01,5.03,5319700.0
2018-01-30 11:51:58.867000,5.02,5.01,5.03,5319700.0
2018-01-30 11:52:01.856000,5.02,5.01,5.03,5319700.0
2018-01-30 11:52:04.884000,5.02,5.01,5.03,5319700.0
2018-01-30 11:52:07.609000,5.02,5.01,5.03,5319700.0
2018-01-30 11:52:10.567000,5.02,5.01,5.03,5319700.0
2018-01-30 11:52:13.574000,5.02,5.01,5.03,5319700.0
2018-01-30 11:52:16.559000,5.02,5.01,5.03,5319700.0
2018-01-30 11:52:19.541000,5.02,5.01,5.03,5319700.0
2018-01-30 11:52:22.499000,5.02,5.01,5.03,5319700.0
2018-01-30 11:52:25.525000,5.02,5.01,5.03,5319700.0
2018-01-30 11:52:28.464000,5.02,5.01,5.03,5319700.0
2018-01-30 11:52:31.297000,5.02,5.01,5.03,5319700.0
2018-01-30 11:52:34.124000,5.02,5.01,5.03,5319700.0
2018-01-30 11:52:36.969000,5.02,5.01,5.03,5319700.0
2018-01-30 11:52:39.821000,5.02,5.01,5.03,5319700.0
2018-01-30 11:52:42.868000,5.02,5.01,5.03,5319700.0
2018-01-30 11:52:45.779000,5.02,5.01,5.03,5319700.0
2018-01-30 11:52:48.777000,5.02,5.01,5.03,5319700.0
2018-01-30 11:52:51.780000,5.02,5.01,5.03,5319700.0
2018-01-30 11:52:54.520000,5.02,5.01,5.03,5319700.0
2018-01-30 11:52:57.515000,5.02,5.01,5.03,5319700.0
2018-01-30 11:53:00.700000,5.02,5.01,5.03,5319700.0
2018-01-30 11:53:03.508000,5.02,5.01,5.03,5319700.0
2018-01-30 11:53:06.449000,5.02,5.01,5.02,5389700.0
2018-01-30 11:53:09.384000,5.02,5.01,5.02,5389700.0
2018-01-30 11:53:12.315000,5.02,5.01,5.02,5389700.0
2018-01-30 11:53:15.293000,5.02,5.01,5.02,5389700.0
2018-01-30 11:53:18.286000,5.02,5.01,5.02,5389700.0
2018-01-30 11:53:21.312000,5.02,5.01,5.02,5389700.0
2018-01-30 11:53:24.347000,5.02,5.01,5.02,5389700.0
2018-01-30 11:53:27.328000,5.02,5.01,5.02,5389700.0
2018-01-30 11:53:30.238000,5.02,5.01,5.02,5389700.0
2018-01-30 11:53:33.207000,5.02,5.01,5.02,5389700.0
2018-01-30 11:53:36.047000,5.02,5.01,5.02,5389700.0
2018-01-30 11:53:38.867000,5.02,5.01,5.02,5389700.0
2018-01-30 11:53:41.786000,5.02,5.01,5.02,5389700.0
2018-01-30 11:53:45.009000,5.02,5.01,5.02,5389700.0
2018-01-30 11:53:47.925000,5.02,5.01,5.02,5389700.0
2018-01-30 11:53:50.955000,5.02,5.01,5.02,5389700.0
2018-01-30 11:53:53.968000,5.02,5.01,5.03,5450700.0
2018-01-30 11:53:56.829000,5.02,5.01,5.03,5450700.0
2018-01-30 11:54:00.016000,5.02,5.01,5.03,5450700.0
2018-01-30 11:54:02.924000,5.02,5.01,5.03,5450700.0
2018-01-30 11:54:06.078000,5.02,5.01,5.03,5450700.0
2018-01-30 11:54:09.022000,5.02,5.01,5.03,5450700.0
2018-01-30 11:54:12.002000,5.02,5.01,5.03,5450700.0
2018-01-30 11:54:15.014000,5.02,5.01,5.03,5450700.0
2018-01-30 11:54:17.811000,5.02,5.01,5.03,5450700.0
2018-01-30 11:54:21.359000,5.02,5.01,5.03,5450700.0
2018-01-30 11:54:24.403000,5.02,5.01,5.03,5450700.0
2018-01-30 11:54:27.439000,5.02,5.01,5.03,5450700.0
2018-01-30 11:54:30.313000,5.02,5.01,5.03,5450700.0
2018-01-30 11:54:33.429000,5.02,5.01,5.03,5450700.0
2018-01-30 11:54:36.499000,5.02,5.01,5.03,5450700.0
2018-01-30 11:54:39.417000,5.02,5.01,5.03,5450700.0
2018-01-30 11:54:42.393000,5.02,5.01,5.03,5450700.0
2018-01-30 11:54:45.621000,5.02,5.01,5.03,5450700.0
2018-01-30 11:54:48.627000,5.02,5.01,5.03,5450700.0
2018-01-30 11:54:51.719000,5.02,5.01,5.03,5450700.0
2018-01-30 11:54:54.726000,5.02,5.01,5.03,5450700.0
2018-01-30 11:54:57.589000,5.02,5.01,5.03,5450700.0
2018-01-30 11:55:00.588000,5.02,5.01,5.03,5450700.0
2018-01-30 11:55:03.642000,5.02,5.01,5.03,5450700.0
2018-01-30 11:55:06.358000,5.02,5.01,5.03,5450700.0
2018-01-30 11:55:09.819000,5.02,5.01,5.03,5450700.0
2018-01-30 11:55:13.237000,5.02,5.01,5.03,5450700.0
2018-01-30 11:55:16.203000,5.02,5.01,5.03,5450700.0
2018-01-30 11:55:19.376000,5.02,5.01,5.03,5450700.0
2018-01-30 11:55:22.456000,5.02,5.01,5.03,5450700.0
2018-01-30 11:55:25.429000,5.02,5.01,5.03,5450700.0
2018-01-30 11:55:28.397000,5.02,5.01,5.03,5450700.0
2018-01-30 11:55:31.515000,5.02,5.01,5.03,5450700.0
2018-01-30 11:55:34.473000,5.02,5.01,5.03,5450700.0
2018-01-30 11:55:37.542000,5.02,5.01,5.03,5450700.0
2018-01-30 11:55:40.364000,5.02,5.01,5.03,5450700.0
2018-01-30 11:55:43.534000,5.02,5.01,5.03,5450700.0
2018-01-30 11:55:46.469000,5.02,5.01,5.03,5450700.0
2018-01-30 11:55:49.474000,5.02,5.01,5.03,5450700.0
2018-01-30 11:55:52.501000,5.02,5.01,5.03,5450700.0
2018-01-30 11:55:55.668000,5.02,5.01,5.03,5450700.0
2018-01-30 11:55:58.513000,5.02,5.01,5.03,5450700.0
2018-01-30 11:56:01.501000,5.02,5.01,5.03,5450700.0
2018-01-30 11:56:04.439000,5.02,5.01,5.03,5450700.0
2018-01-30 11:56:07.427000,5.02,5.01,5.03,5450700.0
2018-01-30 11:56:10.413000,5.02,5.01,5.03,5450700.0
2018-01-30 11:56:13.428000,5.02,5.01,5.03,5450700.0
2018-01-30 11:56:16.331000,5.02,5.01,5.03,5450700.0
2018-01-30 11:56:19.337000,5.02,5.01,5.03,5450700.0
2018-01-30 11:56:22.569000,5.02,5.01,5.03,5450700.0
2018-01-30 11:56:25.456000,5.02,5.01,5.03,5450700.0
2018-01-30 11:56:28.356000,5.02,5.01,5.03,5450700.0
2018-01-30 11:56:32.266000,5.02,5.01,5.03,5450700.0
2018-01-30 11:56:36.159000,5.02,5.01,5.03,5450700.0
2018-01-30 11:56:39.397000,5.02,5.01,5.03,5450700.0
2018-01-30 11:56:42.630000,5.02,5.01,5.03,5450700.0
2018-01-30 11:56:45.803000,5.02,5.01,5.03,5450700.0
2018-01-30 11:56:48.935000,5.02,5.01,5.03,5450700.0
2018-01-30 11:56:52.639000,5.02,5.01,5.03,5450700.0
2018-01-30 11:56:55.864000,5.02,5.01,5.03,5450700.0
2018-01-30 11:56:59.088000,5.02,5.01,5.03,5450700.0
2018-01-30 11:57:02.320000,5.02,5.01,5.03,5450700.0
2018-01-30 11:57:05.416000,5.02,5.01,5.03,5450700.0
2018-01-30 11:57:08.439000,5.02,5.01,5.03,5450700.0
2018-01-30 11:57:11.221000,5.02,5.01,5.03,5450700.0
2018-01-30 11:57:14.031000,5.02,5.01,5.03,5450700.0
2018-01-30 11:57:17.129000,5.02,5.01,5.03,5450700.0
2018-01-30 11:57:20.135000,5.02,5.01,5.03,5450700.0
2018-01-30 11:57:23.164000,5.02,5.01,5.03,5450700.0
2018-01-30 11:57:26.285000,5.02,5.01,5.03,5450700.0
2018-01-30 11:57:29.215000,5.02,5.01,5.03,5450700.0
2018-01-30 11:57:32.165000,5.02,5.01,5.03,5450700.0
2018-01-30 11:57:34.992000,5.02,5.01,5.03,5450700.0
2018-01-30 11:57:37.974000,5.02,5.01,5.03,5450700.0
2018-01-30 11:57:41.039000,5.02,5.01,5.03,5450700.0
2018-01-30 11:57:43.983000,5.02,5.01,5.03,5450700.0
2018-01-30 11:57:47.108000,5.02,5.01,5.03,5450700.0
2018-01-30 11:57:50.036000,5.02,5.01,5.03,5450700.0
2018-01-30 11:57:53.181000,5.02,5.01,5.02,5565700.0
2018-01-30 11:57:56.221000,5.02,5.01,5.02,5565700.0
2018-01-30 11:57:59.405000,5.02,5.01,5.02,5565700.0
2018-01-30 11:58:02.575000,5.02,5.01,5.02,5565700.0
2018-01-30 11:58:05.602000,5.02,5.01,5.02,5565700.0
2018-01-30 11:58:08.922000,5.02,5.01,5.02,5565700.0
2018-01-30 11:58:11.833000,5.02,5.01,5.02,5565700.0
2018-01-30 11:58:14.681000,5.02,5.01,5.02,5565700.0
2018-01-30 11:58:17.479000,5.02,5.01,5.02,5565700.0
2018-01-30 11:58:20.354000,5.02,5.01,5.02,5565700.0
2018-01-30 11:58:23.276000,5.02,5.01,5.02,5565700.0
2018-01-30 11:58:26.301000,5.02,5.01,5.02,5565700.0
2018-01-30 11:58:29.212000,5.02,5.01,5.02,5565700.0
2018-01-30 11:58:32.140000,5.02,5.01,5.02,5565700.0
2018-01-30 11:58:34.979000,5.02,5.01,5.02,5565700.0
2018-01-30 11:58:37.999000,5.02,5.01,5.02,5565700.0
2018-01-30 11:58:41.163000,5.02,5.01,5.02,5565700.0
2018-01-30 11:58:44.072000,5.02,5.01,5.02,5565700.0
2018-01-30 11:58:47.077000,5.02,5.01,5.02,5565700.0
2018-01-30 11:58:50.049000,5.02,5.01,5.02,5565700.0
2018-01-30 11:58:53.343000,5.02,5.01,5.02,5565700.0
2018-01-30 11:58:56.348000,5.02,5.01,5.02,5565700.0
2018-01-30 11:58:59.284000,5.02,5.01,5.02,5565700.0
2018-01-30 11:59:02.219000,5.02,5.01,5.02,5565700.0
2018-01-30 11:59:05.112000,5.02,5.01,5.02,5565700.0
2018-01-30 11:59:08.030000,5.02,5.01,5.02,5565700.0
2018-01-30 11:59:10.977000,5.02,5.01,5.02,5565700.0
2018-01-30 11:59:13.958000,5.02,5.01,5.02,5565700.0
2018-01-30 11:59:16.874000,5.02,5.01,5.02,5565700.0
2018-01-30 11:59:19.812000,5.02,5.01,5.02,5565700.0
2018-01-30 11:59:22.687000,5.02,5.01,5.02,5565700.0
2018-01-30 11:59:25.603000,5.02,5.01,5.02,5565700.0
2018-01-30 11:59:28.565000,5.02,5.01,5.02,5565700.0
2018-01-30 11:59:31.569000,5.02,5.01,5.02,5565700.0
2018-01-30 11:59:34.780000,5.02,5.01,5.02,5565700.0
2018-01-30 11:59:37.837000,5.02,5.01,5.02,5565700.0
2018-01-30 11:59:40.691000,5.02,5.01,5.02,5618700.0
2018-01-30 11:59:43.808000,5.02,5.01,5.02,5618700.0
2018-01-30 11:59:46.556000,5.02,5.01,5.02,5618700.0
2018-01-30 11:59:49.665000,5.02,5.01,5.02,5618700.0
2018-01-30 11:59:52.603000,5.02,5.01,5.02,5618700.0
2018-01-30 11:59:55.582000,5.02,5.01,5.02,5618700.0
2018-01-30 11:59:58.542000,5.02,5.01,5.02,5618700.0
2018-01-30 12:00:01.492000,5.02,5.01,5.02,5618700.0
2018-01-30 12:00:05.183000,5.02,5.01,5.02,5618700.0
2018-01-30 12:00:08.973000,5.02,5.01,5.02,5618700.0
2018-01-30 12:00:11.961000,5.02,5.01,5.02,5618700.0
2018-01-30 12:00:15.511000,5.02,5.01,5.02,5618700.0
2018-01-30 12:00:20.254000,5.02,5.01,5.02,5618700.0
2018-01-30 12:00:24.004000,5.02,5.01,5.02,5618700.0
2018-01-30 12:00:27.087000,5.02,5.01,5.02,5618700.0
2018-01-30 12:00:30.092000,5.02,5.01,5.02,5618700.0
2018-01-30 12:00:32.999000,5.02,5.01,5.02,5618700.0
2018-01-30 12:00:35.963000,5.02,5.01,5.02,5618700.0
2018-01-30 12:00:38.668000,,,,
2018-01-30 12:00:41.727000,5.02,5.01,5.02,5618700.0
2018-01-30 12:00:44.606000,5.02,5.01,5.02,5618700.0
2018-01-30 12:00:47.517000,5.02,5.01,5.02,5618700.0
2018-01-30 12:00:50.397000,5.02,5.01,5.02,5618700.0
2018-01-30 12:00:53.283000,5.02,5.01,5.02,5618700.0
2018-01-30 12:00:56.134000,5.02,5.01,5.02,5618700.0
2018-01-30 12:00:59.208000,5.02,5.01,5.02,5618700.0
2018-01-30 12:01:02.299000,5.02,5.01,5.02,5618700.0
2018-01-30 12:01:05.435000,5.02,5.01,5.02,5618700.0
2018-01-30 12:01:08.425000,5.02,5.01,5.02,5618700.0
2018-01-30 12:01:11.384000,5.02,5.01,5.02,5618700.0
2018-01-30 12:01:14.435000,5.02,5.01,5.02,5618700.0
2018-01-30 12:01:17.379000,5.02,5.01,5.02,5618700.0
2018-01-30 12:01:20.325000,5.02,5.01,5.02,5618700.0
2018-01-30 12:01:23.160000,5.02,5.01,5.02,5618700.0
2018-01-30 12:01:26.136000,5.02,5.01,5.02,5618700.0
2018-01-30 12:01:29.044000,5.02,5.01,5.02,5618700.0
2018-01-30 12:01:31.977000,5.02,5.01,5.02,5618700.0
2018-01-30 12:01:34.990000,5.02,5.01,5.02,5618700.0
2018-01-30 12:01:37.926000,5.02,5.01,5.02,5618700.0
2018-01-30 12:01:41.033000,5.02,5.01,5.02,5618700.0
2018-01-30 12:01:44.077000,5.02,5.01,5.02,5618700.0
2018-01-30 12:01:47.161000,5.02,5.01,5.02,5618700.0
2018-01-30 12:01:50.076000,5.02,5.01,5.02,5618700.0
2018-01-30 12:01:53.075000,5.02,5.01,5.02,5618700.0
2018-01-30 12:01:55.951000,5.02,5.01,5.02,5618700.0
2018-01-30 12:01:59.081000,5.02,5.01,5.02,5618700.0
2018-01-30 12:02:01.934000,5.02,5.01,5.02,5618700.0
2018-01-30 12:02:05.003000,5.02,5.01,5.02,5618700.0
2018-01-30 12:02:07.960000,5.02,5.01,5.02,5618700.0
2018-01-30 12:02:10.957000,5.02,5.01,5.02,5618700.0
2018-01-30 12:02:13.950000,5.02,5.01,5.02,5618700.0
2018-01-30 12:02:17.022000,5.02,5.01,5.02,5618700.0
2018-01-30 12:02:19.983000,5.02,5.01,5.02,5618700.0
2018-01-30 12:02:22.899000,5.02,5.01,5.02,5618700.0
2018-01-30 12:02:26.041000,5.02,5.01,5.02,5618700.0
2018-01-30 12:02:29.134000,5.02,5.01,5.02,5618700.0
2018-01-30 12:02:31.825000,5.02,5.01,5.02,5618700.0
2018-01-30 12:02:34.776000,5.02,5.01,5.02,5618700.0
2018-01-30 12:02:37.911000,5.02,5.01,5.02,5618700.0
2018-01-30 12:02:40.790000,5.02,5.01,5.02,5618700.0
2018-01-30 12:02:43.668000,5.02,5.01,5.02,5618700.0
2018-01-30 12:02:46.558000,5.02,5.01,5.02,5618700.0
2018-01-30 12:02:49.502000,5.02,5.01,5.02,5618700.0
2018-01-30 12:02:52.544000,5.02,5.01,5.02,5618700.0
2018-01-30 12:02:55.452000,5.02,5.01,5.02,5618700.0
2018-01-30 12:02:58.454000,5.02,5.01,5.02,5618700.0
2018-01-30 12:03:01.682000,5.02,5.01,5.02,5618700.0
2018-01-30 12:03:04.672000,5.02,5.01,5.02,5618700.0
2018-01-30 12:03:07.561000,5.02,5.01,5.02,5618700.0
2018-01-30 12:03:10.434000,5.02,5.01,5.02,5618700.0
2018-01-30 12:03:13.360000,5.02,5.01,5.02,5618700.0
2018-01-30 12:03:16.462000,5.02,5.01,5.02,5618700.0
2018-01-30 12:03:19.614000,5.02,5.01,5.02,5618700.0
2018-01-30 12:03:22.829000,5.02,5.01,5.02,5618700.0
2018-01-30 12:03:25.562000,5.02,5.01,5.02,5618700.0
2018-01-30 12:03:28.586000,5.02,5.01,5.02,5618700.0
2018-01-30 12:03:31.758000,5.02,5.01,5.02,5618700.0
2018-01-30 12:03:34.613000,5.02,5.01,5.02,5618700.0
2018-01-30 12:03:37.456000,5.02,5.01,5.02,5618700.0
2018-01-30 12:03:40.297000,5.02,5.01,5.02,5618700.0
2018-01-30 12:03:43.187000,5.02,5.01,5.02,5618700.0
2018-01-30 12:03:46.267000,5.02,5.01,5.02,5618700.0
2018-01-30 12:03:49.213000,5.02,5.01,5.02,5618700.0
