time,price,bid,ask,volume
2018-01-03 13:01:52.583000,30.75,30.75,30.8,35911032.0
2018-01-03 13:01:56.199000,30.75,30.75,30.8,35911032.0
2018-01-03 13:02:00.061000,30.75,30.75,30.8,35911032.0
2018-01-03 13:02:03.358000,30.75,30.75,30.8,35911032.0
2018-01-03 13:02:08.939000,30.75,30.75,30.8,35911032.0
2018-01-03 13:02:13.540000,30.75,30.75,30.8,35911032.0
2018-01-03 13:02:17.534000,30.75,30.75,30.8,35911032.0
2018-01-03 13:02:21.535000,30.75,30.75,30.8,35911032.0
2018-01-03 13:02:25.331000,30.75,30.75,30.8,35911032.0
2018-01-03 13:02:28.926000,30.75,30.75,30.8,35911032.0
2018-01-03 13:02:32.668000,30.75,30.75,30.8,35913732.0
2018-01-03 13:02:36.628000,30.75,30.75,30.8,35913732.0
2018-01-03 13:02:40.465000,30.75,30.75,30.8,35913732.0
2018-01-03 13:02:43.837000,30.75,30.75,30.8,35913732.0
2018-01-03 13:02:47.754000,30.75,30.75,30.8,35913732.0
2018-01-03 13:02:51.381000,30.75,30.75,30.8,35913732.0
2018-01-03 13:02:54.460000,30.75,30.75,30.8,35913732.0
2018-01-03 13:02:58.238000,30.75,30.75,30.8,35913732.0
2018-01-03 13:03:02.308000,30.75,30.75,30.8,35913732.0
2018-01-03 13:03:06.956000,30.75,30.75,30.8,35913732.0
2018-01-03 13:03:11.188000,30.75,30.75,30.8,35913732.0
2018-01-03 13:03:14.789000,30.75,30.75,30.8,35913732.0
2018-01-03 13:03:19.557000,30.75,30.75,30.8,35913732.0
2018-01-03 13:03:23.428000,30.75,30.75,30.8,35913732.0
2018-01-03 13:03:26.490000,30.75,30.75,30.8,35913732.0
2018-01-03 13:03:30.357000,30.75,30.75,30.8,35913732.0
2018-01-03 13:03:34.796000,30.75,30.75,30.8,35913732.0
2018-01-03 13:03:38.138000,30.75,30.75,30.8,35913732.0
2018-01-03 13:03:41.488000,30.75,30.75,30.8,35913732.0
2018-01-03 13:03:45.339000,30.75,30.75,30.8,35913732.0
2018-01-03 13:03:49.259000,30.75,30.75,30.8,35913732.0
2018-01-03 13:03:53.277000,30.75,30.75,30.8,35913732.0
2018-01-03 13:03:56.925000,30.75,30.75,30.8,35919732.0
2018-01-03 13:04:00.427000,30.75,30.75,30.8,35919732.0
2018-01-03 13:04:04.398000,30.75,30.75,30.8,35919732.0
2018-01-03 13:04:08.837000,30.75,30.75,30.8,35919732.0
2018-01-03 13:04:15.149000,30.75,30.75,30.8,35919732.0
2018-01-03 13:04:19.029000,30.75,30.75,30.8,35919732.0
2018-01-03 13:04:22.979000,30.75,30.75,30.8,35919732.0
2018-01-03 13:04:27.059000,30.75,30.75,30.8,35919732.0
2018-01-03 13:04:31.258000,30.75,30.75,30.8,35919732.0
2018-01-03 13:04:35.048000,30.75,30.75,30.8,35919732.0
2018-01-03 13:04:38.855000,30.75,30.75,30.8,35919732.0
2018-01-03 13:04:42.296000,30.75,30.75,30.8,35919732.0
2018-01-03 13:04:45.884000,30.75,30.75,30.8,35924232.0
2018-01-03 13:04:49.589000,30.75,30.75,30.8,35924232.0
2018-01-03 13:04:53.648000,30.75,30.75,30.8,35924232.0
2018-01-03 13:04:57.343000,30.75,30.75,30.8,35924232.0
2018-01-03 13:05:00.813000,30.75,30.75,30.8,35924232.0
2018-01-03 13:05:04.169000,30.75,30.75,30.8,35924232.0
2018-01-03 13:05:08.418000,30.75,30.75,30.8,35924232.0
2018-01-03 13:05:12.447000,30.75,30.75,30.8,35924232.0
2018-01-03 13:05:18.695000,30.75,30.75,30.8,35924232.0
2018-01-03 13:05:22.600000,30.75,30.75,30.8,35924232.0
2018-01-03 13:05:26.395000,30.75,30.75,30.8,35924232.0
2018-01-03 13:05:29.841000,30.75,30.75,30.8,35924232.0
2018-01-03 13:05:33.046000,30.75,30.75,30.8,35924232.0
2018-01-03 13:05:36.751000,30.75,30.75,30.8,35924232.0
2018-01-03 13:05:40.491000,30.75,30.75,30.8,35924232.0
2018-01-03 13:05:44.008000,30.75,30.75,30.8,35924232.0
2018-01-03 13:05:47.939000,30.75,30.75,30.8,35924232.0
2018-01-03 13:05:52.104000,30.75,30.75,30.8,35931732.0
2018-01-03 13:05:55.924000,30.75,30.75,30.8,35931732.0
2018-01-03 13:05:59.774000,30.75,30.75,30.8,35931732.0
2018-01-03 13:06:06.244000,30.75,30.75,30.8,35931732.0
2018-01-03 13:06:13.724000,30.75,30.75,30.8,35931732.0
2018-01-03 13:06:16.967000,30.75,30.75,30.8,35931732.0
2018-01-03 13:06:20.960000,30.75,30.75,30.8,35931732.0
2018-01-03 13:06:24.628000,30.75,30.75,30.8,35931732.0
2018-01-03 13:06:28.066000,30.75,30.75,30.8,35931732.0
2018-01-03 13:06:31.497000,30.75,30.75,30.8,35931732.0
2018-01-03 13:06:35.082000,30.75,30.75,30.8,35931732.0
2018-01-03 13:06:38.930000,30.75,30.75,30.8,35931732.0
2018-01-03 13:06:42.131000,30.75,30.75,30.8,35931732.0
2018-01-03 13:06:45.727000,30.75,30.75,30.8,35931732.0
2018-01-03 13:06:49.537000,30.75,30.75,30.8,35931732.0
2018-01-03 13:06:52.693000,30.75,30.75,30.8,35931732.0
2018-01-03 13:06:56.250000,30.75,30.75,30.8,35931732.0
2018-01-03 13:06:59.750000,30.75,30.75,30.8,35931732.0
2018-01-03 13:07:03.014000,30.75,30.75,30.8,35931732.0
2018-01-03 13:07:06.688000,30.75,30.75,30.8,35931732.0
2018-01-03 13:07:11.732000,30.75,30.75,30.8,35931732.0
2018-01-03 13:07:14.609000,30.75,30.75,30.8,35940732.0
2018-01-03 13:07:17.957000,30.75,30.75,30.8,35940732.0
2018-01-03 13:07:21.496000,30.75,30.75,30.8,35940732.0
2018-01-03 13:07:25.581000,30.75,30.75,30.8,35940732.0
2018-01-03 13:07:28.358000,30.75,30.75,30.8,35940732.0
2018-01-03 13:07:31.699000,30.75,30.75,30.8,35940732.0
2018-01-03 13:07:34.989000,30.75,30.75,30.8,35940732.0
2018-01-03 13:07:38.976000,30.75,30.75,30.8,35940732.0
2018-01-03 13:07:42.678000,30.75,30.75,30.8,35940732.0
2018-01-03 13:07:45.945000,30.75,30.75,30.8,35940732.0
2018-01-03 13:07:50.011000,30.75,30.75,30.8,35940732.0
2018-01-03 13:07:53.943000,30.75,30.75,30.8,35940732.0
2018-01-03 13:07:57.323000,30.75,30.75,30.8,35940732.0
2018-01-03 13:08:00.842000,30.75,30.75,30.8,35940732.0
2018-01-03 13:08:05.218000,30.75,30.75,30.8,35940732.0
2018-01-03 13:08:09.818000,30.75,30.75,30.8,35940732.0
2018-01-03 13:08:14.061000,30.75,30.75,30.8,35940732.0
2018-01-03 13:08:17.946000,30.75,30.75,30.8,35940732.0
2018-01-03 13:08:21.675000,30.75,30.75,30.8,36045232.0
2018-01-03 13:08:25.234000,30.75,30.75,30.8,36045232.0
2018-01-03 13:08:28.225000,30.75,30.75,30.8,36045232.0
2018-01-03 13:08:32.236000,30.75,30.75,30.8,36045232.0
2018-01-03 13:08:35.995000,30.75,30.75,30.8,36045232.0
2018-01-03 13:08:39.666000,30.75,30.75,30.8,36045232.0
2018-01-03 13:08:43.451000,30.75,30.75,30.8,36045232.0
2018-01-03 13:08:47.254000,30.75,30.75,30.8,36045232.0
2018-01-03 13:08:50.500000,30.75,30.75,30.8,36045232.0
2018-01-03 13:08:54.523000,30.75,30.75,30.8,36045232.0
2018-01-03 13:08:58.130000,30.75,30.75,30.8,36045232.0
2018-01-03 13:09:01.270000,30.75,30.75,30.8,36045232.0
2018-01-03 13:09:04.791000,30.75,30.75,30.8,36045232.0
2018-01-03 13:09:08.306000,30.75,30.75,30.8,36045232.0
2018-01-03 13:09:11.529000,30.75,30.75,30.8,36049232.0
2018-01-03 13:09:15.442000,30.75,30.75,30.8,36049232.0
2018-01-03 13:09:19.368000,30.75,30.75,30.8,36049232.0
2018-01-03 13:09:22.748000,30.75,30.75,30.8,36049232.0
2018-01-03 13:09:26.681000,30.75,30.75,30.8,36049232.0
2018-01-03 13:09:30.001000,30.75,30.75,30.8,36049232.0
2018-01-03 13:09:33.424000,30.75,30.75,30.8,36049232.0
2018-01-03 13:09:37.063000,30.75,30.75,30.8,36049232.0
2018-01-03 13:09:39.642000,30.75,30.75,30.8,36049232.0
2018-01-03 13:09:43.831000,30.75,30.75,30.8,36049232.0
2018-01-03 13:09:47.438000,30.75,30.75,30.8,36049232.0
2018-01-03 13:09:51.480000,30.75,30.75,30.8,36049232.0
2018-01-03 13:09:55.043000,30.75,30.75,30.8,36049232.0
2018-01-03 13:09:58.912000,30.75,30.75,30.8,36049232.0
2018-01-03 13:10:02.464000,30.75,30.75,30.8,36049232.0
2018-01-03 13:10:04.967000,30.75,30.75,30.8,36049232.0
2018-01-03 13:10:08.556000,30.75,30.75,30.8,36049232.0
2018-01-03 13:10:12.430000,30.75,30.75,30.8,36049232.0
2018-01-03 13:10:16.150000,30.75,30.75,30.8,36049232.0
2018-01-03 13:10:19.382000,30.75,30.75,30.8,36049232.0
2018-01-03 13:10:23.027000,30.75,30.75,30.8,36059232.0
2018-01-03 13:10:27.080000,30.75,30.75,30.8,36059232.0
2018-01-03 13:10:30.905000,30.75,30.75,30.8,36059232.0
2018-01-03 13:10:35.858000,30.75,30.75,30.8,36059232.0
2018-01-03 13:10:39.690000,30.75,30.75,30.8,36059232.0
2018-01-03 13:10:42.957000,30.75,30.75,30.8,36059232.0
2018-01-03 13:10:45.564000,30.75,30.75,30.8,36059232.0
2018-01-03 13:10:49.515000,30.75,30.75,30.8,36059232.0
2018-01-03 13:10:53.478000,30.75,30.75,30.8,36059232.0
2018-01-03 13:10:57.012000,30.75,30.75,30.8,36059232.0
2018-01-03 13:11:01.092000,30.75,30.75,30.8,36059232.0
2018-01-03 13:11:04.298000,30.75,30.75,30.8,36059232.0
2018-01-03 13:11:07.905000,30.75,30.75,30.8,36059232.0
2018-01-03 13:11:13.157000,30.75,30.75,30.8,36059232.0
2018-01-03 13:11:16.405000,30.75,30.75,30.8,36072732.0
2018-01-03 13:11:20.200000,30.75,30.75,30.8,36072732.0
2018-01-03 13:11:25.252000,30.75,30.75,30.8,36072732.0
2018-01-03 13:11:29.198000,30.75,30.75,30.8,36072732.0
2018-01-03 13:11:33.021000,30.75,30.75,30.8,36072732.0
2018-01-03 13:11:36.908000,30.75,30.75,30.8,36072732.0
2018-01-03 13:11:40.520000,30.75,30.75,30.8,36072732.0
2018-01-03 13:11:44.725000,30.75,30.75,30.8,36072732.0
2018-01-03 13:11:47.769000,30.75,30.75,30.8,36072732.0
2018-01-03 13:11:51.331000,30.75,30.75,30.8,36072732.0
2018-01-03 13:11:54.318000,30.75,30.75,30.8,36072732.0
2018-01-03 13:11:57.357000,30.75,30.75,30.8,36072732.0
2018-01-03 13:12:01.302000,30.75,30.75,30.8,36072732.0
2018-01-03 13:12:05.467000,30.75,30.75,30.8,36072732.0
2018-01-03 13:12:09.577000,30.75,30.75,30.8,36085732.0
2018-01-03 13:12:12.390000,30.75,30.75,30.8,36085732.0
2018-01-03 13:12:16.447000,30.75,30.75,30.8,36085732.0
2018-01-03 13:12:20.133000,30.75,30.75,30.8,36085732.0
2018-01-03 13:12:24.371000,30.75,30.75,30.8,36085732.0
2018-01-03 13:12:28.322000,30.75,30.75,30.8,36085732.0
2018-01-03 13:12:32.082000,30.75,30.75,30.8,36085732.0
2018-01-03 13:12:35.842000,30.75,30.75,30.8,36085732.0
2018-01-03 13:12:39.593000,30.75,30.75,30.8,36085732.0
2018-01-03 13:12:42.349000,30.75,30.75,30.8,36085732.0
2018-01-03 13:12:46.232000,30.75,30.75,30.8,36085732.0
2018-01-03 13:12:49.438000,30.75,30.75,30.8,36085732.0
2018-01-03 13:12:52.767000,30.75,30.75,30.8,36085732.0
2018-01-03 13:12:56.986000,30.75,30.75,30.8,36090938.0
2018-01-03 13:13:00.249000,30.75,30.75,30.8,36090938.0
2018-01-03 13:13:03.270000,30.75,30.75,30.8,36090938.0
2018-01-03 13:13:07.217000,30.75,30.75,30.8,36090938.0
2018-01-03 13:13:12.093000,30.75,30.75,30.8,36090938.0
2018-01-03 13:13:15.953000,30.75,30.75,30.8,36090938.0
2018-01-03 13:13:20.292000,30.75,30.75,30.8,36090938.0
2018-01-03 13:13:23.458000,30.75,30.75,30.8,36090938.0
2018-01-03 13:13:27.238000,30.75,30.75,30.8,36090938.0
2018-01-03 13:13:30.991000,30.75,30.75,30.8,36090938.0
2018-01-03 13:13:34.483000,30.75,30.75,30.8,36090938.0
2018-01-03 13:13:37.919000,30.75,30.75,30.8,36090938.0
2018-01-03 13:13:41.928000,30.75,30.75,30.8,36090938.0
2018-01-03 13:13:45.745000,30.75,30.75,30.8,36090938.0
2018-01-03 13:13:49.292000,30.75,30.75,30.8,36090938.0
2018-01-03 13:13:53.229000,30.75,30.75,30.8,36090938.0
2018-01-03 13:13:57.119000,30.75,30.75,30.8,36090938.0
2018-01-03 13:14:00.736000,30.75,30.75,30.8,36090938.0
2018-01-03 13:14:05.067000,30.75,30.75,30.8,36103438.0
2018-01-03 13:14:10.437000,30.75,30.75,30.8,36103438.0
2018-01-03 13:14:14.389000,30.75,30.75,30.8,36103438.0
2018-01-03 13:14:18.169000,30.75,30.75,30.8,36103438.0
2018-01-03 13:14:21.735000,30.75,30.75,30.8,36103438.0
2018-01-03 13:14:25.304000,30.75,30.75,30.8,36103438.0
2018-01-03 13:14:28.357000,30.75,30.75,30.8,36103438.0
2018-01-03 13:14:32.131000,30.75,30.75,30.8,36103438.0
2018-01-03 13:14:35.957000,30.75,30.75,30.8,36103438.0
2018-01-03 13:14:39.487000,30.75,30.75,30.8,36103438.0
2018-01-03 13:14:44.268000,30.75,30.75,30.8,36103438.0
2018-01-03 13:14:47.382000,30.75,30.75,30.8,36103438.0
2018-01-03 13:14:50.936000,30.75,30.75,30.8,36103438.0
2018-01-03 13:14:54.667000,30.75,30.75,30.8,36103438.0
2018-01-03 13:14:58.777000,30.75,30.75,30.8,36103438.0
2018-01-03 13:15:03.008000,30.75,30.75,30.8,36103438.0
2018-01-03 13:15:06.202000,30.75,30.75,30.8,36103438.0
2018-01-03 13:15:09.554000,30.75,30.75,30.8,36103438.0
2018-01-03 13:15:15.385000,30.75,30.75,30.8,36109938.0
2018-01-03 13:15:19,30.75,30.75,30.8,36109938.0
2018-01-03 13:15:22.812000,30.75,30.75,30.8,36109938.0
2018-01-03 13:15:26.707000,30.75,30.75,30.8,36109938.0
2018-01-03 13:15:29.976000,30.75,30.75,30.8,36109938.0
2018-01-03 13:15:32.706000,30.75,30.75,30.8,36109938.0
2018-01-03 13:15:36.447000,30.75,30.75,30.8,36109938.0
2018-01-03 13:15:40.370000,30.75,30.75,30.8,36109938.0
2018-01-03 13:15:44.073000,30.75,30.75,30.8,36109938.0
2018-01-03 13:15:48.049000,30.75,30.75,30.8,36109938.0
2018-01-03 13:15:51.606000,30.75,30.75,30.8,36109938.0
2018-01-03 13:15:55.401000,30.75,30.75,30.8,36109938.0
2018-01-03 13:15:58.640000,30.75,30.75,30.8,36109938.0
2018-01-03 13:16:02.187000,30.75,30.75,30.8,36109938.0
2018-01-03 13:16:05.462000,30.75,30.75,30.8,36120938.0
2018-01-03 13:16:10.634000,30.75,30.75,30.8,36120938.0
2018-01-03 13:16:14.177000,30.75,30.75,30.8,36120938.0
2018-01-03 13:16:16.928000,30.75,30.75,30.8,36120938.0
2018-01-03 13:16:20.659000,30.75,30.75,30.8,36120938.0
2018-01-03 13:16:24.748000,30.75,30.75,30.8,36120938.0
2018-01-03 13:16:28.438000,30.75,30.75,30.8,36120938.0
2018-01-03 13:16:32.197000,30.75,30.75,30.8,36120938.0
2018-01-03 13:16:35.794000,30.75,30.75,30.8,36120938.0
2018-01-03 13:16:38.751000,30.75,30.75,30.8,36120938.0
2018-01-03 13:16:42.194000,30.75,30.75,30.8,36120938.0
2018-01-03 13:16:45.604000,30.75,30.75,30.8,36120938.0
2018-01-03 13:16:49.001000,30.75,30.75,30.8,36133438.0
2018-01-03 13:16:52.573000,30.75,30.75,30.8,36133438.0
2018-01-03 13:16:56.646000,30.75,30.75,30.8,36133438.0
2018-01-03 13:17:00.519000,30.75,30.75,30.8,36133438.0
2018-01-03 13:17:04.053000,30.75,30.75,30.8,36133438.0
2018-01-03 13:17:07.687000,30.75,30.75,30.8,36133438.0
2018-01-03 13:17:15.500000,30.75,30.75,30.8,36133438.0
2018-01-03 13:17:19.163000,30.75,30.75,30.8,36133438.0
2018-01-03 13:17:22.043000,30.75,30.75,30.8,36133438.0
2018-01-03 13:17:25.911000,30.75,30.75,30.8,36153438.0
2018-01-03 13:17:29.865000,30.75,30.75,30.8,36153438.0
2018-01-03 13:17:32.943000,30.75,30.75,30.8,36153438.0
2018-01-03 13:17:36.418000,30.75,30.75,30.8,36153438.0
2018-01-03 13:17:40.478000,30.75,30.75,30.8,36153438.0
2018-01-03 13:17:43.977000,30.75,30.75,30.8,36153438.0
2018-01-03 13:17:47.784000,30.75,30.75,30.8,36153438.0
2018-01-03 13:17:51.057000,30.75,30.75,30.8,36153438.0
2018-01-03 13:17:54.700000,30.75,30.75,30.8,36153438.0
2018-01-03 13:17:58.516000,30.75,30.75,30.8,36153438.0
2018-01-03 13:18:02.162000,30.75,30.75,30.8,36153438.0
2018-01-03 13:18:05.834000,30.75,30.75,30.8,36153438.0
2018-01-03 13:18:08.493000,30.75,30.75,30.8,36153438.0
2018-01-03 13:18:13.760000,30.75,30.75,30.8,36211438.0
2018-01-03 13:18:17.553000,30.75,30.75,30.8,36211438.0
2018-01-03 13:18:20.744000,30.75,30.75,30.8,36211438.0
2018-01-03 13:18:24.857000,30.75,30.75,30.8,36211438.0
2018-01-03 13:18:28.383000,30.75,30.75,30.8,36211438.0
2018-01-03 13:18:32.356000,30.75,30.75,30.8,36211438.0
2018-01-03 13:18:35.635000,30.75,30.75,30.8,36211438.0
2018-01-03 13:18:39.341000,30.75,30.75,30.8,36211438.0
2018-01-03 13:18:43.274000,30.75,30.75,30.8,36211438.0
2018-01-03 13:18:46.927000,30.75,30.75,30.8,36211438.0
2018-01-03 13:18:50.986000,30.75,30.75,30.8,36211438.0
2018-01-03 13:18:54.771000,30.75,30.75,30.8,36211438.0
2018-01-03 13:18:57.989000,30.75,30.75,30.8,36218938.0
2018-01-03 13:19:01.360000,30.75,30.75,30.8,36218938.0
2018-01-03 13:19:05.370000,30.75,30.75,30.8,36218938.0
2018-01-03 13:19:13.626000,30.75,30.75,30.8,36218938.0
2018-01-03 13:19:17.376000,30.75,30.75,30.8,36218938.0
2018-01-03 13:19:20.984000,30.75,30.75,30.8,36218938.0
2018-01-03 13:19:24.811000,30.75,30.75,30.8,36218938.0
2018-01-03 13:19:28.040000,30.75,30.75,30.8,36218938.0
2018-01-03 13:19:31.206000,30.75,30.75,30.8,36218938.0
2018-01-03 13:19:35.234000,30.75,30.75,30.8,36218938.0
2018-01-03 13:19:38.238000,30.75,30.75,30.8,36218938.0
2018-01-03 13:19:41.753000,30.75,30.75,30.8,36218938.0
2018-01-03 13:19:45.341000,30.75,30.75,30.8,36218938.0
2018-01-03 13:19:49.126000,30.75,30.75,30.8,36218938.0
2018-01-03 13:19:52.828000,30.75,30.75,30.8,36218938.0
2018-01-03 13:19:56.406000,30.75,30.75,30.8,36231607.0
2018-01-03 13:19:59.579000,30.75,30.75,30.8,36231607.0
2018-01-03 13:20:03.814000,30.75,30.75,30.8,36231607.0
2018-01-03 13:20:07.894000,30.75,30.75,30.8,36231607.0
2018-01-03 13:20:13.001000,30.75,30.75,30.8,36231607.0
2018-01-03 13:20:15.979000,30.75,30.75,30.8,36231607.0
2018-01-03 13:20:19.954000,30.75,30.75,30.8,36231607.0
2018-01-03 13:20:23.087000,30.75,30.75,30.8,36231607.0
2018-01-03 13:20:26.763000,30.75,30.75,30.8,36231607.0
2018-01-03 13:20:41.620000,30.75,30.75,30.8,36231607.0
2018-01-03 13:20:47.539000,30.75,30.75,30.8,36231607.0
2018-01-03 13:20:51.614000,30.75,30.75,30.8,36231607.0
2018-01-03 13:20:55.397000,30.75,30.75,30.8,36231607.0
2018-01-03 13:20:59.560000,30.75,30.75,30.8,36231607.0
2018-01-03 13:21:02.962000,30.75,30.75,30.8,36231607.0
2018-01-03 13:21:06.711000,30.75,30.75,30.8,36231607.0
2018-01-03 13:21:13.521000,30.8,30.75,30.8,36240107.0
2018-01-03 13:21:17.356000,30.8,30.75,30.8,36240107.0
2018-01-03 13:21:21.128000,30.8,30.75,30.8,36240107.0
2018-01-03 13:21:23.892000,30.8,30.75,30.8,36240107.0
2018-01-03 13:21:27.063000,30.8,30.75,30.8,36240107.0
2018-01-03 13:21:30.590000,30.8,30.75,30.8,36240107.0
2018-01-03 13:21:33.936000,30.8,30.75,30.8,36240107.0
2018-01-03 13:21:37.062000,30.8,30.75,30.8,36240107.0
2018-01-03 13:21:40.888000,30.8,30.75,30.8,36240107.0
2018-01-03 13:21:44.083000,30.8,30.75,30.8,36240107.0
2018-01-03 13:21:47.935000,30.8,30.75,30.8,36240107.0
2018-01-03 13:21:51.397000,30.8,30.75,30.8,36240107.0
2018-01-03 13:21:54.981000,30.75,30.75,30.8,36407607.0
2018-01-03 13:21:57.995000,30.75,30.7,30.75,37097607.0
2018-01-03 13:22:01.701000,30.75,30.7,30.75,37097607.0
2018-01-03 13:22:04.241000,30.75,30.7,30.75,37097607.0
2018-01-03 13:22:07.361000,30.75,30.7,30.75,37097607.0
2018-01-03 13:22:11.013000,30.75,30.7,30.75,37097607.0
2018-01-03 13:22:15.250000,30.75,30.7,30.75,37097607.0
2018-01-03 13:22:19.642000,30.75,30.7,30.75,37097607.0
2018-01-03 13:22:24.319000,30.75,30.7,30.75,37097607.0
2018-01-03 13:22:27.991000,30.75,30.7,30.75,37097607.0
2018-01-03 13:22:31.623000,30.75,30.7,30.75,37097607.0
2018-01-03 13:22:34.835000,30.75,30.7,30.75,37097607.0
2018-01-03 13:22:38.468000,30.75,30.7,30.75,37097607.0
2018-01-03 13:22:41.820000,30.75,30.7,30.75,37097607.0
2018-01-03 13:22:45.692000,30.75,30.7,30.75,37097607.0
2018-01-03 13:22:49.263000,30.75,30.7,30.75,37097607.0
2018-01-03 13:22:53.098000,30.75,30.7,30.75,37497607.0
2018-01-03 13:22:56.677000,30.75,30.7,30.75,37497607.0
2018-01-03 13:23:00.402000,30.75,30.7,30.75,37497607.0
2018-01-03 13:23:06.113000,30.75,30.7,30.75,37497607.0
2018-01-03 13:23:12.037000,30.75,30.7,30.75,37497607.0
2018-01-03 13:23:15.640000,30.75,30.7,30.75,37497607.0
2018-01-03 13:23:19.121000,30.75,30.7,30.75,37497607.0
2018-01-03 13:23:22.319000,30.75,30.7,30.75,38004107.0
2018-01-03 13:23:26.041000,30.75,30.7,30.75,38004107.0
2018-01-03 13:23:29.533000,30.75,30.7,30.75,38004107.0
2018-01-03 13:23:32.522000,30.75,30.7,30.75,38004107.0
2018-01-03 13:23:36.245000,30.75,30.7,30.75,38004107.0
2018-01-03 13:23:39.626000,30.75,30.7,30.75,38004107.0
2018-01-03 13:23:42.877000,30.75,30.7,30.75,38004107.0
2018-01-03 13:23:46.469000,30.75,30.7,30.75,38004107.0
2018-01-03 13:23:50.514000,30.75,30.7,30.75,38004107.0
2018-01-03 13:23:54.579000,30.75,30.7,30.75,38004107.0
2018-01-03 13:23:58.072000,30.75,30.7,30.75,38004107.0
2018-01-03 13:24:01.962000,30.75,30.7,30.75,38004107.0
2018-01-03 13:24:09.067000,30.75,30.7,30.75,38004107.0
2018-01-03 13:24:12.935000,30.75,30.7,30.75,38004107.0
2018-01-03 13:24:16.210000,30.75,30.7,30.75,38004107.0
2018-01-03 13:24:19.995000,30.75,30.7,30.75,38004107.0
2018-01-03 13:24:23.370000,30.75,30.75,30.8,38506607.0
2018-01-03 13:24:27.020000,30.75,30.75,30.8,38506607.0
2018-01-03 13:24:29.950000,30.75,30.75,30.8,38506607.0
2018-01-03 13:24:33.547000,30.75,30.75,30.8,38506607.0
2018-01-03 13:24:37.004000,30.75,30.75,30.8,38506607.0
2018-01-03 13:24:40.670000,30.75,30.75,30.8,38506607.0
2018-01-03 13:24:44.493000,30.75,30.75,30.8,38506607.0
2018-01-03 13:24:48.220000,30.75,30.75,30.8,38506607.0
2018-01-03 13:24:51.990000,30.75,30.75,30.8,38506607.0
2018-01-03 13:24:55.195000,30.75,30.75,30.8,38506607.0
2018-01-03 13:24:58.486000,30.75,30.75,30.8,38506607.0
2018-01-03 13:25:02.288000,30.75,30.75,30.8,38506607.0
2018-01-03 13:25:06.611000,30.75,30.75,30.8,38506607.0
2018-01-03 13:25:08.977000,30.75,30.75,30.8,38506607.0
2018-01-03 13:25:15.154000,30.75,30.75,30.8,38506607.0
2018-01-03 13:25:17.664000,30.75,30.75,30.8,38512107.0
2018-01-03 13:25:20.802000,30.75,30.75,30.8,38512107.0
2018-01-03 13:25:23.840000,30.75,30.75,30.8,38512107.0
2018-01-03 13:25:27.182000,30.75,30.75,30.8,38512107.0
2018-01-03 13:25:31.011000,30.75,30.75,30.8,38512107.0
2018-01-03 13:25:34.300000,30.75,30.75,30.8,38512107.0
2018-01-03 13:25:38.319000,30.75,30.75,30.8,38512107.0
2018-01-03 13:25:41.422000,30.75,30.75,30.8,38512107.0
2018-01-03 13:25:45.097000,30.75,30.75,30.8,38512107.0
2018-01-03 13:25:48.016000,30.75,30.75,30.8,38512107.0
2018-01-03 13:25:51.801000,30.75,30.75,30.8,38512107.0
2018-01-03 13:25:55.503000,30.75,30.75,30.8,38512107.0
2018-01-03 13:25:58.753000,30.75,30.75,30.8,38512107.0
2018-01-03 13:26:02.263000,30.75,30.75,30.8,38512107.0
2018-01-03 13:26:05.617000,30.75,30.75,30.8,38512107.0
2018-01-03 13:26:09.304000,30.75,30.75,30.8,38512107.0
2018-01-03 13:26:15.037000,30.75,30.75,30.8,38526607.0
2018-01-03 13:26:18.555000,30.75,30.75,30.8,38526607.0
2018-01-03 13:26:22.085000,30.75,30.75,30.8,38526607.0
2018-01-03 13:26:25.249000,30.75,30.75,30.8,38526607.0
2018-01-03 13:26:33.781000,30.75,30.75,30.8,38526607.0
2018-01-03 13:26:37.307000,30.75,30.75,30.8,38526607.0
2018-01-03 13:26:41.157000,30.75,30.75,30.8,38526607.0
2018-01-03 13:26:45.006000,30.75,30.75,30.8,38526607.0
2018-01-03 13:26:49.416000,30.75,30.75,30.8,38526607.0
2018-01-03 13:26:52.489000,30.75,30.75,30.8,38526607.0
2018-01-03 13:26:55.940000,30.75,30.75,30.8,38526607.0
2018-01-03 13:26:59.902000,30.75,30.75,30.8,38526607.0
2018-01-03 13:27:03.617000,30.75,30.75,30.8,38526607.0
2018-01-03 13:27:09.336000,30.75,30.75,30.8,38526607.0
2018-01-03 13:27:12.577000,30.75,30.75,30.8,38526607.0
2018-01-03 13:27:17.837000,30.75,30.75,30.8,38537107.0
2018-01-03 13:27:21.620000,30.75,30.75,30.8,38537107.0
2018-01-03 13:27:25.285000,30.75,30.75,30.8,38537107.0
2018-01-03 13:27:28.634000,30.75,30.75,30.8,38537107.0
2018-01-03 13:27:32.071000,30.75,30.75,30.8,38537107.0
2018-01-03 13:27:35.796000,30.75,30.75,30.8,38537107.0
2018-01-03 13:27:38.957000,30.75,30.75,30.8,38537107.0
2018-01-03 13:27:42.382000,30.75,30.75,30.8,38537107.0
2018-01-03 13:27:45.993000,30.75,30.75,30.8,38537107.0
2018-01-03 13:27:49.584000,30.75,30.75,30.8,38537107.0
2018-01-03 13:27:52.831000,30.75,30.75,30.8,38537107.0
2018-01-03 13:27:56.859000,30.75,30.75,30.8,38537107.0
2018-01-03 13:28:00.711000,30.75,30.75,30.8,38537107.0
2018-01-03 13:28:04.417000,30.75,30.75,30.8,38537107.0
2018-01-03 13:28:10.207000,30.75,30.75,30.8,38537107.0
2018-01-03 13:28:13.957000,30.75,30.75,30.8,38537107.0
2018-01-03 13:28:17.300000,30.75,30.75,30.8,38537107.0
2018-01-03 13:28:20.976000,30.75,30.75,30.8,38537107.0
2018-01-03 13:28:24.605000,30.75,30.75,30.8,38537107.0
2018-01-03 13:28:28.407000,30.75,30.75,30.8,38537107.0
2018-01-03 13:28:32.118000,30.75,30.75,30.8,38537107.0
2018-01-03 13:28:35.883000,30.8,30.75,30.8,38547931.0
2018-01-03 13:28:38.958000,30.8,30.75,30.8,38547931.0
2018-01-03 13:28:42.599000,30.8,30.75,30.8,38547931.0
2018-01-03 13:28:45.755000,30.8,30.75,30.8,38547931.0
2018-01-03 13:28:49.118000,30.8,30.75,30.8,38547931.0
2018-01-03 13:28:52.816000,30.8,30.75,30.8,38547931.0
2018-01-03 13:28:56.202000,30.8,30.75,30.8,38547931.0
2018-01-03 13:28:59.820000,30.8,30.75,30.8,38547931.0
2018-01-03 13:29:03.518000,30.8,30.75,30.8,38547931.0
2018-01-03 13:29:07.227000,30.8,30.75,30.8,38547931.0
2018-01-03 13:29:13.272000,30.8,30.75,30.8,38547931.0
2018-01-03 13:29:18.958000,30.8,30.75,30.8,38547931.0
2018-01-03 13:29:22.803000,30.8,30.75,30.8,38547931.0
2018-01-03 13:29:25.680000,30.8,30.75,30.8,38547931.0
2018-01-03 13:29:28.672000,30.8,30.75,30.8,38547931.0
2018-01-03 13:29:32.335000,30.8,30.75,30.8,38547931.0
2018-01-03 13:29:36.187000,30.8,30.75,30.8,38547931.0
2018-01-03 13:29:40.253000,30.8,30.75,30.8,38547931.0
2018-01-03 13:29:43.908000,30.8,30.75,30.8,38547931.0
2018-01-03 13:29:47.401000,30.8,30.75,30.8,38547931.0
2018-01-03 13:29:51.262000,30.8,30.75,30.8,38547931.0
2018-01-03 13:29:54.875000,30.8,30.75,30.8,38547931.0
2018-01-03 13:29:58.439000,30.75,30.75,30.8,38565431.0
2018-01-03 13:30:02.072000,30.75,30.75,30.8,38565431.0
2018-01-03 13:30:06.928000,30.75,30.75,30.8,38565431.0
2018-01-03 13:30:10.489000,30.75,30.75,30.8,38565431.0
2018-01-03 13:30:14.920000,30.75,30.75,30.8,38565431.0
2018-01-03 13:30:18.872000,30.75,30.75,30.8,38565431.0
2018-01-03 13:30:22.705000,30.75,30.75,30.8,38565431.0
2018-01-03 13:30:25.867000,30.75,30.75,30.8,38565431.0
2018-01-03 13:30:29.752000,30.75,30.75,30.8,38565431.0
2018-01-03 13:30:33.378000,30.75,30.75,30.8,38565431.0
2018-01-03 13:30:35.972000,30.75,30.75,30.8,38565431.0
2018-01-03 13:30:39.614000,30.75,30.75,30.8,38565431.0
2018-01-03 13:30:42.414000,30.75,30.75,30.8,38565431.0
2018-01-03 13:30:45.964000,30.75,30.75,30.8,38565431.0
2018-01-03 13:30:49.322000,30.75,30.75,30.8,38577931.0
2018-01-03 13:30:52.553000,30.75,30.75,30.8,38577931.0
2018-01-03 13:30:55.989000,30.75,30.75,30.8,38577931.0
2018-01-03 13:30:59.899000,30.75,30.75,30.8,38577931.0
2018-01-03 13:31:03.540000,30.75,30.75,30.8,38577931.0
2018-01-03 13:31:06.984000,30.75,30.75,30.8,38577931.0
2018-01-03 13:31:13.827000,30.75,30.75,30.8,38577931.0
2018-01-03 13:31:17.572000,30.75,30.75,30.8,38577931.0
2018-01-03 13:31:21.437000,30.75,30.75,30.8,38577931.0
2018-01-03 13:31:25.337000,30.75,30.75,30.8,38577931.0
2018-01-03 13:31:30.161000,30.75,30.75,30.8,38577931.0
2018-01-03 13:31:33.578000,30.75,30.75,30.8,38577931.0
2018-01-03 13:31:37.208000,30.75,30.75,30.8,38577931.0
2018-01-03 13:31:39.608000,30.75,30.75,30.8,38583931.0
2018-01-03 13:31:43.188000,30.75,30.75,30.8,38583931.0
2018-01-03 13:31:47.038000,30.75,30.75,30.8,38583931.0
2018-01-03 13:31:50.916000,30.75,30.75,30.8,38583931.0
2018-01-03 13:31:54.548000,30.75,30.75,30.8,38583931.0
2018-01-03 13:31:58.522000,30.75,30.75,30.8,38583931.0
2018-01-03 13:32:02.822000,30.75,30.75,30.8,38583931.0
2018-01-03 13:32:06.447000,30.75,30.75,30.8,38583931.0
2018-01-03 13:32:10.139000,30.75,30.75,30.8,38583931.0
2018-01-03 13:32:13.901000,30.75,30.75,30.8,38583931.0
2018-01-03 13:32:17.585000,30.75,30.75,30.8,38583931.0
2018-01-03 13:32:21.070000,30.75,30.75,30.8,38583931.0
2018-01-03 13:32:25.301000,30.75,30.75,30.8,38583931.0
2018-01-03 13:32:29.057000,30.75,30.75,30.8,38583931.0
2018-01-03 13:32:32.874000,30.75,30.75,30.8,38583931.0
2018-01-03 13:32:36.689000,30.75,30.75,30.8,38583931.0
2018-01-03 13:32:40.313000,30.75,30.75,30.8,38583931.0
2018-01-03 13:32:44.095000,30.75,30.75,30.8,38583931.0
2018-01-03 13:32:47.649000,30.75,30.75,30.8,38583931.0
2018-01-03 13:32:51.653000,30.75,30.75,30.8,38583931.0
2018-01-03 13:32:54.892000,30.75,30.75,30.8,38583931.0
2018-01-03 13:32:57.834000,30.75,30.75,30.8,38583931.0
2018-01-03 13:33:01.702000,30.75,30.75,30.8,38586931.0
2018-01-03 13:33:06.939000,30.75,30.75,30.8,38586931.0
2018-01-03 13:33:12.738000,30.75,30.75,30.8,38586931.0
2018-01-03 13:33:16.131000,30.75,30.75,30.8,38586931.0
2018-01-03 13:33:20.110000,30.75,30.75,30.8,38586931.0
2018-01-03 13:33:23.816000,30.75,30.75,30.8,38586931.0
2018-01-03 13:33:27.240000,30.75,30.75,30.8,38586931.0
2018-01-03 13:33:30.865000,30.75,30.75,30.8,38586931.0
2018-01-03 13:33:34.650000,30.75,30.75,30.8,38586931.0
2018-01-03 13:33:38.054000,30.75,30.75,30.8,38586931.0
2018-01-03 13:33:40.984000,30.75,30.75,30.8,38586931.0
2018-01-03 13:33:44.618000,30.75,30.75,30.8,38586931.0
2018-01-03 13:33:48.126000,30.75,30.75,30.8,38586931.0
2018-01-03 13:33:51.276000,30.75,30.75,30.8,38586931.0
2018-01-03 13:33:54.888000,30.75,30.75,30.8,38840431.0
2018-01-03 13:33:57.991000,30.75,30.75,30.8,38840431.0
2018-01-03 13:34:01.679000,30.75,30.75,30.8,38840431.0
2018-01-03 13:34:06.043000,30.75,30.75,30.8,38840431.0
2018-01-03 13:34:10.095000,30.75,30.75,30.8,38840431.0
2018-01-03 13:34:13.837000,30.75,30.75,30.8,38840431.0
2018-01-03 13:34:17.211000,30.75,30.75,30.8,38840431.0
2018-01-03 13:34:21.186000,30.75,30.75,30.8,38840431.0
2018-01-03 13:34:25.271000,30.75,30.75,30.8,38840431.0
2018-01-03 13:34:28.839000,30.75,30.75,30.8,38840431.0
2018-01-03 13:34:31.498000,30.75,30.75,30.8,38840431.0
2018-01-03 13:34:35.333000,30.75,30.75,30.8,38840431.0
2018-01-03 13:34:39.577000,30.75,30.75,30.8,38840431.0
2018-01-03 13:34:43.427000,30.75,30.75,30.8,38840431.0
2018-01-03 13:34:46.706000,30.75,30.75,30.8,38840431.0
2018-01-03 13:34:50.046000,30.75,30.75,30.8,38840431.0
2018-01-03 13:34:53.387000,30.75,30.75,30.8,38840431.0
2018-01-03 13:34:57.134000,30.75,30.75,30.8,38840431.0
2018-01-03 13:35:00.877000,30.75,30.75,30.8,38840431.0
2018-01-03 13:35:04.293000,30.75,30.75,30.8,38840431.0
2018-01-03 13:35:08.130000,30.75,30.75,30.8,38860431.0
2018-01-03 13:35:14.918000,30.75,30.75,30.8,38860431.0
2018-01-03 13:35:18.389000,30.75,30.75,30.8,38860431.0
2018-01-03 13:35:22.150000,30.75,30.75,30.8,38860431.0
2018-01-03 13:35:26.078000,30.75,30.75,30.8,38860431.0
2018-01-03 13:35:29.432000,30.75,30.75,30.8,38860431.0
2018-01-03 13:35:32.763000,30.75,30.75,30.8,38860431.0
2018-01-03 13:35:36.315000,30.75,30.75,30.8,38860431.0
2018-01-03 13:35:40.111000,30.75,30.75,30.8,38860431.0
2018-01-03 13:35:43.175000,30.75,30.75,30.8,38860431.0
2018-01-03 13:35:46.630000,30.75,30.75,30.8,38860431.0
2018-01-03 13:35:49.882000,30.75,30.75,30.8,38860431.0
2018-01-03 13:35:53.819000,30.75,30.75,30.8,38860431.0
2018-01-03 13:35:57.682000,30.75,30.75,30.8,38860431.0
2018-01-03 13:36:01.739000,30.75,30.75,30.8,38860431.0
2018-01-03 13:36:06.017000,30.75,30.75,30.8,38860431.0
2018-01-03 13:36:11.564000,30.75,30.75,30.8,38860431.0
2018-01-03 13:36:15.383000,30.75,30.75,30.8,38860431.0
2018-01-03 13:36:19.233000,30.75,30.75,30.8,38860431.0
2018-01-03 13:36:22.765000,30.75,30.75,30.8,38860431.0
2018-01-03 13:36:26.066000,30.75,30.75,30.8,38860431.0
2018-01-03 13:36:29.627000,30.75,30.75,30.8,38860431.0
2018-01-03 13:36:34.613000,30.75,30.75,30.8,38861931.0
2018-01-03 13:36:38.389000,30.75,30.75,30.8,39030931.0
2018-01-03 13:36:41.602000,30.75,30.75,30.8,39030931.0
2018-01-03 13:36:45.436000,30.75,30.75,30.8,39030931.0
2018-01-03 13:36:48.524000,30.75,30.75,30.8,39030931.0
2018-01-03 13:36:52.562000,30.75,30.75,30.8,39229431.0
2018-01-03 13:36:56.326000,30.75,30.75,30.8,39229431.0
2018-01-03 13:36:59.691000,30.75,30.75,30.8,39229431.0
2018-01-03 13:37:02.602000,30.75,30.75,30.8,39229431.0
2018-01-03 13:37:10.669000,30.75,30.75,30.8,39229431.0
2018-01-03 13:37:14.499000,30.75,30.75,30.8,39229431.0
2018-01-03 13:37:18.436000,30.75,30.75,30.8,39229431.0
2018-01-03 13:37:22.203000,30.75,30.75,30.8,39229431.0
2018-01-03 13:37:25.482000,30.75,30.75,30.8,39229431.0
2018-01-03 13:37:30.799000,30.75,30.75,30.8,39229431.0
2018-01-03 13:37:34.710000,30.75,30.75,30.8,39229431.0
2018-01-03 13:37:38.546000,30.75,30.75,30.8,39229431.0
2018-01-03 13:37:42.394000,30.75,30.75,30.8,39229431.0
2018-01-03 13:37:45.891000,30.75,30.75,30.8,39229431.0
2018-01-03 13:37:49.282000,30.75,30.75,30.8,39229431.0
2018-01-03 13:37:53.232000,30.75,30.75,30.8,39229431.0
2018-01-03 13:37:56.745000,30.75,30.75,30.8,39229431.0
2018-01-03 13:38:00.482000,30.75,30.75,30.8,39229431.0
2018-01-03 13:38:03.944000,30.75,30.75,30.8,39229431.0
2018-01-03 13:38:07.133000,30.75,30.75,30.8,39229431.0
2018-01-03 13:38:10.794000,30.75,30.75,30.8,39229431.0
2018-01-03 13:38:14.441000,30.75,30.75,30.8,39229431.0
2018-01-03 13:38:17.930000,30.75,30.75,30.8,39229431.0
2018-01-03 13:38:20.806000,30.75,30.75,30.8,39229431.0
2018-01-03 13:38:24.218000,30.75,30.75,30.8,39229431.0
2018-01-03 13:38:27.415000,30.75,30.75,30.8,39229431.0
2018-01-03 13:38:31.202000,30.75,30.75,30.8,39229431.0
2018-01-03 13:38:34.959000,30.75,30.75,30.8,39229431.0
2018-01-03 13:38:38.046000,30.75,30.75,30.8,39229431.0
2018-01-03 13:38:41.732000,30.75,30.75,30.8,39229431.0
2018-01-03 13:38:45.521000,30.75,30.7,30.75,39380431.0
2018-01-03 13:38:49.021000,30.75,30.7,30.75,39380431.0
2018-01-03 13:38:52.934000,30.75,30.7,30.75,39380431.0
2018-01-03 13:38:56.613000,30.75,30.7,30.75,39380431.0
2018-01-03 13:39:00.025000,30.75,30.7,30.75,39380431.0
2018-01-03 13:39:02.914000,30.75,30.7,30.75,39380431.0
2018-01-03 13:39:06.559000,30.75,30.7,30.75,39380431.0
2018-01-03 13:39:10.184000,30.75,30.7,30.75,39380431.0
2018-01-03 13:39:13.475000,30.75,30.7,30.75,39380431.0
2018-01-03 13:39:16.514000,30.75,30.7,30.75,39380431.0
2018-01-03 13:39:19.425000,30.75,30.7,30.75,39380431.0
2018-01-03 13:39:22.999000,30.75,30.7,30.75,39380431.0
2018-01-03 13:39:26.025000,30.75,30.7,30.75,39380431.0
2018-01-03 13:39:29.493000,30.75,30.7,30.75,39380431.0
2018-01-03 13:39:33.489000,30.75,30.7,30.75,39380431.0
2018-01-03 13:39:37.229000,30.75,30.7,30.75,39380431.0
2018-01-03 13:39:39.916000,30.75,30.7,30.75,39380431.0
2018-01-03 13:39:43.537000,30.75,30.7,30.75,39380431.0
2018-01-03 13:39:47.099000,30.75,30.7,30.75,39380431.0
2018-01-03 13:39:50.402000,30.7,30.7,30.75,39386931.0
2018-01-03 13:39:53.998000,30.7,30.7,30.75,39386931.0
2018-01-03 13:39:57.927000,30.7,30.7,30.75,39386931.0
2018-01-03 13:40:01.327000,30.7,30.7,30.75,39386931.0
2018-01-03 13:40:04.835000,30.7,30.7,30.75,39386931.0
2018-01-03 13:40:11.197000,30.7,30.7,30.75,39386931.0
2018-01-03 13:40:14.796000,30.7,30.7,30.75,39386931.0
2018-01-03 13:40:18.624000,30.7,30.7,30.75,39386931.0
2018-01-03 13:40:22.767000,30.7,30.7,30.75,39386931.0
2018-01-03 13:40:26.611000,30.7,30.7,30.75,39386931.0
2018-01-03 13:40:29.787000,30.7,30.7,30.75,39386931.0
2018-01-03 13:40:33.878000,30.7,30.7,30.75,39386931.0
2018-01-03 13:40:38.007000,30.7,30.7,30.75,39386931.0
2018-01-03 13:40:41.662000,30.7,30.7,30.75,39386931.0
2018-01-03 13:40:45.878000,30.7,30.7,30.75,39386931.0
2018-01-03 13:40:50.119000,30.7,30.7,30.75,39386931.0
2018-01-03 13:40:53.881000,30.7,30.7,30.75,39386931.0
2018-01-03 13:40:57.618000,30.7,30.7,30.75,39386931.0
2018-01-03 13:41:01.310000,30.7,30.7,30.75,39386931.0
2018-01-03 13:41:04.709000,30.7,30.7,30.75,39386931.0
2018-01-03 13:41:07.547000,30.7,30.7,30.75,39386931.0
2018-01-03 13:41:11.460000,30.7,30.7,30.75,39386931.0
2018-01-03 13:41:15.389000,30.7,30.7,30.75,39394431.0
2018-01-03 13:41:18.629000,30.7,30.7,30.75,39394431.0
2018-01-03 13:41:22.492000,30.7,30.7,30.75,39394431.0
2018-01-03 13:41:26.525000,30.7,30.7,30.75,39394431.0
2018-01-03 13:41:29.802000,30.7,30.7,30.75,39394431.0
2018-01-03 13:41:33.239000,30.7,30.7,30.75,39394431.0
2018-01-03 13:41:37.231000,30.7,30.7,30.75,39394431.0
2018-01-03 13:41:41.089000,30.7,30.7,30.75,39394431.0
2018-01-03 13:41:44.679000,30.7,30.7,30.75,39394431.0
2018-01-03 13:41:48.031000,30.7,30.7,30.75,39394431.0
2018-01-03 13:41:51.632000,30.7,30.7,30.75,39394431.0
2018-01-03 13:41:54.991000,30.7,30.7,30.75,39394431.0
2018-01-03 13:41:57.851000,30.7,30.7,30.75,39394431.0
2018-01-03 13:42:01.686000,30.7,30.7,30.75,39394431.0
2018-01-03 13:42:05.696000,30.7,30.7,30.75,39394431.0
2018-01-03 13:42:09.561000,30.7,30.7,30.75,39404171.0
2018-01-03 13:42:13.556000,30.7,30.7,30.75,39404171.0
2018-01-03 13:42:16.901000,30.7,30.7,30.75,39404171.0
2018-01-03 13:42:20.270000,30.7,30.7,30.75,39404171.0
2018-01-03 13:42:23.910000,30.7,30.7,30.75,39404171.0
2018-01-03 13:42:27.368000,30.7,30.7,30.75,39404171.0
2018-01-03 13:42:31.216000,30.7,30.7,30.75,39404171.0
2018-01-03 13:42:34.633000,30.7,30.7,30.75,39404171.0
2018-01-03 13:42:38.111000,30.7,30.7,30.75,39404171.0
2018-01-03 13:42:41.891000,30.7,30.7,30.75,39404171.0
2018-01-03 13:42:45.374000,30.7,30.7,30.75,39404171.0
2018-01-03 13:42:49.532000,30.7,30.7,30.75,39404171.0
2018-01-03 13:42:52.536000,30.7,30.7,30.75,39404171.0
2018-01-03 13:42:56.321000,30.7,30.7,30.75,39404171.0
2018-01-03 13:43:00.138000,30.7,30.7,30.75,39404171.0
2018-01-03 13:43:03.875000,30.7,30.7,30.75,39404171.0
2018-01-03 13:43:07.282000,30.7,30.7,30.75,39404171.0
2018-01-03 13:43:10.985000,30.75,30.7,30.75,39411535.0
2018-01-03 13:43:14.663000,30.75,30.7,30.75,39411535.0
2018-01-03 13:43:18.879000,30.75,30.7,30.75,39411535.0
2018-01-03 13:43:22.745000,30.75,30.7,30.75,39411535.0
2018-01-03 13:43:26.136000,30.75,30.7,30.75,39411535.0
2018-01-03 13:43:29.791000,30.75,30.7,30.75,39411535.0
2018-01-03 13:43:33.896000,30.75,30.7,30.75,39411535.0
2018-01-03 13:43:37.685000,30.75,30.7,30.75,39411535.0
2018-01-03 13:43:41.452000,30.75,30.7,30.75,39411535.0
2018-01-03 13:43:45.547000,30.75,30.7,30.75,39411535.0
2018-01-03 13:43:49.027000,30.75,30.7,30.75,39411535.0
2018-01-03 13:43:52.370000,30.75,30.7,30.75,39411535.0
2018-01-03 13:43:56.181000,30.75,30.7,30.75,39411535.0
2018-01-03 13:43:59.574000,30.75,30.7,30.75,39411535.0
2018-01-03 13:44:03.283000,30.75,30.7,30.75,39411535.0
2018-01-03 13:44:06.830000,30.75,30.7,30.75,39411535.0
2018-01-03 13:44:11.636000,30.7,30.65,30.75,39466535.0
2018-01-03 13:44:15.167000,30.7,30.65,30.75,39466535.0
2018-01-03 13:44:19.026000,30.7,30.65,30.75,39466535.0
2018-01-03 13:44:22.800000,30.7,30.65,30.75,39466535.0
2018-01-03 13:44:28.928000,30.7,30.65,30.75,39466535.0
2018-01-03 13:44:36.659000,30.7,30.65,30.75,39466535.0
2018-01-03 13:44:42.342000,30.7,30.65,30.75,39466535.0
2018-01-03 13:44:46.017000,30.7,30.65,30.75,39466535.0
2018-01-03 13:44:50.033000,30.7,30.65,30.75,39466535.0
2018-01-03 13:44:53.256000,30.7,30.65,30.75,39466535.0
2018-01-03 13:44:56.913000,30.7,30.7,30.75,39940535.0
2018-01-03 13:45:00.669000,30.7,30.7,30.75,39940535.0
2018-01-03 13:45:03.972000,30.7,30.7,30.75,39940535.0
2018-01-03 13:45:07.722000,30.7,30.7,30.75,39940535.0
2018-01-03 13:45:11.104000,30.7,30.7,30.75,39940535.0
2018-01-03 13:45:15.416000,30.7,30.7,30.75,39940535.0
2018-01-03 13:45:19.173000,30.7,30.7,30.75,39940535.0
2018-01-03 13:45:23.085000,30.7,30.7,30.75,39940535.0
2018-01-03 13:45:26.273000,30.7,30.7,30.75,39957535.0
2018-01-03 13:45:30.142000,30.7,30.7,30.75,39957535.0
2018-01-03 13:45:33.710000,30.7,30.7,30.75,39957535.0
2018-01-03 13:45:37.315000,30.7,30.7,30.75,39957535.0
2018-01-03 13:45:41.239000,30.7,30.7,30.75,39957535.0
2018-01-03 13:45:44.580000,30.7,30.7,30.75,39957535.0
2018-01-03 13:45:48.416000,30.7,30.7,30.75,39957535.0
2018-01-03 13:45:52.296000,30.7,30.7,30.75,39957535.0
2018-01-03 13:45:55.761000,30.7,30.7,30.75,39957535.0
2018-01-03 13:45:59.230000,30.7,30.7,30.75,39957535.0
2018-01-03 13:46:04.768000,30.7,30.7,30.75,39957535.0
2018-01-03 13:46:11.387000,30.7,30.7,30.75,39957535.0
2018-01-03 13:46:15.205000,30.7,30.7,30.75,39957535.0
2018-01-03 13:46:18.600000,30.7,30.7,30.75,39957535.0
2018-01-03 13:46:22.336000,30.7,30.7,30.75,39957535.0
2018-01-03 13:46:25.921000,30.7,30.7,30.75,39957535.0
2018-01-03 13:46:29.509000,30.7,30.7,30.75,39957535.0
2018-01-03 13:46:33.093000,30.7,30.7,30.75,39957535.0
2018-01-03 13:46:35.698000,30.7,30.7,30.75,39957535.0
2018-01-03 13:46:39.035000,30.7,30.7,30.75,39957535.0
2018-01-03 13:46:43.148000,30.7,30.7,30.75,39957535.0
2018-01-03 13:46:47.516000,30.7,30.7,30.75,39957535.0
2018-01-03 13:46:50.845000,30.7,30.7,30.75,39972035.0
2018-01-03 13:46:54.263000,30.7,30.7,30.75,39972035.0
2018-01-03 13:46:58.353000,30.7,30.7,30.75,39972035.0
2018-01-03 13:47:05.778000,30.7,30.7,30.75,39972035.0
2018-01-03 13:47:11.224000,30.7,30.7,30.75,39972035.0
2018-01-03 13:47:14.250000,30.7,30.7,30.75,39972035.0
2018-01-03 13:47:17.842000,30.7,30.7,30.75,39972035.0
2018-01-03 13:47:21.156000,30.7,30.7,30.75,39972035.0
2018-01-03 13:47:24.508000,30.7,30.7,30.75,39972035.0
2018-01-03 13:47:28.564000,30.7,30.7,30.75,39972035.0
2018-01-03 13:47:31.938000,30.7,30.7,30.75,39972035.0
2018-01-03 13:47:35.759000,30.7,30.7,30.75,39972035.0
2018-01-03 13:47:39.400000,30.7,30.7,30.75,39972035.0
2018-01-03 13:47:42.755000,30.7,30.7,30.75,39972035.0
2018-01-03 13:47:46.452000,30.7,30.7,30.75,39972035.0
2018-01-03 13:47:49.148000,30.7,30.7,30.75,39972035.0
2018-01-03 13:47:53.131000,30.7,30.65,30.7,40306035.0
2018-01-03 13:47:57.054000,30.7,30.65,30.7,40306035.0
2018-01-03 13:48:01.321000,30.7,30.65,30.7,40306035.0
2018-01-03 13:48:04.409000,30.7,30.65,30.7,40306035.0
2018-01-03 13:48:08.115000,30.7,30.65,30.7,40306035.0
2018-01-03 13:48:11.508000,30.7,30.65,30.7,40306035.0
2018-01-03 13:48:14.885000,30.7,30.65,30.7,40306035.0
2018-01-03 13:48:18.790000,30.7,30.65,30.7,40306035.0
2018-01-03 13:48:22.703000,30.7,30.65,30.7,40306035.0
2018-01-03 13:48:26.381000,30.7,30.65,30.7,40306035.0
2018-01-03 13:48:30.084000,30.7,30.65,30.7,40306035.0
2018-01-03 13:48:33.778000,30.7,30.65,30.7,40306035.0
2018-01-03 13:48:36.553000,30.7,30.65,30.7,40306035.0
2018-01-03 13:48:39.807000,30.7,30.65,30.7,40306035.0
2018-01-03 13:48:43.868000,30.7,30.65,30.7,40306035.0
2018-01-03 13:48:47.368000,30.7,30.65,30.7,40306035.0
2018-01-03 13:48:51.209000,30.7,30.65,30.7,40306035.0
2018-01-03 13:48:54.814000,30.7,30.65,30.7,40306035.0
2018-01-03 13:48:58.388000,30.65,30.65,30.7,40320535.0
2018-01-03 13:49:06.056000,30.65,30.65,30.7,40320535.0
2018-01-03 13:49:10.164000,30.65,30.65,30.7,40320535.0
2018-01-03 13:49:13.601000,30.65,30.65,30.7,40320535.0
2018-01-03 13:49:18.118000,30.65,30.65,30.7,40320535.0
2018-01-03 13:49:20.955000,30.65,30.65,30.7,40320535.0
2018-01-03 13:49:24.670000,30.65,30.65,30.7,40320535.0
2018-01-03 13:49:28.170000,30.65,30.65,30.7,40320535.0
2018-01-03 13:49:30.586000,30.65,30.65,30.7,40320535.0
2018-01-03 13:49:34.029000,30.65,30.65,30.7,40320535.0
2018-01-03 13:49:37.286000,30.65,30.65,30.7,40320535.0
2018-01-03 13:49:41.129000,30.65,30.65,30.7,40320535.0
2018-01-03 13:49:44.993000,30.65,30.65,30.7,40320535.0
2018-01-03 13:49:48.486000,30.65,30.65,30.7,40320535.0
2018-01-03 13:49:51.812000,30.65,30.65,30.7,40320535.0
2018-01-03 13:49:55,30.65,30.65,30.7,40320535.0
2018-01-03 13:49:58.668000,30.65,30.65,30.7,40320535.0
2018-01-03 13:50:06.002000,30.65,30.65,30.7,40320535.0
2018-01-03 13:50:11.509000,30.65,30.65,30.7,40320535.0
2018-01-03 13:50:15.072000,30.65,30.65,30.7,40328068.0
2018-01-03 13:50:19.256000,30.65,30.65,30.7,40328068.0
2018-01-03 13:50:22.265000,30.65,30.65,30.7,40328068.0
2018-01-03 13:50:26.256000,30.65,30.65,30.7,40328068.0
2018-01-03 13:50:30.043000,30.65,30.65,30.7,40328068.0
2018-01-03 13:50:33.688000,30.65,30.65,30.7,40328068.0
2018-01-03 13:50:37.081000,30.65,30.65,30.7,40328068.0
2018-01-03 13:50:40.453000,30.65,30.65,30.7,40328068.0
2018-01-03 13:50:43.994000,30.65,30.65,30.7,40328068.0
2018-01-03 13:50:47.798000,30.65,30.65,30.7,40328068.0
2018-01-03 13:50:51.508000,30.65,30.65,30.7,40328068.0
2018-01-03 13:50:55.386000,30.65,30.65,30.7,40341068.0
2018-01-03 13:50:59.215000,30.65,30.65,30.7,40341068.0
2018-01-03 13:51:02.640000,30.65,30.65,30.7,40341068.0
2018-01-03 13:51:05.712000,30.65,30.65,30.7,40341068.0
2018-01-03 13:51:08.980000,30.65,30.65,30.7,40341068.0
2018-01-03 13:51:13.175000,30.65,30.65,30.7,40341068.0
2018-01-03 13:51:17.039000,30.65,30.65,30.7,40341068.0
2018-01-03 13:51:20.474000,30.65,30.65,30.7,40341068.0
2018-01-03 13:51:24.120000,30.65,30.65,30.7,40341068.0
2018-01-03 13:51:27.496000,30.65,30.65,30.7,40341068.0
2018-01-03 13:51:31.357000,30.65,30.65,30.7,40341068.0
2018-01-03 13:51:35.024000,30.65,30.65,30.7,40341068.0
2018-01-03 13:51:38.614000,30.65,30.65,30.7,40368568.0
2018-01-03 13:51:41.982000,30.65,30.65,30.7,40368568.0
2018-01-03 13:51:45.658000,30.65,30.65,30.7,40368568.0
2018-01-03 13:51:49.239000,30.65,30.65,30.7,40368568.0
2018-01-03 13:51:52.510000,30.65,30.65,30.7,40368568.0
2018-01-03 13:51:55.633000,30.65,30.65,30.7,40368568.0
2018-01-03 13:51:58.308000,30.65,30.65,30.7,40368568.0
2018-01-03 13:52:01.667000,30.65,30.65,30.7,40368568.0
2018-01-03 13:52:04.848000,30.65,30.65,30.7,40368568.0
2018-01-03 13:52:08.712000,30.65,30.65,30.7,40368568.0
2018-01-03 13:52:13.844000,30.65,30.65,30.7,40368568.0
2018-01-03 13:52:17.671000,30.7,30.65,30.7,40520068.0
2018-01-03 13:52:21.252000,30.7,30.7,30.75,41294068.0
2018-01-03 13:52:25.005000,30.7,30.7,30.75,41294068.0
2018-01-03 13:52:28.727000,30.7,30.7,30.75,41706568.0
2018-01-03 13:52:31.574000,30.7,30.7,30.75,41706568.0
2018-01-03 13:52:36.029000,30.7,30.7,30.75,41706568.0
2018-01-03 13:52:40.095000,30.7,30.7,30.75,41706568.0
2018-01-03 13:52:44.175000,30.7,30.7,30.75,41706568.0
2018-01-03 13:52:47.406000,30.7,30.7,30.75,41706568.0
2018-01-03 13:52:51.828000,30.7,30.7,30.75,41706568.0
2018-01-03 13:52:55.564000,30.7,30.7,30.75,41706568.0
2018-01-03 13:52:59.068000,30.7,30.7,30.75,41706568.0
2018-01-03 13:53:05.855000,30.7,30.7,30.75,41706568.0
2018-01-03 13:53:10.694000,30.7,30.7,30.75,41706568.0
2018-01-03 13:53:16.235000,30.7,30.7,30.75,41706568.0
2018-01-03 13:53:19.843000,30.7,30.7,30.75,41706568.0
2018-01-03 13:53:23.568000,30.7,30.7,30.75,41706568.0
2018-01-03 13:53:27.068000,30.7,30.7,30.75,41706568.0
2018-01-03 13:53:30.728000,30.75,30.7,30.75,41872568.0
2018-01-03 13:53:34.800000,30.75,30.7,30.75,41872568.0
2018-01-03 13:53:38.395000,30.75,30.7,30.75,41872568.0
2018-01-03 13:53:41.769000,30.75,30.7,30.75,41872568.0
2018-01-03 13:53:45.661000,30.75,30.7,30.75,41872568.0
2018-01-03 13:53:55.343000,30.75,30.7,30.75,41872568.0
2018-01-03 13:53:59.913000,30.75,30.7,30.75,41872568.0
2018-01-03 13:54:05.602000,30.75,30.7,30.75,41872568.0
2018-01-03 13:54:09.529000,30.75,30.7,30.75,41872568.0
2018-01-03 13:54:13.652000,30.75,30.7,30.75,41872568.0
2018-01-03 13:54:18.014000,30.75,30.7,30.75,41872568.0
2018-01-03 13:54:21.924000,30.75,30.7,30.75,41872568.0
2018-01-03 13:54:25.667000,30.75,30.7,30.75,41872568.0
2018-01-03 13:54:29.418000,30.75,30.7,30.75,41872568.0
2018-01-03 13:54:33.108000,30.7,30.7,30.75,41881568.0
2018-01-03 13:54:36.653000,30.7,30.7,30.75,41881568.0
2018-01-03 13:54:40.421000,30.7,30.7,30.75,41881568.0
2018-01-03 13:54:44.288000,30.7,30.7,30.75,41881568.0
2018-01-03 13:54:47.984000,30.7,30.7,30.75,41881568.0
2018-01-03 13:54:51.707000,30.7,30.7,30.75,41881568.0
2018-01-03 13:54:55.244000,30.7,30.7,30.75,41881568.0
2018-01-03 13:54:59.025000,30.7,30.7,30.75,41881568.0
2018-01-03 13:55:02.030000,30.7,30.7,30.75,41881568.0
2018-01-03 13:55:05.901000,30.7,30.7,30.75,41881568.0
2018-01-03 13:55:09.560000,30.7,30.7,30.75,41881568.0
2018-01-03 13:55:13.710000,30.7,30.7,30.75,41881568.0
2018-01-03 13:55:18.053000,30.7,30.7,30.75,41881568.0
2018-01-03 13:55:21.795000,30.7,30.7,30.75,41881568.0
2018-01-03 13:55:25.780000,30.7,30.7,30.75,41881568.0
2018-01-03 13:55:29.209000,30.7,30.7,30.75,41881568.0
2018-01-03 13:55:33.072000,30.7,30.7,30.75,41881568.0
2018-01-03 13:55:36.460000,30.7,30.7,30.75,41881568.0
2018-01-03 13:55:39.817000,30.7,30.7,30.75,41881568.0
2018-01-03 13:55:43.301000,30.7,30.7,30.75,41881568.0
2018-01-03 13:55:47.359000,30.7,30.7,30.75,41881568.0
2018-01-03 13:55:50.682000,30.7,30.7,30.75,41881568.0
2018-01-03 13:55:54.454000,30.7,30.7,30.75,41881568.0
2018-01-03 13:55:57.619000,30.7,30.7,30.75,41881568.0
2018-01-03 13:56:01.579000,30.7,30.7,30.75,41882831.0
2018-01-03 13:56:05.320000,30.7,30.7,30.75,41882831.0
2018-01-03 13:56:09.614000,30.7,30.7,30.75,41882831.0
2018-01-03 13:56:13.577000,30.7,30.7,30.75,41882831.0
2018-01-03 13:56:17.682000,30.7,30.7,30.75,41882831.0
2018-01-03 13:56:21.577000,30.7,30.7,30.75,41882831.0
2018-01-03 13:56:25.188000,30.7,30.7,30.75,41882831.0
2018-01-03 13:56:30.392000,30.7,30.7,30.75,41882831.0
2018-01-03 13:56:34.098000,30.7,30.7,30.75,41882831.0
2018-01-03 13:56:37.947000,30.7,30.7,30.75,41882831.0
2018-01-03 13:56:41.830000,30.7,30.7,30.75,41882831.0
2018-01-03 13:56:45.117000,30.7,30.7,30.75,41882831.0
2018-01-03 13:56:48.830000,30.7,30.7,30.75,41882831.0
2018-01-03 13:56:52.331000,30.7,30.7,30.75,41882831.0
2018-01-03 13:56:56.004000,30.7,30.7,30.75,41882831.0
2018-01-03 13:56:59.875000,30.7,30.7,30.75,41882831.0
2018-01-03 13:57:03.595000,30.7,30.7,30.75,41882831.0
2018-01-03 13:57:07.097000,30.7,30.7,30.75,41882831.0
2018-01-03 13:57:11.366000,30.7,30.7,30.75,41892831.0
2018-01-03 13:57:14.996000,30.7,30.7,30.75,41892831.0
2018-01-03 13:57:18.900000,30.7,30.7,30.75,41892831.0
2018-01-03 13:57:22.811000,30.7,30.7,30.75,41892831.0
2018-01-03 13:57:26.746000,30.7,30.7,30.75,41892831.0
2018-01-03 13:57:30.563000,30.7,30.7,30.75,41892831.0
2018-01-03 13:57:34.376000,30.7,30.7,30.75,41892831.0
2018-01-03 13:57:37.998000,30.7,30.7,30.75,41892831.0
2018-01-03 13:57:42.172000,30.7,30.7,30.75,41892831.0
2018-01-03 13:57:45.517000,30.7,30.7,30.75,41892831.0
2018-01-03 13:57:48.526000,30.7,30.7,30.75,41892831.0
2018-01-03 13:57:52.248000,30.7,30.7,30.75,41892831.0
2018-01-03 13:57:55.842000,30.7,30.7,30.75,41892831.0
2018-01-03 13:57:59.347000,30.7,30.7,30.75,41892831.0
2018-01-03 13:58:02.960000,30.7,30.7,30.75,41892831.0
2018-01-03 13:58:10.013000,30.7,30.7,30.75,41892831.0
2018-01-03 13:58:13.758000,30.7,30.7,30.75,41892831.0
2018-01-03 13:58:17.749000,30.7,30.7,30.75,41892831.0
2018-01-03 13:58:21.716000,30.7,30.7,30.75,41892831.0
2018-01-03 13:58:25.783000,30.7,30.7,30.75,41892831.0
2018-01-03 13:58:29.243000,30.75,30.7,30.75,41896831.0
2018-01-03 13:58:33.116000,30.75,30.7,30.75,41896831.0
2018-01-03 13:58:36.510000,30.75,30.7,30.75,41896831.0
2018-01-03 13:58:39.574000,30.75,30.7,30.75,41896831.0
2018-01-03 13:58:42.987000,30.75,30.7,30.75,41896831.0
2018-01-03 13:58:46.659000,30.75,30.7,30.75,41896831.0
2018-01-03 13:58:50.441000,30.75,30.7,30.75,41896831.0
2018-01-03 13:58:54.084000,30.75,30.7,30.75,41896831.0
2018-01-03 13:58:57.603000,30.75,30.7,30.75,41896831.0
2018-01-03 13:59:01.295000,30.75,30.7,30.75,41896831.0
2018-01-03 13:59:05.159000,30.75,30.7,30.75,41896831.0
2018-01-03 13:59:12.759000,30.75,30.7,30.75,41896831.0
2018-01-03 13:59:17.234000,30.75,30.7,30.75,41896831.0
2018-01-03 13:59:21.139000,30.75,30.7,30.75,41896831.0
2018-01-03 13:59:24.857000,30.75,30.7,30.75,41896831.0
2018-01-03 13:59:28.785000,30.75,30.7,30.75,41896831.0
2018-01-03 13:59:32.557000,30.7,30.7,30.75,41914831.0
2018-01-03 13:59:35.784000,30.7,30.7,30.75,41914831.0
2018-01-03 13:59:39.666000,30.7,30.7,30.75,41914831.0
2018-01-03 13:59:43.077000,30.7,30.7,30.75,41914831.0
2018-01-03 13:59:46.701000,30.7,30.7,30.75,41914831.0
2018-01-03 13:59:50.135000,30.7,30.7,30.75,41914831.0
2018-01-03 13:59:54.156000,30.7,30.7,30.75,41914831.0
2018-01-03 13:59:57.003000,30.7,30.7,30.75,41914831.0
2018-01-03 14:00:00.877000,30.7,30.7,30.75,41914831.0
2018-01-03 14:00:04.711000,30.7,30.7,30.75,41914831.0
2018-01-03 14:00:08.767000,30.7,30.7,30.75,41914831.0
2018-01-03 14:00:12.246000,30.7,30.7,30.75,41914831.0
2018-01-03 14:00:17.007000,30.7,30.7,30.75,41914831.0
2018-01-03 14:00:21.234000,30.7,30.7,30.75,41914831.0
2018-01-03 14:00:25.313000,30.7,30.7,30.75,41914831.0
2018-01-03 14:00:29.402000,30.7,30.7,30.75,41914831.0
2018-01-03 14:00:33.203000,30.7,30.7,30.75,41916831.0
2018-01-03 14:00:36.593000,30.7,30.7,30.75,41916831.0
2018-01-03 14:00:40.236000,30.7,30.7,30.75,41916831.0
2018-01-03 14:00:43.974000,30.7,30.7,30.75,41916831.0
2018-01-03 14:00:47.345000,30.7,30.7,30.75,41916831.0
2018-01-03 14:00:50.769000,30.7,30.7,30.75,41916831.0
2018-01-03 14:00:54.427000,30.7,30.7,30.75,41916831.0
2018-01-03 14:00:57.865000,30.7,30.7,30.75,41916831.0
2018-01-03 14:01:01.340000,30.7,30.7,30.75,41916831.0
2018-01-03 14:01:05.530000,30.7,30.7,30.75,41916831.0
2018-01-03 14:01:10.622000,30.7,30.7,30.75,41916831.0
2018-01-03 14:01:14.496000,30.7,30.7,30.75,41916831.0
2018-01-03 14:01:18.182000,30.7,30.7,30.75,41916831.0
2018-01-03 14:01:21.334000,30.7,30.7,30.75,41916831.0
2018-01-03 14:01:24.863000,30.7,30.7,30.75,41916831.0
2018-01-03 14:01:28.480000,30.7,30.7,30.75,41916831.0
2018-01-03 14:01:32.395000,30.7,30.7,30.75,41916831.0
2018-01-03 14:01:35.744000,30.7,30.7,30.75,41916831.0
2018-01-03 14:01:39.564000,30.7,30.7,30.75,41916831.0
2018-01-03 14:01:43.111000,30.7,30.7,30.75,41916831.0
2018-01-03 14:01:47.008000,30.7,30.7,30.75,41916831.0
2018-01-03 14:01:50.874000,30.75,30.7,30.75,41927331.0
2018-01-03 14:01:54.836000,30.75,30.7,30.75,41927331.0
2018-01-03 14:01:58.193000,30.75,30.7,30.75,41927331.0
2018-01-03 14:02:01.693000,30.75,30.7,30.75,41927331.0
2018-01-03 14:02:05.564000,30.75,30.7,30.75,41927331.0
2018-01-03 14:02:09.956000,30.75,30.7,30.75,41927331.0
2018-01-03 14:02:13.640000,30.75,30.7,30.75,41927331.0
2018-01-03 14:02:20.305000,30.75,30.7,30.75,41927331.0
2018-01-03 14:02:23.624000,30.75,30.7,30.75,41927331.0
2018-01-03 14:02:27.756000,30.75,30.7,30.75,41927331.0
2018-01-03 14:02:32.159000,30.75,30.7,30.75,41927331.0
2018-01-03 14:02:35.772000,30.75,30.7,30.75,41927331.0
2018-01-03 14:02:40.288000,30.75,30.7,30.75,41927331.0
2018-01-03 14:02:43.709000,30.75,30.7,30.75,41927331.0
2018-01-03 14:02:47.039000,30.7,30.7,30.75,41936331.0
2018-01-03 14:02:51.150000,30.7,30.7,30.75,41936331.0
2018-01-03 14:02:55.420000,30.7,30.7,30.75,41936331.0
2018-01-03 14:02:58.760000,30.7,30.7,30.75,41936331.0
2018-01-03 14:03:02.596000,30.7,30.7,30.75,41936331.0
2018-01-03 14:03:11.224000,30.7,30.7,30.75,41936331.0
2018-01-03 14:03:14.826000,30.7,30.7,30.75,41936331.0
2018-01-03 14:03:18.186000,30.7,30.7,30.75,41936331.0
2018-01-03 14:03:22.345000,30.7,30.7,30.75,41936331.0
2018-01-03 14:03:26.378000,30.7,30.7,30.75,41936331.0
2018-01-03 14:03:29.995000,30.7,30.7,30.75,41936331.0
2018-01-03 14:03:34.120000,30.7,30.7,30.75,41936331.0
2018-01-03 14:03:37.626000,30.7,30.7,30.75,41936331.0
2018-01-03 14:03:41.465000,30.7,30.7,30.75,41936331.0
2018-01-03 14:03:45.062000,30.7,30.7,30.75,41936331.0
2018-01-03 14:03:49.017000,30.7,30.7,30.75,41936331.0
2018-01-03 14:03:52.774000,30.7,30.7,30.75,41936331.0
2018-01-03 14:03:56.735000,30.7,30.7,30.75,41941331.0
2018-01-03 14:04:00.951000,30.7,30.7,30.75,41941331.0
2018-01-03 14:04:04.260000,30.7,30.7,30.75,41941331.0
2018-01-03 14:04:08.092000,30.7,30.7,30.75,41941331.0
2018-01-03 14:04:15.226000,30.7,30.7,30.75,41941331.0
2018-01-03 14:04:18.994000,30.7,30.7,30.75,41941331.0
2018-01-03 14:04:22.259000,30.7,30.7,30.75,41941331.0
2018-01-03 14:04:26.200000,30.7,30.7,30.75,41941331.0
2018-01-03 14:04:30.183000,30.7,30.7,30.75,41941331.0
2018-01-03 14:04:34.118000,30.7,30.7,30.75,41941331.0
2018-01-03 14:04:37.797000,30.7,30.7,30.75,41941331.0
2018-01-03 14:04:41.670000,30.7,30.7,30.75,41941331.0
2018-01-03 14:04:45.386000,30.7,30.7,30.75,41941331.0
2018-01-03 14:04:49.300000,30.7,30.7,30.75,41941331.0
2018-01-03 14:04:52.505000,30.7,30.7,30.75,41941331.0
2018-01-03 14:04:56.581000,30.7,30.7,30.75,41941331.0
2018-01-03 14:05:00.050000,30.7,30.7,30.75,41941331.0
2018-01-03 14:05:03.880000,30.7,30.7,30.75,41941331.0
2018-01-03 14:05:07.019000,30.7,30.7,30.75,41941331.0
2018-01-03 14:05:10.512000,30.7,30.7,30.75,41941331.0
2018-01-03 14:05:13.831000,30.75,30.7,30.75,41945831.0
2018-01-03 14:05:18.031000,30.75,30.7,30.75,41945831.0
2018-01-03 14:05:20.979000,30.75,30.7,30.75,41945831.0
2018-01-03 14:05:24.930000,30.75,30.7,30.75,41945831.0
2018-01-03 14:05:28.533000,30.75,30.7,30.75,41945831.0
2018-01-03 14:05:32.100000,30.75,30.7,30.75,41945831.0
2018-01-03 14:05:35.980000,30.75,30.7,30.75,41945831.0
2018-01-03 14:05:39.696000,30.75,30.7,30.75,41945831.0
2018-01-03 14:05:43.250000,30.75,30.7,30.75,41945831.0
2018-01-03 14:05:47.286000,30.75,30.7,30.75,41945831.0
2018-01-03 14:05:50.647000,30.75,30.7,30.75,41945831.0
2018-01-03 14:05:54.386000,30.75,30.7,30.75,41945831.0
2018-01-03 14:05:58.586000,30.75,30.7,30.75,41945831.0
2018-01-03 14:06:02.987000,30.75,30.7,30.75,41945831.0
2018-01-03 14:06:07.478000,30.75,30.75,30.8,43371331.0
2018-01-03 14:06:15.339000,30.75,30.75,30.8,43371331.0
2018-01-03 14:06:19.905000,30.75,30.75,30.8,43371331.0
2018-01-03 14:06:23.469000,30.75,30.75,30.8,43371331.0
2018-01-03 14:06:27.188000,30.75,30.75,30.8,43371331.0
2018-01-03 14:06:31.297000,30.75,30.75,30.8,43371331.0
2018-01-03 14:06:34.762000,30.75,30.75,30.8,43371331.0
2018-01-03 14:06:38.581000,30.75,30.75,30.8,43371331.0
2018-01-03 14:06:42.688000,30.75,30.75,30.8,43371331.0
2018-01-03 14:06:46.708000,30.75,30.75,30.8,43371331.0
2018-01-03 14:06:50.512000,30.75,30.75,30.8,43371331.0
2018-01-03 14:06:54.394000,30.75,30.75,30.8,43371331.0
2018-01-03 14:06:58.438000,30.75,30.75,30.8,43371331.0
2018-01-03 14:07:01.413000,30.75,30.75,30.8,43371331.0
2018-01-03 14:07:05.068000,30.75,30.75,30.8,43371331.0
2018-01-03 14:07:08.651000,30.75,30.75,30.8,43371331.0
2018-01-03 14:07:12.337000,30.7,30.7,30.75,43532331.0
2018-01-03 14:07:15.795000,30.7,30.7,30.75,43532331.0
2018-01-03 14:07:19.595000,30.7,30.7,30.75,43532331.0
2018-01-03 14:07:23.593000,30.7,30.7,30.75,43532331.0
2018-01-03 14:07:27.067000,30.7,30.7,30.75,43532331.0
2018-01-03 14:07:30.516000,30.7,30.7,30.75,43532331.0
2018-01-03 14:07:33.595000,30.7,30.7,30.75,43532331.0
2018-01-03 14:07:37.623000,30.7,30.7,30.75,43532331.0
2018-01-03 14:07:40.986000,30.7,30.7,30.75,43532331.0
2018-01-03 14:07:44.496000,30.7,30.7,30.75,43532331.0
2018-01-03 14:07:48.346000,30.7,30.7,30.75,43532331.0
2018-01-03 14:07:52.213000,30.7,30.7,30.75,43532331.0
2018-01-03 14:07:55.840000,30.7,30.7,30.75,43532331.0
2018-01-03 14:07:59.639000,30.7,30.7,30.75,43532331.0
2018-01-03 14:08:03.175000,30.7,30.7,30.75,43532331.0
2018-01-03 14:08:06.940000,30.7,30.7,30.75,43532331.0
2018-01-03 14:08:13.440000,30.7,30.7,30.75,43532331.0
2018-01-03 14:08:17.141000,30.7,30.7,30.75,43532331.0
2018-01-03 14:08:20.611000,30.7,30.7,30.75,43532331.0
2018-01-03 14:08:24.565000,30.7,30.7,30.75,43532331.0
2018-01-03 14:08:28.485000,30.7,30.7,30.75,43532331.0
2018-01-03 14:08:32.178000,30.7,30.7,30.75,43535276.0
2018-01-03 14:08:36.070000,30.7,30.7,30.75,43535276.0
2018-01-03 14:08:39.662000,30.7,30.7,30.75,43535276.0
2018-01-03 14:08:42.772000,30.7,30.7,30.75,43535276.0
2018-01-03 14:08:46.366000,30.7,30.7,30.75,43535276.0
2018-01-03 14:08:50.216000,30.7,30.7,30.75,43535276.0
2018-01-03 14:08:54.338000,30.7,30.7,30.75,43535276.0
2018-01-03 14:08:57.535000,30.7,30.7,30.75,43535276.0
2018-01-03 14:09:01.417000,30.7,30.7,30.75,43535276.0
2018-01-03 14:09:05.249000,30.7,30.7,30.75,43535276.0
2018-01-03 14:09:09.109000,30.7,30.7,30.75,43535276.0
2018-01-03 14:09:12.260000,30.7,30.7,30.75,43535276.0
2018-01-03 14:09:15.848000,30.7,30.7,30.75,43535276.0
2018-01-03 14:09:19.769000,30.7,30.7,30.75,43535276.0
2018-01-03 14:09:23.794000,30.7,30.7,30.75,43535276.0
2018-01-03 14:09:27.322000,30.7,30.7,30.75,43535276.0
2018-01-03 14:09:31.091000,30.7,30.7,30.75,43535276.0
2018-01-03 14:09:34.667000,30.7,30.7,30.75,43535276.0
2018-01-03 14:09:38.641000,30.7,30.7,30.75,43535276.0
2018-01-03 14:09:42.030000,30.7,30.7,30.75,43535276.0
2018-01-03 14:09:45.790000,30.7,30.7,30.75,43535276.0
2018-01-03 14:09:49.087000,30.7,30.7,30.75,43535276.0
2018-01-03 14:09:52.650000,30.7,30.7,30.75,43535276.0
2018-01-03 14:09:56.212000,30.7,30.7,30.75,43535276.0
2018-01-03 14:09:59.998000,30.75,30.7,30.75,43540276.0
2018-01-03 14:10:06.378000,30.75,30.7,30.75,43540276.0
2018-01-03 14:10:13.759000,30.75,30.7,30.75,43540276.0
2018-01-03 14:10:17.928000,30.75,30.7,30.75,43540276.0
2018-01-03 14:10:21.937000,30.75,30.7,30.75,43540276.0
2018-01-03 14:10:25.532000,30.75,30.7,30.75,43540276.0
2018-01-03 14:10:29.350000,30.75,30.7,30.75,43540276.0
2018-01-03 14:10:32.880000,30.75,30.7,30.75,43540276.0
2018-01-03 14:10:36.588000,30.75,30.7,30.75,43540276.0
2018-01-03 14:10:40.027000,30.75,30.7,30.75,43540276.0
2018-01-03 14:10:43.668000,30.75,30.7,30.75,43540276.0
2018-01-03 14:10:46.560000,30.75,30.7,30.75,43540276.0
2018-01-03 14:10:50.557000,30.75,30.7,30.75,43540276.0
2018-01-03 14:10:54.089000,30.75,30.7,30.75,43540276.0
2018-01-03 14:10:57.891000,30.75,30.7,30.75,43540276.0
2018-01-03 14:11:01.423000,30.75,30.7,30.75,43540276.0
2018-01-03 14:11:05.273000,30.75,30.7,30.75,43540276.0
2018-01-03 14:11:08.998000,30.75,30.7,30.75,43540276.0
2018-01-03 14:11:13.711000,30.75,30.7,30.75,43540276.0
2018-01-03 14:11:17.366000,30.75,30.7,30.75,43545276.0
2018-01-03 14:11:20.992000,30.75,30.7,30.75,43545276.0
2018-01-03 14:11:24.621000,30.75,30.7,30.75,43545276.0
2018-01-03 14:11:28.430000,30.75,30.7,30.75,43545276.0
2018-01-03 14:11:32.196000,30.75,30.7,30.75,43545276.0
2018-01-03 14:11:36.120000,30.75,30.7,30.75,43545276.0
2018-01-03 14:11:39.430000,30.75,30.7,30.75,43545276.0
2018-01-03 14:11:43.249000,30.75,30.7,30.75,43545276.0
2018-01-03 14:11:47.241000,30.75,30.7,30.75,43545276.0
2018-01-03 14:11:51.320000,30.75,30.7,30.75,43545276.0
2018-01-03 14:11:55.072000,30.75,30.7,30.75,43545276.0
2018-01-03 14:11:58.537000,30.75,30.7,30.75,43545276.0
2018-01-03 14:12:01.912000,30.75,30.7,30.75,43545276.0
2018-01-03 14:12:08.746000,30.75,30.7,30.75,43545276.0
2018-01-03 14:12:11.957000,30.75,30.7,30.75,43545276.0
2018-01-03 14:12:15.683000,30.75,30.7,30.75,43545276.0
2018-01-03 14:12:20.044000,30.75,30.7,30.75,43545276.0
2018-01-03 14:12:23.771000,30.75,30.7,30.75,43545276.0
2018-01-03 14:12:27.958000,30.75,30.7,30.75,43545276.0
2018-01-03 14:12:31.788000,30.75,30.7,30.75,43545276.0
2018-01-03 14:12:35.582000,30.75,30.7,30.75,43545276.0
2018-01-03 14:12:39.637000,30.75,30.7,30.75,43545276.0
2018-01-03 14:12:43.738000,30.75,30.7,30.75,43563445.0
2018-01-03 14:12:47.397000,30.75,30.7,30.75,43563445.0
2018-01-03 14:12:51.528000,30.75,30.7,30.75,43563445.0
2018-01-03 14:12:55.399000,30.75,30.7,30.75,43563445.0
2018-01-03 14:12:59.330000,30.75,30.7,30.75,43563445.0
2018-01-03 14:13:02.876000,30.75,30.7,30.75,43563445.0
2018-01-03 14:13:11.075000,30.75,30.7,30.75,43563445.0
2018-01-03 14:13:14.854000,30.75,30.7,30.75,43563445.0
2018-01-03 14:13:18.914000,30.75,30.7,30.75,43563445.0
2018-01-03 14:13:22.807000,30.75,30.7,30.75,43563445.0
2018-01-03 14:13:26.724000,30.75,30.7,30.75,43563445.0
2018-01-03 14:13:30.248000,30.75,30.7,30.75,43563445.0
2018-01-03 14:13:33.806000,30.75,30.7,30.75,43563445.0
2018-01-03 14:13:37.146000,30.75,30.7,30.75,43568445.0
2018-01-03 14:13:40.424000,30.75,30.7,30.75,43568445.0
2018-01-03 14:13:44.146000,30.75,30.7,30.75,43568445.0
2018-01-03 14:13:48.176000,30.75,30.7,30.75,43568445.0
2018-01-03 14:13:52.154000,30.75,30.7,30.75,43568445.0
2018-01-03 14:13:55.991000,30.75,30.7,30.75,43568445.0
2018-01-03 14:13:59.866000,30.75,30.7,30.75,43568445.0
2018-01-03 14:14:05.703000,30.75,30.7,30.75,43568445.0
2018-01-03 14:14:11.241000,30.75,30.7,30.75,43568445.0
2018-01-03 14:14:15.632000,30.75,30.7,30.75,43568445.0
2018-01-03 14:14:20.625000,30.75,30.7,30.75,43568445.0
2018-01-03 14:14:23.775000,30.75,30.7,30.75,43568445.0
2018-01-03 14:14:27.036000,30.75,30.7,30.75,43568445.0
2018-01-03 14:14:30.339000,30.75,30.7,30.75,43568445.0
2018-01-03 14:14:34.151000,30.75,30.7,30.75,43568445.0
2018-01-03 14:14:37.295000,30.75,30.7,30.75,43568445.0
2018-01-03 14:14:40.642000,30.75,30.7,30.75,43568445.0
2018-01-03 14:14:44.395000,30.75,30.7,30.75,43568445.0
2018-01-03 14:14:48.517000,30.75,30.7,30.75,43576445.0
2018-01-03 14:14:51.792000,30.75,30.7,30.75,43576445.0
2018-01-03 14:14:55.597000,30.75,30.7,30.75,43576445.0
2018-01-03 14:14:59.558000,30.75,30.7,30.75,43576445.0
2018-01-03 14:15:03.058000,30.75,30.7,30.75,43576445.0
2018-01-03 14:15:05.758000,30.75,30.7,30.75,43576445.0
2018-01-03 14:15:09.612000,30.75,30.7,30.75,43576445.0
2018-01-03 14:15:13.476000,30.75,30.7,30.75,43576445.0
2018-01-03 14:15:16.899000,30.75,30.7,30.75,43576445.0
2018-01-03 14:15:20.558000,30.75,30.7,30.75,43576445.0
2018-01-03 14:15:24.193000,30.75,30.7,30.75,43576445.0
2018-01-03 14:15:27.610000,30.75,30.7,30.75,43576445.0
2018-01-03 14:15:31.393000,30.75,30.7,30.75,43576445.0
2018-01-03 14:15:35.433000,30.75,30.7,30.75,43576445.0
2018-01-03 14:15:39.109000,30.75,30.7,30.75,43576445.0
2018-01-03 14:15:42.289000,30.75,30.7,30.75,43576445.0
2018-01-03 14:15:45.296000,30.75,30.7,30.75,43576445.0
2018-01-03 14:15:48.350000,30.75,30.7,30.75,43576445.0
2018-01-03 14:15:51.946000,30.75,30.7,30.75,43576445.0
2018-01-03 14:15:55.322000,30.75,30.7,30.75,43576445.0
2018-01-03 14:15:58.080000,30.75,30.7,30.75,43576445.0
2018-01-03 14:16:02.126000,30.75,30.7,30.75,43576445.0
2018-01-03 14:16:05.978000,30.75,30.7,30.75,43576445.0
2018-01-03 14:16:12.282000,30.75,30.7,30.75,43576445.0
2018-01-03 14:16:16.274000,30.75,30.7,30.75,43576445.0
2018-01-03 14:16:20.298000,30.7,30.7,30.75,43582378.0
2018-01-03 14:16:24.191000,30.7,30.7,30.75,43582378.0
2018-01-03 14:16:27.653000,30.7,30.7,30.75,43582378.0
2018-01-03 14:16:30.691000,30.7,30.7,30.75,43582378.0
2018-01-03 14:16:34.601000,30.7,30.7,30.75,43582378.0
2018-01-03 14:16:38.628000,30.7,30.7,30.75,43582378.0
2018-01-03 14:16:42.060000,30.7,30.7,30.75,43582378.0
2018-01-03 14:16:45.880000,30.7,30.7,30.75,43582378.0
2018-01-03 14:16:49.851000,30.7,30.7,30.75,43582378.0
2018-01-03 14:16:53.692000,30.7,30.7,30.75,43582378.0
2018-01-03 14:16:57.577000,30.7,30.7,30.75,43582378.0
2018-01-03 14:17:01.233000,30.7,30.7,30.75,43582378.0
2018-01-03 14:17:05.098000,30.7,30.7,30.75,43582378.0
2018-01-03 14:17:10.480000,30.7,30.7,30.75,43781378.0
2018-01-03 14:17:13.786000,30.7,30.7,30.75,43781378.0
2018-01-03 14:17:16.786000,30.7,30.7,30.75,43781378.0
2018-01-03 14:17:20.755000,30.7,30.7,30.75,43781378.0
2018-01-03 14:17:24.558000,30.7,30.7,30.75,43781378.0
2018-01-03 14:17:27.892000,30.7,30.7,30.75,43781378.0
2018-01-03 14:17:31.097000,30.7,30.7,30.75,43781378.0
2018-01-03 14:17:34.374000,30.7,30.7,30.75,43781378.0
2018-01-03 14:17:37.690000,30.7,30.7,30.75,43781378.0
2018-01-03 14:17:41.546000,30.7,30.7,30.75,43781378.0
2018-01-03 14:17:45.500000,30.7,30.7,30.75,43781378.0
2018-01-03 14:17:49.001000,30.7,30.7,30.75,43781378.0
2018-01-03 14:17:53.050000,30.7,30.7,30.75,43781378.0
2018-01-03 14:17:56.947000,30.7,30.7,30.75,43781378.0
2018-01-03 14:18:00.848000,30.7,30.7,30.75,43781378.0
2018-01-03 14:18:05.997000,30.7,30.7,30.75,43787878.0
2018-01-03 14:18:09.438000,30.7,30.7,30.75,43787878.0
2018-01-03 14:18:12.969000,30.7,30.7,30.75,43787878.0
2018-01-03 14:18:16.804000,30.7,30.7,30.75,43787878.0
2018-01-03 14:18:20.700000,30.7,30.7,30.75,43787878.0
2018-01-03 14:18:24.525000,30.7,30.7,30.75,43787878.0
2018-01-03 14:18:28.020000,30.7,30.7,30.75,43787878.0
2018-01-03 14:18:32.873000,30.7,30.7,30.75,43787878.0
2018-01-03 14:18:36.288000,30.7,30.7,30.75,43787878.0
2018-01-03 14:18:39.585000,30.7,30.7,30.75,43787878.0
2018-01-03 14:18:43.514000,30.7,30.7,30.75,43787878.0
2018-01-03 14:18:47.482000,30.7,30.7,30.75,43787878.0
2018-01-03 14:18:51.423000,30.7,30.7,30.75,43787878.0
2018-01-03 14:18:54.254000,30.7,30.7,30.75,43787878.0
2018-01-03 14:18:57.865000,30.7,30.7,30.75,43787878.0
2018-01-03 14:19:01.636000,30.7,30.7,30.75,43787878.0
2018-01-03 14:19:05.265000,30.7,30.7,30.75,43787878.0
2018-01-03 14:19:08.526000,30.7,30.7,30.75,43787878.0
2018-01-03 14:19:12.408000,30.75,30.7,30.75,43803878.0
2018-01-03 14:19:16.304000,30.75,30.7,30.75,43803878.0
2018-01-03 14:19:19.949000,30.75,30.7,30.75,43803878.0
2018-01-03 14:19:23.989000,30.75,30.7,30.75,43803878.0
2018-01-03 14:19:27.910000,30.75,30.7,30.75,43803878.0
2018-01-03 14:19:31.340000,30.75,30.7,30.75,43803878.0
2018-01-03 14:19:35.189000,30.75,30.7,30.75,43885878.0
2018-01-03 14:19:38.706000,30.75,30.7,30.75,44300878.0
2018-01-03 14:19:42.508000,30.75,30.7,30.75,44300878.0
2018-01-03 14:19:45.549000,30.75,30.7,30.75,44300878.0
2018-01-03 14:19:49.618000,30.75,30.7,30.75,44300878.0
2018-01-03 14:19:53.476000,30.75,30.7,30.75,44300878.0
2018-01-03 14:19:57.065000,30.75,30.7,30.75,44300878.0
2018-01-03 14:20:01.057000,30.75,30.7,30.75,44300878.0
2018-01-03 14:20:06.085000,30.75,30.7,30.75,44300878.0
2018-01-03 14:20:09.138000,30.75,30.7,30.75,44300878.0
2018-01-03 14:20:12.751000,30.75,30.7,30.75,44300878.0
2018-01-03 14:20:16.506000,30.75,30.7,30.75,44300878.0
2018-01-03 14:20:21.989000,30.75,30.7,30.75,44300878.0
2018-01-03 14:20:26.003000,30.75,30.7,30.75,44300878.0
2018-01-03 14:20:29.028000,30.75,30.7,30.75,44300878.0
2018-01-03 14:20:32.401000,30.75,30.7,30.75,44300878.0
2018-01-03 14:20:36.156000,30.75,30.7,30.75,44300878.0
2018-01-03 14:20:39.909000,30.75,30.7,30.75,44300878.0
2018-01-03 14:20:43.068000,30.75,30.7,30.75,44300878.0
2018-01-03 14:20:46.494000,30.75,30.7,30.75,44300878.0
2018-01-03 14:20:50.322000,30.75,30.7,30.75,44300878.0
2018-01-03 14:20:54.150000,30.75,30.7,30.75,44300878.0
2018-01-03 14:20:57.092000,30.75,30.7,30.75,44300878.0
2018-01-03 14:21:00.608000,30.75,30.7,30.75,44300878.0
2018-01-03 14:21:07.822000,30.75,30.7,30.75,44300878.0
2018-01-03 14:21:11.155000,30.75,30.7,30.75,44300878.0
2018-01-03 14:21:14.417000,30.75,30.7,30.75,44300878.0
2018-01-03 14:21:17.586000,30.75,30.7,30.75,44300878.0
2018-01-03 14:21:20.744000,30.75,30.7,30.75,44300878.0
2018-01-03 14:21:24.629000,30.75,30.7,30.75,44300878.0
2018-01-03 14:21:28.289000,30.75,30.7,30.75,44300878.0
2018-01-03 14:21:31.886000,30.75,30.7,30.75,44300878.0
2018-01-03 14:21:35.926000,30.75,30.7,30.75,44300878.0
2018-01-03 14:21:39.745000,30.75,30.7,30.75,44300878.0
2018-01-03 14:21:43.802000,30.75,30.7,30.75,44300878.0
2018-01-03 14:21:46.808000,30.75,30.7,30.75,44300878.0
2018-01-03 14:21:50.102000,30.75,30.7,30.75,44300878.0
2018-01-03 14:21:53.087000,30.75,30.7,30.75,44300878.0
2018-01-03 14:21:56.633000,30.75,30.7,30.75,44300878.0
2018-01-03 14:22:00.075000,30.8,30.75,30.8,44465378.0
2018-01-03 14:22:03.368000,30.8,30.75,30.8,44465378.0
2018-01-03 14:22:06.969000,30.8,30.75,30.8,44465378.0
2018-01-03 14:22:13.062000,30.8,30.75,30.8,44465378.0
2018-01-03 14:22:16.703000,30.8,30.75,30.8,44465378.0
2018-01-03 14:22:19.980000,30.8,30.75,30.8,44465378.0
2018-01-03 14:22:23.465000,30.8,30.75,30.8,44465378.0
2018-01-03 14:22:27.121000,30.8,30.75,30.8,44465378.0
2018-01-03 14:22:30.925000,30.8,30.75,30.8,44465378.0
2018-01-03 14:22:35.459000,30.8,30.75,30.8,44465378.0
2018-01-03 14:22:39.513000,30.8,30.75,30.8,44465378.0
2018-01-03 14:22:43.828000,30.8,30.75,30.8,44465378.0
2018-01-03 14:22:48.075000,30.8,30.75,30.8,44465378.0
2018-01-03 14:22:51.226000,30.8,30.75,30.8,44465378.0
2018-01-03 14:22:54.803000,30.8,30.75,30.8,44465378.0
2018-01-03 14:22:58.815000,30.8,30.75,30.8,44465378.0
2018-01-03 14:23:01.756000,30.8,30.75,30.8,44465378.0
2018-01-03 14:23:07.521000,30.8,30.75,30.8,44467378.0
2018-01-03 14:23:10.342000,30.8,30.75,30.8,44467378.0
2018-01-03 14:23:13.563000,30.8,30.75,30.8,44467378.0
2018-01-03 14:23:16.400000,30.8,30.75,30.8,44467378.0
2018-01-03 14:23:20.354000,30.8,30.75,30.8,44467378.0
2018-01-03 14:23:23.520000,30.8,30.75,30.8,44467378.0
2018-01-03 14:23:27.739000,30.8,30.75,30.8,44467378.0
2018-01-03 14:23:31.605000,30.8,30.75,30.8,44467378.0
2018-01-03 14:23:35.486000,30.8,30.75,30.8,44467378.0
2018-01-03 14:23:39.389000,30.8,30.75,30.8,44467378.0
2018-01-03 14:23:43.314000,30.8,30.75,30.8,44467378.0
2018-01-03 14:23:46.604000,30.8,30.75,30.8,44467378.0
2018-01-03 14:23:50.504000,30.8,30.75,30.8,44467378.0
2018-01-03 14:23:54.577000,30.8,30.75,30.8,44467378.0
2018-01-03 14:23:58.127000,30.8,30.75,30.8,44467378.0
2018-01-03 14:24:01.958000,30.8,30.75,30.8,44467378.0
2018-01-03 14:24:05.385000,30.8,30.75,30.8,44467378.0
2018-01-03 14:24:10.504000,30.8,30.75,30.8,44467378.0
2018-01-03 14:24:13.873000,30.8,30.75,30.8,44467378.0
2018-01-03 14:24:19.777000,30.8,30.75,30.8,44479378.0
2018-01-03 14:24:23.659000,30.8,30.75,30.8,44479378.0
2018-01-03 14:24:27.446000,30.8,30.75,30.8,44479378.0
2018-01-03 14:24:30.915000,30.8,30.75,30.8,44479378.0
2018-01-03 14:24:34.555000,30.8,30.75,30.8,44479378.0
2018-01-03 14:24:38.435000,30.8,30.75,30.8,44479378.0
2018-01-03 14:24:41.890000,30.8,30.75,30.8,44479378.0
2018-01-03 14:24:45.141000,30.8,30.75,30.8,44479378.0
2018-01-03 14:24:48.906000,30.8,30.75,30.8,44479378.0
2018-01-03 14:24:52.866000,30.8,30.75,30.8,44479378.0
2018-01-03 14:24:56.030000,30.8,30.75,30.8,44479378.0
2018-01-03 14:24:59.501000,30.8,30.75,30.8,44479378.0
2018-01-03 14:25:03.496000,30.8,30.75,30.8,44479378.0
2018-01-03 14:25:09.431000,30.8,30.75,30.8,44479378.0
2018-01-03 14:25:15.490000,30.8,30.75,30.8,44479378.0
2018-01-03 14:25:20.676000,30.8,30.75,30.8,44479378.0
2018-01-03 14:25:24.043000,30.8,30.75,30.8,44479378.0
2018-01-03 14:25:27.538000,30.8,30.75,30.8,44479378.0
2018-01-03 14:25:30.907000,30.8,30.75,30.8,44479378.0
2018-01-03 14:25:34.678000,30.8,30.75,30.8,44479378.0
2018-01-03 14:25:38.529000,30.8,30.75,30.8,44479378.0
2018-01-03 14:25:41.981000,30.8,30.75,30.8,44479378.0
2018-01-03 14:25:45.498000,30.8,30.75,30.8,44479378.0
2018-01-03 14:25:49.205000,30.8,30.75,30.8,44479378.0
2018-01-03 14:25:52.179000,30.8,30.75,30.8,44479378.0
2018-01-03 14:25:56.122000,30.8,30.75,30.8,44479378.0
2018-01-03 14:25:59.293000,30.75,30.75,30.8,44484878.0
2018-01-03 14:26:02.442000,30.75,30.75,30.8,44484878.0
2018-01-03 14:26:07.151000,30.75,30.75,30.8,44484878.0
2018-01-03 14:26:11.382000,30.75,30.75,30.8,44484878.0
2018-01-03 14:26:15.058000,30.75,30.75,30.8,44484878.0
2018-01-03 14:26:19.309000,30.75,30.75,30.8,44484878.0
2018-01-03 14:26:22.933000,30.75,30.75,30.8,44484878.0
2018-01-03 14:26:26.352000,30.75,30.75,30.8,44484878.0
2018-01-03 14:26:29.996000,30.75,30.75,30.8,44484878.0
2018-01-03 14:26:33.010000,30.75,30.75,30.8,44484878.0
2018-01-03 14:26:36.615000,30.75,30.75,30.8,44484878.0
2018-01-03 14:26:39.827000,30.75,30.75,30.8,44484878.0
2018-01-03 14:26:43.482000,30.8,30.75,30.8,44510474.0
2018-01-03 14:26:47.301000,30.8,30.75,30.8,44510474.0
2018-01-03 14:26:51.495000,30.8,30.75,30.8,44510474.0
2018-01-03 14:26:54.879000,30.8,30.75,30.8,44510474.0
2018-01-03 14:26:58.570000,30.8,30.75,30.8,44510474.0
2018-01-03 14:27:02.030000,30.8,30.75,30.8,44510474.0
2018-01-03 14:27:06.089000,30.8,30.75,30.8,44510474.0
2018-01-03 14:27:11.443000,30.8,30.75,30.8,44510474.0
2018-01-03 14:27:16.485000,30.8,30.75,30.8,44510474.0
2018-01-03 14:27:20.510000,30.8,30.75,30.8,44510474.0
2018-01-03 14:27:24.079000,30.8,30.75,30.8,44510474.0
2018-01-03 14:27:27.546000,30.8,30.75,30.8,44510474.0
2018-01-03 14:27:31.344000,30.8,30.75,30.8,44510474.0
2018-01-03 14:27:34.971000,30.8,30.75,30.8,44510474.0
2018-01-03 14:27:38.358000,30.8,30.75,30.8,44510474.0
2018-01-03 14:27:42.295000,30.8,30.75,30.8,44510474.0
2018-01-03 14:27:45.634000,30.75,30.75,30.8,44516474.0
2018-01-03 14:27:49.274000,30.75,30.75,30.8,44516474.0
2018-01-03 14:27:53.214000,30.75,30.75,30.8,44516474.0
2018-01-03 14:27:56.876000,30.75,30.75,30.8,44516474.0
2018-01-03 14:28:00.694000,30.75,30.75,30.8,44516474.0
2018-01-03 14:28:04.180000,30.75,30.75,30.8,44516474.0
2018-01-03 14:28:10.369000,30.75,30.75,30.8,44516474.0
2018-01-03 14:28:14.203000,30.75,30.75,30.8,44516474.0
2018-01-03 14:28:18.488000,30.75,30.75,30.8,44516474.0
2018-01-03 14:28:22.635000,30.75,30.75,30.8,44516474.0
2018-01-03 14:28:26.364000,30.75,30.75,30.8,44516474.0
2018-01-03 14:28:30.400000,30.75,30.75,30.8,44516474.0
2018-01-03 14:28:34.325000,30.75,30.75,30.8,44516474.0
2018-01-03 14:28:38.424000,30.75,30.75,30.8,44516474.0
2018-01-03 14:28:42.492000,30.75,30.75,30.8,44516474.0
2018-01-03 14:28:46.212000,30.75,30.75,30.8,44516474.0
2018-01-03 14:28:49.648000,30.75,30.75,30.8,44516474.0
2018-01-03 14:28:53.365000,30.75,30.75,30.8,44522974.0
2018-01-03 14:28:56.648000,30.75,30.75,30.8,44522974.0
2018-01-03 14:29:00.420000,30.75,30.75,30.8,44522974.0
2018-01-03 14:29:04.160000,30.75,30.75,30.8,44522974.0
2018-01-03 14:29:07.897000,30.75,30.75,30.8,44522974.0
2018-01-03 14:29:13.312000,30.75,30.75,30.8,44522974.0
2018-01-03 14:29:16.933000,30.75,30.75,30.8,44522974.0
2018-01-03 14:29:20.896000,30.75,30.75,30.8,44579974.0
2018-01-03 14:29:24.283000,30.75,30.75,30.8,44579974.0
2018-01-03 14:29:28.190000,30.75,30.75,30.8,44579974.0
2018-01-03 14:29:31.609000,30.75,30.75,30.8,44579974.0
2018-01-03 14:29:35.515000,30.75,30.75,30.8,44579974.0
2018-01-03 14:29:38.835000,30.75,30.7,30.75,44910474.0
2018-01-03 14:29:42.484000,30.75,30.7,30.75,44910474.0
2018-01-03 14:29:46.030000,30.75,30.7,30.75,44910474.0
2018-01-03 14:29:49.452000,30.75,30.7,30.75,44910474.0
2018-01-03 14:29:53.318000,30.75,30.7,30.75,44910474.0
2018-01-03 14:29:56.834000,30.75,30.7,30.75,44910474.0
2018-01-03 14:30:00.653000,30.75,30.7,30.75,44910474.0
2018-01-03 14:30:03.929000,30.75,30.7,30.75,44910474.0
2018-01-03 14:30:07.222000,30.75,30.7,30.75,44910474.0
2018-01-03 14:30:10.933000,30.75,30.75,30.8,45365974.0
2018-01-03 14:30:16.665000,30.75,30.75,30.8,45365974.0
2018-01-03 14:30:19.663000,30.75,30.75,30.8,45365974.0
2018-01-03 14:30:27.080000,30.75,30.75,30.8,45365974.0
2018-01-03 14:30:31.130000,30.75,30.75,30.8,45365974.0
2018-01-03 14:30:34.363000,30.75,30.75,30.8,45365974.0
2018-01-03 14:30:38.371000,30.75,30.75,30.8,45365974.0
2018-01-03 14:30:42.199000,30.75,30.75,30.8,45365974.0
2018-01-03 14:30:45.850000,30.75,30.75,30.8,45365974.0
2018-01-03 14:30:49.160000,30.75,30.75,30.8,45365974.0
2018-01-03 14:30:52.423000,30.75,30.75,30.8,45365974.0
2018-01-03 14:30:55.848000,30.75,30.7,30.75,45524974.0
2018-01-03 14:30:59.848000,30.75,30.7,30.75,45524974.0
2018-01-03 14:31:06.271000,30.75,30.7,30.75,45524974.0
2018-01-03 14:31:11.865000,30.75,30.7,30.75,45524974.0
2018-01-03 14:31:15.842000,30.75,30.7,30.75,45524974.0
2018-01-03 14:31:19.179000,30.75,30.7,30.75,45524974.0
2018-01-03 14:31:22.936000,30.75,30.7,30.75,45524974.0
2018-01-03 14:31:26.676000,30.75,30.7,30.75,45524974.0
2018-01-03 14:31:30.735000,30.75,30.7,30.75,45524974.0
2018-01-03 14:31:34.837000,30.75,30.7,30.75,45524974.0
2018-01-03 14:31:38.274000,30.75,30.7,30.75,45524974.0
2018-01-03 14:31:42.123000,30.75,30.7,30.75,45524974.0
2018-01-03 14:31:46.067000,30.75,30.7,30.75,45524974.0
2018-01-03 14:31:49.300000,30.75,30.7,30.75,45524974.0
2018-01-03 14:31:53.276000,30.75,30.7,30.75,45524974.0
2018-01-03 14:31:56.774000,30.75,30.7,30.75,45524974.0
2018-01-03 14:32:00.831000,30.75,30.7,30.75,45524974.0
2018-01-03 14:32:04.431000,30.75,30.7,30.75,45524974.0
2018-01-03 14:32:09.518000,30.75,30.7,30.75,45524974.0
2018-01-03 14:32:12.861000,30.75,30.7,30.75,45524974.0
2018-01-03 14:32:16.565000,30.75,30.7,30.75,45524974.0
2018-01-03 14:32:19.575000,30.75,30.7,30.75,45524974.0
2018-01-03 14:32:23.518000,30.75,30.7,30.75,45524974.0
2018-01-03 14:32:27.081000,30.75,30.7,30.75,45525076.0
2018-01-03 14:32:30.598000,30.75,30.7,30.75,45525076.0
2018-01-03 14:32:34.544000,30.75,30.7,30.75,45525076.0
2018-01-03 14:32:37.869000,30.75,30.7,30.75,45525076.0
2018-01-03 14:32:42.053000,30.75,30.7,30.75,45525076.0
2018-01-03 14:32:46.100000,30.75,30.7,30.75,45525076.0
2018-01-03 14:32:49.577000,30.75,30.7,30.75,45525076.0
2018-01-03 14:32:52.405000,30.75,30.7,30.75,45525076.0
2018-01-03 14:32:56.205000,30.75,30.7,30.75,45525076.0
2018-01-03 14:32:59.904000,30.75,30.7,30.75,45525076.0
2018-01-03 14:33:04.020000,30.75,30.7,30.75,45525076.0
2018-01-03 14:33:07.285000,30.75,30.7,30.75,45525076.0
2018-01-03 14:33:13.972000,30.75,30.7,30.75,45525076.0
2018-01-03 14:33:17.832000,30.75,30.7,30.75,45525076.0
2018-01-03 14:33:21.494000,30.75,30.7,30.75,45525076.0
2018-01-03 14:33:24.587000,30.75,30.7,30.75,45525076.0
2018-01-03 14:33:27.920000,30.75,30.7,30.75,45525076.0
2018-01-03 14:33:31.561000,30.75,30.7,30.75,45525076.0
2018-01-03 14:33:35.239000,30.75,30.7,30.75,45525076.0
2018-01-03 14:33:38.556000,30.75,30.7,30.75,45525076.0
2018-01-03 14:33:42.620000,30.75,30.7,30.75,45525076.0
2018-01-03 14:33:46.011000,30.75,30.7,30.75,45525076.0
2018-01-03 14:33:50.100000,30.75,30.7,30.75,45525076.0
2018-01-03 14:33:53.848000,30.75,30.7,30.75,45525076.0
2018-01-03 14:33:57.402000,30.75,30.7,30.75,45525076.0
2018-01-03 14:34:00.774000,30.75,30.7,30.75,45525076.0
2018-01-03 14:34:04.320000,30.75,30.7,30.75,45525076.0
2018-01-03 14:34:09.905000,30.75,30.7,30.75,45525076.0
2018-01-03 14:34:13.677000,30.75,30.7,30.75,45525076.0
2018-01-03 14:34:16.827000,30.75,30.7,30.75,45525076.0
2018-01-03 14:34:20.662000,30.75,30.7,30.75,45525076.0
2018-01-03 14:34:23.820000,30.75,30.7,30.75,45525076.0
2018-01-03 14:34:27.095000,30.75,30.7,30.75,45525076.0
2018-01-03 14:34:31.124000,30.75,30.7,30.75,45525076.0
2018-01-03 14:34:34.112000,30.75,30.7,30.75,45525076.0
2018-01-03 14:34:37.968000,30.75,30.7,30.75,45525076.0
2018-01-03 14:34:41.327000,30.75,30.7,30.75,45525076.0
2018-01-03 14:34:44.651000,30.75,30.7,30.75,45525076.0
2018-01-03 14:34:48.009000,30.75,30.7,30.75,45525076.0
2018-01-03 14:34:51.288000,30.75,30.7,30.75,45525076.0
2018-01-03 14:34:54.431000,30.75,30.7,30.75,45525076.0
2018-01-03 14:34:57.731000,30.75,30.7,30.75,45525076.0
2018-01-03 14:35:01.577000,30.75,30.7,30.75,45525076.0
2018-01-03 14:35:05.275000,30.75,30.7,30.75,45525076.0
2018-01-03 14:35:09.021000,30.75,30.7,30.75,45525076.0
2018-01-03 14:35:13.046000,30.75,30.7,30.75,45525076.0
2018-01-03 14:35:16.828000,30.7,30.7,30.75,45638076.0
2018-01-03 14:35:20.910000,30.7,30.7,30.75,45638076.0
2018-01-03 14:35:24.713000,30.7,30.7,30.75,45638076.0
2018-01-03 14:35:28.470000,30.7,30.7,30.75,45638076.0
2018-01-03 14:35:31.512000,30.7,30.7,30.75,45638076.0
2018-01-03 14:35:35.487000,30.7,30.7,30.75,45638076.0
2018-01-03 14:35:38.776000,30.7,30.7,30.75,45638076.0
2018-01-03 14:35:42.882000,30.7,30.7,30.75,45638076.0
2018-01-03 14:35:45.838000,30.7,30.7,30.75,45638076.0
2018-01-03 14:35:49.735000,30.7,30.7,30.75,45638076.0
2018-01-03 14:35:53.063000,30.7,30.7,30.75,45638076.0
2018-01-03 14:35:56.477000,30.7,30.7,30.75,45638076.0
2018-01-03 14:36:00.436000,30.7,30.7,30.75,45672576.0
2018-01-03 14:36:04.080000,30.7,30.7,30.75,45672576.0
2018-01-03 14:36:07.065000,30.7,30.7,30.75,45672576.0
2018-01-03 14:36:13.258000,30.7,30.7,30.75,45672576.0
2018-01-03 14:36:17.945000,30.7,30.7,30.75,45672576.0
2018-01-03 14:36:22.230000,30.7,30.7,30.75,45672576.0
2018-01-03 14:36:25.755000,30.7,30.7,30.75,45672576.0
2018-01-03 14:36:29.652000,30.7,30.7,30.75,45672576.0
2018-01-03 14:36:33.648000,30.7,30.7,30.75,45672576.0
2018-01-03 14:36:37.352000,30.7,30.7,30.75,45672576.0
2018-01-03 14:36:40.564000,30.7,30.7,30.75,45672576.0
2018-01-03 14:36:44.191000,30.7,30.7,30.75,45672576.0
2018-01-03 14:36:47.424000,30.7,30.7,30.75,45672576.0
2018-01-03 14:36:51.180000,30.7,30.7,30.75,45672576.0
2018-01-03 14:36:54.649000,30.7,30.7,30.75,45672576.0
2018-01-03 14:36:58.243000,30.7,30.7,30.75,45672576.0
2018-01-03 14:37:01.709000,30.7,30.7,30.75,45672576.0
2018-01-03 14:37:06.266000,30.7,30.7,30.75,45674576.0
2018-01-03 14:37:10.034000,30.7,30.7,30.75,45674576.0
2018-01-03 14:37:13.948000,30.7,30.7,30.75,45674576.0
2018-01-03 14:37:17.723000,30.7,30.7,30.75,45674576.0
2018-01-03 14:37:21.437000,30.7,30.7,30.75,45674576.0
2018-01-03 14:37:24.478000,30.7,30.7,30.75,45674576.0
2018-01-03 14:37:27.844000,30.7,30.7,30.75,45674576.0
2018-01-03 14:37:31.415000,30.7,30.7,30.75,45674576.0
2018-01-03 14:37:35.708000,30.7,30.7,30.75,45674576.0
2018-01-03 14:37:39.140000,30.7,30.7,30.75,45674576.0
2018-01-03 14:37:42.600000,30.7,30.7,30.75,45674576.0
2018-01-03 14:37:45.666000,30.7,30.7,30.75,45674576.0
2018-01-03 14:37:49.369000,30.7,30.7,30.75,45674576.0
2018-01-03 14:37:52.766000,30.7,30.7,30.75,45674576.0
2018-01-03 14:37:56.161000,30.7,30.7,30.75,45674576.0
2018-01-03 14:38:00.085000,30.7,30.7,30.75,45674576.0
2018-01-03 14:38:06.035000,30.7,30.7,30.75,45900576.0
2018-01-03 14:38:13.464000,30.7,30.7,30.75,45900576.0
2018-01-03 14:38:17.251000,30.7,30.7,30.75,45900576.0
2018-01-03 14:38:21.087000,30.7,30.65,30.7,46361576.0
2018-01-03 14:38:24.982000,30.7,30.65,30.7,46361576.0
2018-01-03 14:38:28.258000,30.7,30.65,30.7,46361576.0
2018-01-03 14:38:31.374000,30.7,30.65,30.7,46361576.0
2018-01-03 14:38:34.711000,30.7,30.65,30.7,46361576.0
2018-01-03 14:38:38.601000,30.7,30.65,30.7,46361576.0
2018-01-03 14:38:42.574000,30.7,30.65,30.7,46361576.0
2018-01-03 14:38:46.233000,30.7,30.65,30.7,46361576.0
2018-01-03 14:38:49.752000,30.7,30.65,30.7,46361576.0
2018-01-03 14:38:53.206000,30.7,30.65,30.7,46361576.0
2018-01-03 14:38:56.608000,30.7,30.65,30.7,46361576.0
2018-01-03 14:38:59.827000,30.7,30.65,30.7,46361576.0
2018-01-03 14:39:03.259000,30.7,30.65,30.7,46361576.0
2018-01-03 14:39:07.490000,30.7,30.65,30.7,46361576.0
2018-01-03 14:39:14.493000,30.7,30.65,30.7,46361576.0
2018-01-03 14:39:18.502000,30.7,30.65,30.7,46361576.0
2018-01-03 14:39:22.106000,30.7,30.65,30.7,46863076.0
2018-01-03 14:39:25.201000,30.7,30.65,30.7,46863076.0
2018-01-03 14:39:28.776000,30.7,30.65,30.7,46863076.0
2018-01-03 14:39:32.690000,30.7,30.65,30.7,46863076.0
2018-01-03 14:39:36.186000,30.7,30.65,30.7,46863076.0
2018-01-03 14:39:39.620000,30.7,30.65,30.7,46863076.0
2018-01-03 14:39:43.828000,30.7,30.65,30.7,46863076.0
2018-01-03 14:39:47.409000,30.7,30.65,30.7,46863076.0
2018-01-03 14:39:50.765000,30.7,30.65,30.7,46863076.0
2018-01-03 14:39:54.303000,30.7,30.65,30.7,46863076.0
2018-01-03 14:39:57.750000,30.7,30.65,30.7,46863076.0
2018-01-03 14:40:01.230000,30.7,30.65,30.7,46863076.0
2018-01-03 14:40:05.011000,30.7,30.65,30.7,47032576.0
2018-01-03 14:40:11.750000,30.7,30.65,30.7,47032576.0
2018-01-03 14:40:14.836000,30.7,30.65,30.7,47032576.0
2018-01-03 14:40:18.294000,30.7,30.65,30.7,47032576.0
2018-01-03 14:40:21.917000,30.7,30.65,30.7,47032576.0
2018-01-03 14:40:25.636000,30.7,30.65,30.7,47032576.0
2018-01-03 14:40:28.800000,30.7,30.65,30.7,47032576.0
2018-01-03 14:40:31.966000,30.7,30.65,30.7,47032576.0
2018-01-03 14:40:35.598000,30.7,30.65,30.7,47032576.0
2018-01-03 14:40:39.475000,30.7,30.65,30.7,47032576.0
2018-01-03 14:40:43.571000,30.7,30.65,30.7,47032576.0
2018-01-03 14:40:47.420000,30.7,30.65,30.7,47032576.0
2018-01-03 14:40:51.621000,30.7,30.65,30.7,47032576.0
2018-01-03 14:40:55.595000,30.7,30.65,30.7,47032576.0
2018-01-03 14:40:59.356000,30.7,30.65,30.7,47032576.0
2018-01-03 14:41:03.201000,30.7,30.65,30.7,47032576.0
2018-01-03 14:41:10.949000,30.7,30.65,30.7,47032576.0
2018-01-03 14:41:17.460000,30.7,30.65,30.7,47032576.0
2018-01-03 14:41:21.089000,30.7,30.65,30.7,47032576.0
2018-01-03 14:41:25.011000,30.7,30.65,30.7,47032576.0
2018-01-03 14:41:28.965000,30.7,30.65,30.7,47032576.0
2018-01-03 14:41:32.331000,30.7,30.65,30.7,47032576.0
2018-01-03 14:41:36.261000,30.7,30.65,30.7,47032576.0
2018-01-03 14:41:39.831000,30.7,30.65,30.7,47032576.0
2018-01-03 14:41:43.212000,30.7,30.65,30.7,47032576.0
2018-01-03 14:41:46.636000,30.7,30.65,30.7,47032576.0
2018-01-03 14:41:50.531000,30.7,30.65,30.7,47032576.0
2018-01-03 14:41:54.035000,30.7,30.65,30.7,47032576.0
2018-01-03 14:41:58.283000,30.7,30.65,30.7,47032576.0
2018-01-03 14:42:01.624000,30.65,30.65,30.7,47052576.0
2018-01-03 14:42:05.329000,30.65,30.65,30.7,47052576.0
2018-01-03 14:42:09.019000,30.65,30.65,30.7,47052576.0
2018-01-03 14:42:14.781000,30.65,30.65,30.7,47052576.0
2018-01-03 14:42:19.854000,30.65,30.65,30.7,47052576.0
2018-01-03 14:42:23.787000,30.65,30.65,30.7,47052576.0
2018-01-03 14:42:26.773000,30.65,30.65,30.7,47052576.0
2018-01-03 14:42:30.269000,30.65,30.65,30.7,47052576.0
2018-01-03 14:42:34.266000,30.65,30.65,30.7,47052576.0
2018-01-03 14:42:37.581000,30.65,30.65,30.7,47052576.0
2018-01-03 14:42:41.298000,30.65,30.65,30.7,47052576.0
2018-01-03 14:42:45.316000,30.65,30.65,30.7,47052576.0
2018-01-03 14:42:48.768000,30.65,30.65,30.7,47052576.0
2018-01-03 14:42:52.404000,30.65,30.65,30.7,47052576.0
2018-01-03 14:42:56.414000,30.65,30.65,30.7,47052576.0
2018-01-03 14:42:59.547000,30.65,30.65,30.7,47052576.0
2018-01-03 14:43:03.363000,30.65,30.65,30.7,47052576.0
2018-01-03 14:43:07.198000,30.65,30.65,30.7,47052576.0
2018-01-03 14:43:10.819000,30.65,30.65,30.7,47052576.0
2018-01-03 14:43:14.315000,30.65,30.65,30.7,47052576.0
2018-01-03 14:43:17.605000,30.65,30.65,30.7,47052576.0
2018-01-03 14:43:21.549000,30.65,30.65,30.7,47052576.0
2018-01-03 14:43:24.672000,30.65,30.65,30.7,47075576.0
2018-01-03 14:43:28.501000,30.65,30.65,30.7,47075576.0
2018-01-03 14:43:32.670000,30.65,30.65,30.7,47075576.0
2018-01-03 14:43:36.140000,30.65,30.65,30.7,47075576.0
2018-01-03 14:43:39.771000,30.65,30.65,30.7,47075576.0
2018-01-03 14:43:43.340000,30.65,30.65,30.7,47075576.0
2018-01-03 14:43:47.068000,30.65,30.65,30.7,47075576.0
2018-01-03 14:43:50.490000,30.65,30.65,30.7,47075576.0
2018-01-03 14:43:54.270000,30.65,30.65,30.7,47075576.0
2018-01-03 14:43:57.773000,30.65,30.65,30.7,47075576.0
2018-01-03 14:44:01.844000,30.65,30.65,30.7,47075576.0
2018-01-03 14:44:06.781000,30.65,30.65,30.7,47075576.0
2018-01-03 14:44:10.156000,30.65,30.65,30.7,47075576.0
2018-01-03 14:44:14.736000,30.65,30.65,30.7,47075576.0
2018-01-03 14:44:18.758000,30.65,30.65,30.7,47075576.0
2018-01-03 14:44:22.882000,30.65,30.65,30.7,47075576.0
2018-01-03 14:44:26.696000,30.65,30.65,30.7,47075576.0
2018-01-03 14:44:30.178000,30.65,30.65,30.7,47075576.0
2018-01-03 14:44:34.058000,30.65,30.65,30.7,47075576.0
2018-01-03 14:44:37.102000,30.65,30.65,30.7,47075576.0
2018-01-03 14:44:39.846000,30.65,30.65,30.7,47075576.0
2018-01-03 14:44:43.676000,30.65,30.65,30.7,47075576.0
2018-01-03 14:44:46.978000,30.65,30.65,30.7,47075576.0
2018-01-03 14:44:49.943000,30.65,30.65,30.7,47075576.0
2018-01-03 14:44:53.864000,30.65,30.65,30.7,47075576.0
2018-01-03 14:44:57.644000,30.65,30.65,30.7,47075576.0
2018-01-03 14:45:01.827000,30.65,30.65,30.7,47075576.0
2018-01-03 14:45:05.232000,30.65,30.65,30.7,47075576.0
2018-01-03 14:45:09.364000,30.65,30.65,30.7,47075576.0
2018-01-03 14:45:13.425000,30.65,30.65,30.7,47075576.0
2018-01-03 14:45:17.361000,30.65,30.65,30.7,47080576.0
2018-01-03 14:45:21.162000,30.65,30.65,30.7,47080576.0
2018-01-03 14:45:24.976000,30.65,30.65,30.7,47080576.0
2018-01-03 14:45:28.728000,30.65,30.65,30.7,47080576.0
2018-01-03 14:45:32.372000,30.65,30.65,30.7,47080576.0
2018-01-03 14:45:35.933000,30.65,30.65,30.7,47080576.0
2018-01-03 14:45:40.003000,30.65,30.65,30.7,47080576.0
2018-01-03 14:45:43.682000,30.65,30.65,30.7,47080576.0
2018-01-03 14:45:47.497000,30.65,30.65,30.7,47080576.0
2018-01-03 14:45:51.167000,30.7,30.65,30.7,47137576.0
2018-01-03 14:45:54.826000,30.7,30.65,30.7,47137576.0
2018-01-03 14:45:58.810000,30.7,30.65,30.7,47137576.0
2018-01-03 14:46:02.536000,30.7,30.65,30.7,47137576.0
2018-01-03 14:46:06.360000,30.7,30.65,30.7,47137576.0
2018-01-03 14:46:13.167000,30.7,30.65,30.7,47137576.0
2018-01-03 14:46:16.611000,30.7,30.65,30.7,47137576.0
2018-01-03 14:46:20.535000,30.7,30.65,30.7,47137576.0
2018-01-03 14:46:24.524000,30.7,30.65,30.7,47137576.0
2018-01-03 14:46:28.452000,30.7,30.65,30.7,47170076.0
2018-01-03 14:46:32.318000,30.7,30.65,30.7,47170076.0
2018-01-03 14:46:36.673000,30.7,30.65,30.7,47170076.0
2018-01-03 14:46:40.450000,30.7,30.65,30.7,47170076.0
2018-01-03 14:46:44.378000,30.7,30.65,30.7,47170076.0
2018-01-03 14:46:48.100000,30.7,30.65,30.7,47170076.0
2018-01-03 14:46:51.934000,30.7,30.65,30.7,47170076.0
2018-01-03 14:46:55.309000,30.7,30.65,30.7,47170076.0
2018-01-03 14:46:58.793000,30.7,30.65,30.7,47170076.0
2018-01-03 14:47:01.963000,30.7,30.65,30.7,47170076.0
2018-01-03 14:47:08.719000,30.7,30.65,30.7,47170076.0
2018-01-03 14:47:12.098000,30.7,30.7,30.75,47289576.0
2018-01-03 14:47:16.116000,30.7,30.7,30.75,47289576.0
2018-01-03 14:47:20.152000,30.7,30.7,30.75,47289576.0
2018-01-03 14:47:23.659000,30.7,30.7,30.75,47289576.0
2018-01-03 14:47:27.494000,30.7,30.7,30.75,47289576.0
2018-01-03 14:47:30.819000,30.7,30.7,30.75,47289576.0
2018-01-03 14:47:34.222000,30.7,30.7,30.75,47289576.0
2018-01-03 14:47:37.707000,30.7,30.7,30.75,47289576.0
2018-01-03 14:47:41.573000,30.7,30.7,30.75,47289576.0
2018-01-03 14:47:45.570000,30.7,30.7,30.75,47289576.0
2018-01-03 14:47:49.400000,30.7,30.7,30.75,47289576.0
2018-01-03 14:47:53.355000,30.7,30.7,30.75,47289576.0
2018-01-03 14:47:57.527000,30.7,30.7,30.75,47289576.0
2018-01-03 14:48:00.759000,30.7,30.7,30.75,47289576.0
2018-01-03 14:48:04.731000,30.7,30.7,30.75,47289576.0
2018-01-03 14:48:11.053000,30.7,30.7,30.75,47289576.0
2018-01-03 14:48:14.761000,30.7,30.65,30.7,47391576.0
2018-01-03 14:48:18.401000,30.7,30.65,30.7,47391576.0
2018-01-03 14:48:22.571000,30.7,30.65,30.7,47391576.0
2018-01-03 14:48:26.182000,30.7,30.65,30.7,47391576.0
2018-01-03 14:48:29.570000,30.7,30.65,30.7,47391576.0
2018-01-03 14:48:33.012000,30.7,30.65,30.7,47391576.0
2018-01-03 14:48:36.624000,30.7,30.65,30.7,47391576.0
2018-01-03 14:48:40.399000,30.7,30.65,30.7,47391576.0
2018-01-03 14:48:44.419000,30.7,30.65,30.7,47391576.0
2018-01-03 14:48:47.723000,30.7,30.65,30.7,47391576.0
2018-01-03 14:48:51.259000,30.7,30.65,30.7,47391576.0
2018-01-03 14:48:55.195000,30.7,30.65,30.7,47391576.0
2018-01-03 14:48:58.862000,30.7,30.65,30.7,47391576.0
2018-01-03 14:49:02.853000,30.7,30.65,30.7,47391576.0
2018-01-03 14:49:07.088000,30.7,30.65,30.7,47391576.0
2018-01-03 14:49:10.571000,30.7,30.65,30.7,47391576.0
2018-01-03 14:49:15.996000,30.7,30.65,30.7,47391576.0
2018-01-03 14:49:18.987000,30.7,30.65,30.7,47391576.0
2018-01-03 14:49:23.035000,30.7,30.7,30.75,47450781.0
2018-01-03 14:49:26.703000,30.7,30.7,30.75,47450781.0
2018-01-03 14:49:29.996000,30.7,30.7,30.75,47450781.0
2018-01-03 14:49:33.909000,30.7,30.7,30.75,47450781.0
2018-01-03 14:49:37.294000,30.7,30.7,30.75,47450781.0
2018-01-03 14:49:40.828000,30.7,30.7,30.75,47450781.0
2018-01-03 14:49:45.300000,30.7,30.7,30.75,47450781.0
2018-01-03 14:49:49.089000,30.7,30.7,30.75,47450781.0
2018-01-03 14:49:52.810000,30.7,30.65,30.7,47490281.0
2018-01-03 14:49:56.613000,30.7,30.65,30.7,47490281.0
2018-01-03 14:49:59.976000,30.7,30.65,30.7,47490281.0
2018-01-03 14:50:04.112000,30.7,30.65,30.7,47490281.0
2018-01-03 14:50:13.524000,30.7,30.65,30.7,47490281.0
2018-01-03 14:50:18.757000,30.7,30.65,30.7,47490281.0
2018-01-03 14:50:22.646000,30.7,30.65,30.7,47490281.0
2018-01-03 14:50:26.598000,30.7,30.65,30.7,47490281.0
2018-01-03 14:50:30.533000,30.7,30.65,30.7,47490281.0
2018-01-03 14:50:34.367000,30.7,30.65,30.7,47490281.0
2018-01-03 14:50:54.226000,30.7,30.65,30.7,47490281.0
2018-01-03 14:50:58.151000,30.7,30.65,30.7,47490281.0
2018-01-03 14:51:02.033000,30.7,30.65,30.7,47490281.0
2018-01-03 14:51:07.489000,30.7,30.65,30.7,47490281.0
2018-01-03 14:51:12.914000,30.7,30.65,30.7,47490281.0
2018-01-03 14:51:16.344000,30.7,30.65,30.7,47490281.0
2018-01-03 14:51:20.150000,30.7,30.7,30.75,47497781.0
2018-01-03 14:51:23.993000,30.7,30.7,30.75,47497781.0
2018-01-03 14:51:27.583000,30.7,30.7,30.75,47497781.0
2018-01-03 14:51:31.291000,30.7,30.7,30.75,47497781.0
2018-01-03 14:51:35.337000,30.7,30.7,30.75,47497781.0
2018-01-03 14:51:39.232000,30.7,30.7,30.75,47497781.0
2018-01-03 14:51:42.602000,30.7,30.7,30.75,47497781.0
2018-01-03 14:51:46.049000,30.7,30.7,30.75,47497781.0
2018-01-03 14:51:49.490000,30.7,30.7,30.75,47497781.0
2018-01-03 14:51:52.862000,30.7,30.7,30.75,47497781.0
2018-01-03 14:51:56.028000,30.7,30.7,30.75,47497781.0
2018-01-03 14:51:59.512000,30.7,30.7,30.75,47497781.0
2018-01-03 14:52:03.012000,30.7,30.7,30.75,47497781.0
2018-01-03 14:52:06.570000,30.7,30.7,30.75,47497781.0
2018-01-03 14:52:12.310000,30.7,30.7,30.75,47497781.0
2018-01-03 14:52:16.281000,30.7,30.7,30.75,47497781.0
2018-01-03 14:52:20.169000,30.7,30.7,30.75,47497781.0
2018-01-03 14:52:25.191000,30.7,30.7,30.75,47497781.0
2018-01-03 14:52:28.578000,30.7,30.7,30.75,47497781.0
2018-01-03 14:52:32.279000,30.7,30.7,30.75,47497781.0
2018-01-03 14:52:36.032000,30.7,30.7,30.75,47497781.0
2018-01-03 14:52:40.132000,30.7,30.7,30.75,47497781.0
2018-01-03 14:52:44.027000,30.7,30.7,30.75,47497781.0
2018-01-03 14:52:47.155000,30.7,30.7,30.75,47497781.0
2018-01-03 14:52:50.854000,30.7,30.7,30.75,47497781.0
2018-01-03 14:52:54.083000,30.7,30.7,30.75,47512781.0
2018-01-03 14:52:57.964000,30.7,30.7,30.75,47512781.0
2018-01-03 14:53:01.385000,30.7,30.7,30.75,47512781.0
2018-01-03 14:53:04.460000,30.7,30.7,30.75,47512781.0
2018-01-03 14:53:07.655000,30.7,30.7,30.75,47512781.0
2018-01-03 14:53:13.379000,30.7,30.7,30.75,47512781.0
2018-01-03 14:53:17.298000,30.7,30.7,30.75,47512781.0
2018-01-03 14:53:21.177000,30.7,30.7,30.75,47512781.0
2018-01-03 14:53:24.868000,30.7,30.7,30.75,47512781.0
2018-01-03 14:53:28.123000,30.7,30.7,30.75,47512781.0
2018-01-03 14:53:31.335000,30.7,30.7,30.75,47512781.0
2018-01-03 14:53:34.970000,30.7,30.7,30.75,47512781.0
2018-01-03 14:53:38.085000,30.7,30.7,30.75,47512781.0
2018-01-03 14:53:42.002000,30.7,30.7,30.75,47512781.0
2018-01-03 14:53:45.945000,30.7,30.7,30.75,47512781.0
2018-01-03 14:53:49.915000,30.7,30.7,30.75,47512781.0
2018-01-03 14:53:53.851000,30.7,30.7,30.75,47512781.0
2018-01-03 14:53:57.646000,30.7,30.7,30.75,47512781.0
2018-01-03 14:54:00.981000,30.7,30.7,30.75,47512781.0
2018-01-03 14:54:08.028000,30.7,30.7,30.75,47564781.0
2018-01-03 14:54:11.466000,30.7,30.7,30.75,47564781.0
2018-01-03 14:54:15.796000,30.7,30.7,30.75,47564781.0
2018-01-03 14:54:19.196000,30.7,30.7,30.75,47564781.0
2018-01-03 14:54:23.160000,30.7,30.7,30.75,47564781.0
2018-01-03 14:54:27.037000,30.7,30.7,30.75,47564781.0
2018-01-03 14:54:30.422000,30.7,30.7,30.75,47564781.0
2018-01-03 14:54:34.282000,30.7,30.7,30.75,47564781.0
2018-01-03 14:54:38.003000,30.7,30.7,30.75,47564781.0
2018-01-03 14:54:41.793000,30.7,30.7,30.75,47564829.0
2018-01-03 14:54:45.493000,30.7,30.7,30.75,47564829.0
2018-01-03 14:54:49.297000,30.7,30.7,30.75,47564829.0
2018-01-03 14:54:53.305000,30.7,30.7,30.75,47564829.0
2018-01-03 14:54:57.067000,30.7,30.7,30.75,47564829.0
2018-01-03 14:55:00.209000,30.7,30.7,30.75,47564829.0
2018-01-03 14:55:03.569000,30.7,30.7,30.75,47564829.0
2018-01-03 14:55:11.619000,30.7,30.7,30.75,47564829.0
2018-01-03 14:55:15.508000,30.7,30.7,30.75,47564829.0
2018-01-03 14:55:18.849000,30.7,30.7,30.75,47564829.0
2018-01-03 14:55:22.757000,30.7,30.7,30.75,47564829.0
2018-01-03 14:55:26.559000,30.7,30.7,30.75,47564829.0
2018-01-03 14:55:30.281000,30.7,30.7,30.75,47564829.0
2018-01-03 14:55:34.133000,30.7,30.7,30.75,47564829.0
2018-01-03 14:55:38.010000,30.7,30.7,30.75,47564829.0
2018-01-03 14:55:41.593000,30.7,30.7,30.75,47564829.0
2018-01-03 14:55:45.889000,30.7,30.7,30.75,47564829.0
2018-01-03 14:55:49.514000,30.7,30.7,30.75,47572829.0
2018-01-03 14:55:53.349000,30.7,30.7,30.75,47572829.0
2018-01-03 14:55:56.786000,30.7,30.7,30.75,47572829.0
2018-01-03 14:56:00.364000,30.7,30.7,30.75,47572829.0
2018-01-03 14:56:04.058000,30.7,30.7,30.75,47572829.0
2018-01-03 14:56:07.901000,30.7,30.7,30.75,47572829.0
2018-01-03 14:56:11.691000,30.7,30.7,30.75,47572829.0
2018-01-03 14:56:15.580000,30.7,30.7,30.75,47572829.0
2018-01-03 14:56:19.296000,30.7,30.7,30.75,47572829.0
2018-01-03 14:56:23.006000,30.7,30.7,30.75,47572829.0
2018-01-03 14:56:26.522000,30.7,30.7,30.75,47572829.0
2018-01-03 14:56:30.099000,30.7,30.7,30.75,47572829.0
2018-01-03 14:56:33.951000,30.7,30.7,30.75,47572829.0
2018-01-03 14:56:37.690000,30.7,30.7,30.75,47572829.0
2018-01-03 14:56:41.268000,30.7,30.7,30.75,47572829.0
2018-01-03 14:56:45.208000,30.7,30.7,30.75,47572829.0
2018-01-03 14:56:49.130000,30.7,30.7,30.75,47572829.0
