time,price,bid,ask,volume
2018-01-30 13:03:52.701000,32.8,32.75,32.8,29089506.0
2018-01-30 13:03:55.286000,32.8,32.75,32.8,29089506.0
2018-01-30 13:03:58.035000,32.8,32.75,32.8,29089506.0
2018-01-30 13:04:00.686000,32.8,32.75,32.8,29089506.0
2018-01-30 13:04:03.332000,32.8,32.75,32.8,29089506.0
2018-01-30 13:04:05.959000,32.8,32.75,32.8,29089506.0
2018-01-30 13:04:08.634000,32.8,32.75,32.8,29089506.0
2018-01-30 13:04:11.422000,32.8,32.75,32.8,31161506.0
2018-01-30 13:04:14.018000,32.8,32.75,32.8,31161506.0
2018-01-30 13:04:16.884000,32.8,32.75,32.8,31161506.0
2018-01-30 13:04:19.471000,32.8,32.75,32.8,31161506.0
2018-01-30 13:04:22.172000,32.8,32.75,32.8,31161506.0
2018-01-30 13:04:24.666000,32.8,32.75,32.8,31161506.0
2018-01-30 13:04:27.311000,32.8,32.75,32.8,31161506.0
2018-01-30 13:04:29.869000,32.8,32.75,32.8,31161506.0
2018-01-30 13:04:32.329000,32.8,32.75,32.8,31161506.0
2018-01-30 13:04:35.133000,32.8,32.75,32.8,31161506.0
2018-01-30 13:04:37.800000,32.8,32.75,32.8,31161506.0
2018-01-30 13:04:40.238000,32.8,32.75,32.8,31161506.0
2018-01-30 13:04:42.658000,32.8,32.75,32.8,31161506.0
2018-01-30 13:04:45.483000,32.8,32.75,32.8,31161506.0
2018-01-30 13:04:48.188000,32.8,32.75,32.8,31161506.0
2018-01-30 13:04:51.087000,32.8,32.75,32.8,31161506.0
2018-01-30 13:04:53.589000,32.8,32.75,32.8,31161506.0
2018-01-30 13:04:56.337000,32.8,32.75,32.8,31161506.0
2018-01-30 13:04:58.890000,32.8,32.75,32.8,31161506.0
2018-01-30 13:05:01.268000,32.8,32.75,32.8,31161506.0
2018-01-30 13:05:03.782000,32.8,32.75,32.8,31161506.0
2018-01-30 13:05:06.370000,32.8,32.75,32.8,31161506.0
2018-01-30 13:05:08.967000,32.8,32.75,32.8,31161506.0
2018-01-30 13:05:11.445000,32.8,32.75,32.8,31161506.0
2018-01-30 13:05:13.799000,32.8,32.75,32.8,31161506.0
2018-01-30 13:05:16.443000,32.8,32.75,32.8,31161506.0
2018-01-30 13:05:19.200000,32.8,32.75,32.8,31161506.0
2018-01-30 13:05:21.835000,32.8,32.75,32.8,31161506.0
2018-01-30 13:05:24.439000,32.8,32.75,32.8,31161506.0
2018-01-30 13:05:27.111000,32.8,32.75,32.8,31161506.0
2018-01-30 13:05:29.749000,32.8,32.75,32.8,31161506.0
2018-01-30 13:05:32.518000,32.8,32.75,32.8,31161506.0
2018-01-30 13:05:34.972000,32.8,32.8,32.85,31722006.0
2018-01-30 13:05:37.610000,32.8,32.8,32.85,31722006.0
2018-01-30 13:05:40.232000,32.8,32.8,32.85,31722006.0
2018-01-30 13:05:42.782000,32.8,32.8,32.85,31722006.0
2018-01-30 13:05:45.361000,32.8,32.8,32.85,31722006.0
2018-01-30 13:05:48.316000,32.8,32.8,32.85,31722006.0
2018-01-30 13:05:50.929000,32.8,32.8,32.85,31722006.0
2018-01-30 13:05:53.647000,32.8,32.8,32.85,31722006.0
2018-01-30 13:05:56.292000,32.8,32.8,32.85,31722006.0
2018-01-30 13:05:58.764000,32.8,32.8,32.85,31722006.0
2018-01-30 13:06:01.380000,32.8,32.8,32.85,31722006.0
2018-01-30 13:06:03.936000,32.8,32.8,32.85,31722006.0
2018-01-30 13:06:06.549000,32.8,32.8,32.85,31722006.0
2018-01-30 13:06:09.199000,32.8,32.8,32.85,31722006.0
2018-01-30 13:06:12.190000,32.8,32.8,32.85,31722006.0
2018-01-30 13:06:15.233000,32.8,32.8,32.85,31722006.0
2018-01-30 13:06:18.034000,32.8,32.8,32.85,31722006.0
2018-01-30 13:06:20.885000,32.8,32.8,32.85,31722006.0
2018-01-30 13:06:23.559000,32.8,32.8,32.85,31722006.0
2018-01-30 13:06:26.246000,32.8,32.8,32.85,31722006.0
2018-01-30 13:06:28.868000,32.8,32.8,32.85,31722006.0
2018-01-30 13:06:31.369000,32.8,32.8,32.85,31722006.0
2018-01-30 13:06:34.123000,32.8,32.8,32.85,31722006.0
2018-01-30 13:06:36.757000,32.8,32.8,32.85,31722006.0
2018-01-30 13:06:39.481000,32.8,32.8,32.85,31722006.0
2018-01-30 13:06:42.096000,32.8,32.8,32.85,31722006.0
2018-01-30 13:06:44.845000,32.8,32.8,32.85,31722006.0
2018-01-30 13:06:47.424000,32.8,32.8,32.85,31722006.0
2018-01-30 13:06:50.070000,32.8,32.8,32.85,31722006.0
2018-01-30 13:06:52.675000,32.8,32.8,32.85,31722006.0
2018-01-30 13:06:55.345000,32.8,32.8,32.85,31722006.0
2018-01-30 13:06:58.349000,32.8,32.8,32.85,31722006.0
2018-01-30 13:07:00.963000,32.8,32.8,32.85,31722006.0
2018-01-30 13:07:03.753000,32.8,32.8,32.85,31722006.0
2018-01-30 13:07:06.300000,32.8,32.8,32.85,31722006.0
2018-01-30 13:07:09.143000,32.8,32.8,32.85,31722006.0
2018-01-30 13:07:11.606000,32.75,32.75,32.8,32516506.0
2018-01-30 13:07:14.194000,32.75,32.75,32.8,32516506.0
2018-01-30 13:07:16.679000,32.75,32.75,32.8,32516506.0
2018-01-30 13:07:19.432000,32.75,32.7,32.75,32936006.0
2018-01-30 13:07:22.181000,32.75,32.7,32.75,32936006.0
2018-01-30 13:07:24.832000,32.75,32.7,32.75,32936006.0
2018-01-30 13:07:27.730000,32.75,32.7,32.75,32936006.0
2018-01-30 13:07:30.549000,32.75,32.7,32.75,32936006.0
2018-01-30 13:07:33.330000,32.75,32.7,32.75,32936006.0
2018-01-30 13:07:35.856000,32.75,32.7,32.75,32936006.0
2018-01-30 13:07:38.307000,32.75,32.7,32.75,32936006.0
2018-01-30 13:07:40.806000,32.75,32.7,32.75,32936006.0
2018-01-30 13:07:43.530000,32.7,32.65,32.75,33027006.0
2018-01-30 13:07:46.292000,32.7,32.65,32.7,33232506.0
2018-01-30 13:07:49.007000,32.7,32.65,32.7,33232506.0
2018-01-30 13:07:51.605000,32.7,32.65,32.7,33232506.0
2018-01-30 13:07:54.153000,32.7,32.65,32.7,33232506.0
2018-01-30 13:07:56.739000,32.7,32.65,32.7,33232506.0
2018-01-30 13:07:59.523000,32.7,32.65,32.7,33232506.0
2018-01-30 13:08:02.552000,32.7,32.65,32.7,33232506.0
2018-01-30 13:08:05.103000,32.7,32.65,32.7,33232506.0
2018-01-30 13:08:07.660000,32.7,32.65,32.7,33232506.0
2018-01-30 13:08:10.229000,32.7,32.65,32.7,33232506.0
2018-01-30 13:08:13.055000,32.7,32.65,32.7,33232506.0
2018-01-30 13:08:16.145000,32.7,32.65,32.7,33232506.0
2018-01-30 13:08:19.228000,32.7,32.65,32.7,33232506.0
2018-01-30 13:08:21.971000,32.7,32.65,32.7,33232506.0
2018-01-30 13:08:24.831000,32.7,32.65,32.7,33232506.0
2018-01-30 13:08:27.489000,32.7,32.65,32.7,33232506.0
2018-01-30 13:08:31.266000,32.7,32.65,32.7,33232506.0
2018-01-30 13:08:34.899000,32.7,32.65,32.7,33232506.0
2018-01-30 13:08:38.294000,32.7,32.65,32.7,33232506.0
2018-01-30 13:08:41.488000,32.7,32.65,32.7,33232506.0
2018-01-30 13:08:44.208000,,,,
2018-01-30 13:08:47.708000,32.7,32.7,32.75,33253206.0
2018-01-30 13:08:51.517000,32.7,32.7,32.75,33253206.0
2018-01-30 13:08:54.902000,32.7,32.7,32.75,33253206.0
2018-01-30 13:08:58.444000,32.7,32.7,32.75,33253206.0
2018-01-30 13:09:01.651000,32.7,32.7,32.75,33253206.0
2018-01-30 13:09:04.800000,32.7,32.7,32.75,33253206.0
2018-01-30 13:09:08.044000,32.7,32.7,32.75,33253206.0
2018-01-30 13:09:11.322000,32.7,32.7,32.75,33253206.0
2018-01-30 13:09:14.681000,32.75,32.7,32.8,33574706.0
2018-01-30 13:09:17.979000,32.75,32.7,32.8,33574706.0
2018-01-30 13:09:21.335000,32.75,32.7,32.8,33574706.0
2018-01-30 13:09:24.542000,32.75,32.7,32.8,33574706.0
2018-01-30 13:09:27.879000,32.75,32.7,32.8,33574706.0
2018-01-30 13:09:31.001000,32.75,32.7,32.8,33574706.0
2018-01-30 13:09:34.414000,32.75,32.7,32.8,33574706.0
2018-01-30 13:09:37.631000,32.75,32.7,32.8,33574706.0
2018-01-30 13:09:40.987000,32.75,32.7,32.8,33574706.0
2018-01-30 13:09:44.181000,32.75,32.7,32.8,33574706.0
2018-01-30 13:09:51.551000,32.75,32.7,32.8,33574706.0
2018-01-30 13:09:54.910000,32.75,32.7,32.8,33574706.0
2018-01-30 13:09:58.070000,32.75,32.7,32.8,33574706.0
2018-01-30 13:10:01.445000,32.75,32.7,32.8,33574706.0
2018-01-30 13:10:04.604000,32.75,32.7,32.8,33574706.0
2018-01-30 13:10:08.008000,32.75,32.7,32.8,33574706.0
2018-01-30 13:10:11.230000,32.75,32.7,32.8,33574706.0
2018-01-30 13:10:14.480000,32.75,32.7,32.8,33574706.0
2018-01-30 13:10:18.045000,32.75,32.7,32.8,33574706.0
2018-01-30 13:10:21.345000,32.75,32.7,32.8,33574706.0
2018-01-30 13:10:24.484000,32.75,32.75,32.8,33635527.0
2018-01-30 13:10:28.071000,32.75,32.75,32.8,33635527.0
2018-01-30 13:10:31.390000,32.75,32.75,32.8,33635527.0
2018-01-30 13:10:34.881000,32.75,32.75,32.8,33635527.0
2018-01-30 13:10:38.172000,32.75,32.75,32.8,33635527.0
2018-01-30 13:10:41.472000,32.75,32.75,32.8,33635527.0
2018-01-30 13:10:44.610000,32.75,32.75,32.8,33635527.0
2018-01-30 13:10:47.726000,32.75,32.75,32.8,33635527.0
2018-01-30 13:10:51.076000,32.75,32.75,32.8,33635527.0
2018-01-30 13:10:54.312000,32.75,32.75,32.8,33635527.0
2018-01-30 13:10:57.484000,32.75,32.75,32.8,33635527.0
2018-01-30 13:11:00.725000,32.75,32.75,32.8,33635527.0
2018-01-30 13:11:03.885000,32.75,32.75,32.8,33635527.0
2018-01-30 13:11:07.296000,32.75,32.75,32.8,33793527.0
2018-01-30 13:11:10.723000,32.75,32.75,32.8,33793527.0
2018-01-30 13:11:13.851000,32.75,32.75,32.8,33793527.0
2018-01-30 13:11:17.070000,32.75,32.75,32.8,33793527.0
2018-01-30 13:11:20.615000,32.75,32.75,32.8,33793527.0
2018-01-30 13:11:23.825000,32.75,32.75,32.8,33793527.0
2018-01-30 13:11:27,32.75,32.75,32.8,33793527.0
2018-01-30 13:11:30.135000,32.75,32.75,32.8,33793527.0
2018-01-30 13:11:33.356000,32.75,32.75,32.8,33793527.0
2018-01-30 13:11:36.525000,32.75,32.75,32.8,33793527.0
2018-01-30 13:11:39.880000,32.75,32.75,32.8,33793527.0
2018-01-30 13:11:43.244000,32.75,32.75,32.8,33793527.0
2018-01-30 13:11:46.475000,32.75,32.75,32.8,33793527.0
2018-01-30 13:11:49.784000,32.75,32.75,32.8,33793527.0
2018-01-30 13:11:53.010000,32.75,32.75,32.8,33793527.0
2018-01-30 13:11:56.327000,32.75,32.75,32.8,33793527.0
2018-01-30 13:11:59.556000,32.75,32.75,32.8,33793527.0
2018-01-30 13:12:02.650000,32.75,32.75,32.8,33793527.0
2018-01-30 13:12:06.016000,32.75,32.75,32.8,33793527.0
2018-01-30 13:12:09.091000,32.75,32.75,32.8,33793527.0
2018-01-30 13:12:12.189000,32.75,32.75,32.8,33819007.0
2018-01-30 13:12:15.247000,32.75,32.75,32.8,33819007.0
2018-01-30 13:12:18.362000,32.75,32.75,32.8,33819007.0
2018-01-30 13:12:21.435000,32.75,32.75,32.8,33819007.0
2018-01-30 13:12:24.473000,32.75,32.75,32.8,33819007.0
2018-01-30 13:12:28.214000,32.75,32.75,32.8,33819007.0
2018-01-30 13:12:31.148000,32.75,32.75,32.8,33819007.0
2018-01-30 13:12:34.446000,32.75,32.75,32.8,33819007.0
2018-01-30 13:12:37.538000,32.75,32.75,32.8,33819007.0
2018-01-30 13:12:42.852000,32.75,32.75,32.8,33819007.0
2018-01-30 13:12:46.132000,32.75,32.75,32.8,33819007.0
2018-01-30 13:12:49.358000,32.75,32.75,32.8,33819007.0
2018-01-30 13:12:52.323000,32.8,32.75,32.8,33981012.0
2018-01-30 13:12:55.723000,32.8,32.75,32.8,33981012.0
2018-01-30 13:12:59.008000,32.8,32.75,32.8,33981012.0
2018-01-30 13:13:02.585000,32.8,32.75,32.8,33981012.0
2018-01-30 13:13:05.962000,32.8,32.75,32.8,33981012.0
2018-01-30 13:13:09.074000,32.8,32.75,32.8,33981012.0
2018-01-30 13:13:12.391000,32.8,32.75,32.8,33981012.0
2018-01-30 13:13:15.771000,32.8,32.75,32.8,33981012.0
2018-01-30 13:13:19.044000,32.8,32.75,32.8,33981012.0
2018-01-30 13:13:22.201000,32.8,32.75,32.8,33981012.0
2018-01-30 13:13:25.284000,32.85,32.8,32.85,34069378.0
2018-01-30 13:13:28.327000,32.85,32.8,32.85,34069378.0
2018-01-30 13:13:31.496000,32.85,32.8,32.85,34069378.0
2018-01-30 13:13:34.684000,32.85,32.8,32.85,34069378.0
2018-01-30 13:13:37.688000,32.85,32.8,32.85,34069378.0
2018-01-30 13:13:41.141000,32.85,32.8,32.85,34069378.0
2018-01-30 13:13:44.373000,32.85,32.8,32.85,34069378.0
2018-01-30 13:13:47.494000,32.85,32.8,32.85,34069378.0
2018-01-30 13:13:50.702000,32.8,32.75,32.85,34520378.0
2018-01-30 13:13:53.854000,32.8,32.75,32.85,34520378.0
2018-01-30 13:13:57.029000,32.8,32.75,32.85,34520378.0
2018-01-30 13:14:00.188000,32.8,32.75,32.85,34520378.0
2018-01-30 13:14:03.354000,32.8,32.75,32.85,34520378.0
2018-01-30 13:14:06.403000,32.8,32.75,32.85,34520378.0
2018-01-30 13:14:09.619000,32.8,32.75,32.85,34520378.0
2018-01-30 13:14:12.765000,32.8,32.75,32.85,34520378.0
2018-01-30 13:14:15.819000,32.8,32.75,32.85,34520378.0
2018-01-30 13:14:18.701000,32.8,32.75,32.85,34520378.0
2018-01-30 13:14:21.830000,32.8,32.75,32.85,34520378.0
2018-01-30 13:14:24.898000,32.8,32.75,32.85,34520378.0
2018-01-30 13:14:27.997000,32.8,32.75,32.85,34520378.0
2018-01-30 13:14:31.400000,32.8,32.75,32.85,34520378.0
2018-01-30 13:14:34.454000,32.8,32.75,32.85,34520378.0
2018-01-30 13:14:37.746000,32.8,32.75,32.85,34520378.0
2018-01-30 13:14:40.938000,32.8,32.75,32.85,34520378.0
2018-01-30 13:14:44.161000,32.8,32.75,32.85,34520378.0
2018-01-30 13:14:47.313000,32.8,32.75,32.85,34520378.0
2018-01-30 13:14:50.319000,32.8,32.8,32.85,34745878.0
2018-01-30 13:14:53.341000,32.8,32.8,32.85,34745878.0
2018-01-30 13:14:56.444000,32.8,32.8,32.85,34745878.0
2018-01-30 13:14:59.649000,32.8,32.8,32.85,34745878.0
2018-01-30 13:15:03.044000,32.8,32.8,32.85,34745878.0
2018-01-30 13:15:06.281000,32.8,32.8,32.85,34745878.0
2018-01-30 13:15:09.402000,32.8,32.8,32.85,34745878.0
2018-01-30 13:15:12.560000,32.8,32.8,32.85,34745878.0
2018-01-30 13:15:15.749000,32.8,32.8,32.85,34745878.0
2018-01-30 13:15:18.669000,32.8,32.8,32.85,34745878.0
2018-01-30 13:15:21.845000,32.8,32.8,32.85,34745878.0
2018-01-30 13:15:25.028000,32.8,32.8,32.85,34745878.0
2018-01-30 13:15:28.060000,32.8,32.8,32.85,34745878.0
2018-01-30 13:15:31.038000,32.8,32.8,32.85,34745878.0
2018-01-30 13:15:34.377000,32.8,32.8,32.85,34745878.0
2018-01-30 13:15:37.583000,32.8,32.8,32.85,34745878.0
2018-01-30 13:15:40.823000,32.8,32.8,32.85,34745878.0
2018-01-30 13:15:43.868000,32.8,32.8,32.85,34745878.0
2018-01-30 13:15:47.152000,32.8,32.8,32.85,34745878.0
2018-01-30 13:15:50.423000,32.8,32.8,32.85,34745878.0
2018-01-30 13:15:53.482000,32.8,32.8,32.85,34745878.0
2018-01-30 13:15:56.536000,32.8,32.8,32.85,34745878.0
2018-01-30 13:15:59.804000,32.8,32.8,32.85,34745878.0
2018-01-30 13:16:03.372000,32.8,32.8,32.85,34745878.0
2018-01-30 13:16:06.518000,32.8,32.8,32.85,34745878.0
2018-01-30 13:16:09.764000,32.8,32.8,32.85,34745878.0
2018-01-30 13:16:12.853000,32.8,32.8,32.85,34745878.0
2018-01-30 13:16:15.772000,32.8,32.8,32.85,34745878.0
2018-01-30 13:16:18.860000,32.8,32.8,32.85,34745878.0
2018-01-30 13:16:21.926000,32.8,32.8,32.85,34745878.0
2018-01-30 13:16:25.077000,32.8,32.8,32.85,34745878.0
2018-01-30 13:16:28.281000,32.8,32.8,32.85,34745878.0
2018-01-30 13:16:31.528000,32.8,32.8,32.85,34745878.0
2018-01-30 13:16:34.654000,32.8,32.8,32.85,34745878.0
2018-01-30 13:16:37.755000,32.8,32.8,32.85,34745878.0
2018-01-30 13:16:41.095000,32.8,32.8,32.85,34745878.0
2018-01-30 13:16:44.338000,32.8,32.8,32.85,34745878.0
2018-01-30 13:16:47.529000,32.8,32.8,32.85,34750878.0
2018-01-30 13:16:50.754000,32.8,32.8,32.85,34750878.0
2018-01-30 13:16:53.937000,32.8,32.8,32.85,34750878.0
2018-01-30 13:16:57.112000,32.8,32.8,32.85,34750878.0
2018-01-30 13:17:00.224000,32.8,32.8,32.85,34750878.0
2018-01-30 13:17:03.157000,32.8,32.8,32.85,34750878.0
2018-01-30 13:17:06.381000,32.8,32.8,32.85,34750878.0
2018-01-30 13:17:09.389000,32.8,32.8,32.85,34750878.0
2018-01-30 13:17:12.480000,32.8,32.8,32.85,34750878.0
2018-01-30 13:17:15.431000,32.8,32.8,32.85,34750878.0
2018-01-30 13:17:18.670000,32.8,32.8,32.85,34750878.0
2018-01-30 13:17:21.920000,32.8,32.8,32.85,34750878.0
2018-01-30 13:17:25.049000,32.8,32.8,32.85,34750878.0
2018-01-30 13:17:27.999000,32.8,32.8,32.85,34750878.0
2018-01-30 13:17:31.151000,32.8,32.8,32.85,34750878.0
2018-01-30 13:17:34.423000,32.8,32.8,32.85,34750878.0
2018-01-30 13:17:37.655000,32.8,32.8,32.85,34750878.0
2018-01-30 13:17:40.660000,32.8,32.8,32.85,34750878.0
2018-01-30 13:17:43.641000,32.8,32.8,32.85,34750878.0
2018-01-30 13:17:49.344000,32.8,32.8,32.85,34750878.0
2018-01-30 13:17:53.578000,32.8,32.8,32.85,34750878.0
2018-01-30 13:17:56.776000,32.8,32.8,32.85,34750878.0
2018-01-30 13:18:00.014000,32.85,32.85,32.9,34920878.0
2018-01-30 13:18:03.123000,32.85,32.85,32.9,34920878.0
2018-01-30 13:18:06.343000,32.85,32.85,32.9,34920878.0
2018-01-30 13:18:09.487000,32.85,32.85,32.9,34920878.0
2018-01-30 13:18:12.788000,32.85,32.85,32.9,34920878.0
2018-01-30 13:18:15.959000,32.85,32.85,32.9,34920878.0
2018-01-30 13:18:18.884000,32.85,32.85,32.9,34920878.0
2018-01-30 13:18:22.179000,32.85,32.85,32.9,34920878.0
2018-01-30 13:18:25.382000,32.85,32.85,32.9,34920878.0
2018-01-30 13:18:28.484000,32.85,32.85,32.9,34920878.0
2018-01-30 13:18:31.472000,32.85,32.85,32.9,34920878.0
2018-01-30 13:18:34.544000,32.85,32.85,32.9,34920878.0
2018-01-30 13:18:37.715000,32.85,32.85,32.9,34920878.0
2018-01-30 13:18:40.681000,32.85,32.85,32.9,34920878.0
2018-01-30 13:18:43.790000,32.85,32.85,32.9,34920878.0
2018-01-30 13:18:46.879000,32.85,32.85,32.9,34920878.0
2018-01-30 13:18:49.934000,32.85,32.85,32.9,35015878.0
2018-01-30 13:18:52.903000,32.85,32.85,32.9,35015878.0
2018-01-30 13:18:55.951000,32.85,32.85,32.9,35015878.0
2018-01-30 13:18:58.878000,32.85,32.85,32.9,35015878.0
2018-01-30 13:19:01.959000,32.85,32.85,32.9,35015878.0
2018-01-30 13:19:05.014000,32.85,32.85,32.9,35015878.0
2018-01-30 13:19:08.169000,32.85,32.85,32.9,35015878.0
2018-01-30 13:19:11.304000,32.85,32.85,32.9,35015878.0
2018-01-30 13:19:14.230000,32.85,32.85,32.9,35015878.0
2018-01-30 13:19:17.248000,32.85,32.85,32.9,35015878.0
2018-01-30 13:19:20.381000,32.85,32.85,32.9,35015878.0
2018-01-30 13:19:23.519000,32.85,32.85,32.9,35015878.0
2018-01-30 13:19:26.554000,32.85,32.85,32.9,35015878.0
2018-01-30 13:19:29.599000,32.85,32.85,32.9,35015878.0
2018-01-30 13:19:32.587000,32.85,32.85,32.9,35015878.0
2018-01-30 13:19:35.731000,32.85,32.85,32.9,35015878.0
2018-01-30 13:19:38.769000,32.85,32.85,32.9,35015878.0
2018-01-30 13:19:41.785000,32.85,32.85,32.9,35015878.0
2018-01-30 13:19:44.892000,32.85,32.85,32.9,35015878.0
2018-01-30 13:19:47.945000,32.85,32.85,32.9,35015878.0
2018-01-30 13:19:51.015000,32.85,32.85,32.9,35015878.0
2018-01-30 13:19:53.943000,32.85,32.85,32.9,35104378.0
2018-01-30 13:19:56.851000,32.85,32.85,32.9,35104378.0
2018-01-30 13:19:59.945000,32.85,32.85,32.9,35104378.0
2018-01-30 13:20:02.940000,32.85,32.85,32.9,35104378.0
2018-01-30 13:20:06.061000,32.85,32.85,32.9,35104378.0
2018-01-30 13:20:09.001000,32.85,32.85,32.9,35104378.0
2018-01-30 13:20:12.172000,32.85,32.85,32.9,35104378.0
2018-01-30 13:20:15.376000,32.85,32.85,32.9,35104378.0
2018-01-30 13:20:18.736000,32.85,32.85,32.9,35104378.0
2018-01-30 13:20:21.679000,32.85,32.85,32.9,35104378.0
2018-01-30 13:20:24.862000,32.85,32.85,32.9,35104378.0
2018-01-30 13:20:27.981000,32.85,32.85,32.9,35274378.0
2018-01-30 13:20:31.171000,32.85,32.85,32.9,35274378.0
2018-01-30 13:20:34.226000,32.85,32.85,32.9,35274378.0
2018-01-30 13:20:37.380000,32.85,32.85,32.9,35274378.0
2018-01-30 13:20:40.602000,32.85,32.85,32.9,35274378.0
2018-01-30 13:20:43.567000,32.85,32.85,32.9,35274378.0
2018-01-30 13:20:46.554000,32.85,32.85,32.9,35274378.0
2018-01-30 13:20:49.710000,32.85,32.85,32.9,35274378.0
2018-01-30 13:20:53.094000,32.85,32.85,32.9,35274378.0
2018-01-30 13:20:56.077000,32.85,32.85,32.9,35274378.0
2018-01-30 13:20:59.309000,32.85,32.85,32.9,35274378.0
2018-01-30 13:21:02.533000,32.85,32.85,32.9,35274378.0
2018-01-30 13:21:05.353000,32.85,32.85,32.9,35274378.0
2018-01-30 13:21:08.304000,32.85,32.85,32.9,35274378.0
2018-01-30 13:21:11.339000,32.85,32.85,32.9,35274378.0
2018-01-30 13:21:14.337000,32.85,32.85,32.9,35274378.0
2018-01-30 13:21:17.481000,32.85,32.85,32.9,35274378.0
2018-01-30 13:21:20.538000,32.85,32.85,32.9,35274378.0
2018-01-30 13:21:23.521000,32.85,32.85,32.9,35274378.0
2018-01-30 13:21:26.899000,32.85,32.85,32.9,35274378.0
2018-01-30 13:21:29.980000,32.85,32.85,32.9,35274378.0
2018-01-30 13:21:32.969000,32.85,32.85,32.9,35274378.0
2018-01-30 13:21:36.075000,32.85,32.85,32.9,35283878.0
2018-01-30 13:21:39.022000,32.85,32.85,32.9,35283878.0
2018-01-30 13:21:42.056000,32.85,32.85,32.9,35283878.0
2018-01-30 13:21:45.058000,32.85,32.85,32.9,35283878.0
2018-01-30 13:21:48.167000,32.85,32.85,32.9,35283878.0
2018-01-30 13:21:51.065000,32.85,32.85,32.9,35283878.0
2018-01-30 13:21:54.087000,32.9,32.85,32.9,35577378.0
2018-01-30 13:21:57.177000,32.9,32.85,32.9,35577378.0
2018-01-30 13:22:00.400000,32.9,32.85,32.9,35577378.0
2018-01-30 13:22:04.039000,32.9,32.85,32.9,35577378.0
2018-01-30 13:22:07.137000,32.9,32.85,32.9,35577378.0
2018-01-30 13:22:10.257000,32.9,32.85,32.9,35577378.0
2018-01-30 13:22:13.384000,32.9,32.85,32.9,35577378.0
2018-01-30 13:22:16.337000,32.9,32.85,32.9,35577378.0
2018-01-30 13:22:19.569000,32.9,32.85,32.9,35577378.0
2018-01-30 13:22:22.823000,32.9,32.85,32.9,35577378.0
2018-01-30 13:22:25.753000,32.9,32.85,32.9,35577378.0
2018-01-30 13:22:28.849000,32.9,32.85,32.9,35577378.0
2018-01-30 13:22:31.752000,32.9,32.85,32.9,35577378.0
2018-01-30 13:22:34.833000,32.9,32.85,32.95,35732378.0
2018-01-30 13:22:37.924000,32.9,32.85,32.95,35732378.0
2018-01-30 13:22:40.884000,32.9,32.85,32.95,35732378.0
2018-01-30 13:22:43.874000,32.9,32.85,32.95,35732378.0
2018-01-30 13:22:47.090000,32.9,32.85,32.95,35732378.0
2018-01-30 13:22:49.996000,32.9,32.85,32.95,35732378.0
2018-01-30 13:22:53.334000,32.9,32.85,32.95,35732378.0
2018-01-30 13:22:56.336000,32.9,32.85,32.95,35732378.0
2018-01-30 13:22:59.416000,32.9,32.85,32.95,35732378.0
2018-01-30 13:23:02.449000,32.9,32.85,32.95,35732378.0
2018-01-30 13:23:05.592000,32.9,32.85,32.95,35732378.0
2018-01-30 13:23:08.539000,32.9,32.85,32.95,35732378.0
2018-01-30 13:23:11.554000,32.9,32.9,32.95,35935018.0
2018-01-30 13:23:14.546000,32.9,32.9,32.95,35935018.0
2018-01-30 13:23:17.519000,32.9,32.9,32.95,35935018.0
2018-01-30 13:23:20.579000,32.9,32.9,32.95,35935018.0
2018-01-30 13:23:23.662000,32.9,32.9,32.95,35935018.0
2018-01-30 13:23:26.577000,32.9,32.9,32.95,35935018.0
2018-01-30 13:23:29.527000,32.9,32.9,32.95,35935018.0
2018-01-30 13:23:32.714000,32.9,32.9,32.95,35935018.0
2018-01-30 13:23:35.806000,32.9,32.9,32.95,35935018.0
2018-01-30 13:23:39.662000,32.9,32.9,32.95,35935018.0
2018-01-30 13:23:42.776000,32.9,32.9,32.95,35935018.0
2018-01-30 13:23:45.909000,32.9,32.9,32.95,35935018.0
2018-01-30 13:23:48.930000,32.9,32.9,32.95,35935018.0
2018-01-30 13:23:52.085000,32.9,32.9,32.95,35935018.0
2018-01-30 13:23:55.101000,32.9,32.9,32.95,35935018.0
2018-01-30 13:23:58.326000,32.9,32.9,32.95,35935018.0
2018-01-30 13:24:01.310000,32.9,32.9,32.95,35935018.0
2018-01-30 13:24:04.269000,32.9,32.9,32.95,35935018.0
2018-01-30 13:24:07.608000,32.9,32.9,32.95,35935018.0
2018-01-30 13:24:10.555000,32.9,32.9,32.95,35935018.0
2018-01-30 13:24:13.907000,32.9,32.9,32.95,35935018.0
2018-01-30 13:24:17.017000,32.9,32.9,32.95,35935018.0
2018-01-30 13:24:20.017000,32.9,32.9,32.95,35935018.0
2018-01-30 13:24:23.243000,32.9,32.9,32.95,35935018.0
2018-01-30 13:24:26.177000,32.9,32.9,32.95,35935018.0
2018-01-30 13:24:29.303000,32.9,32.9,32.95,35935018.0
2018-01-30 13:24:32.332000,32.9,32.85,32.9,36009018.0
2018-01-30 13:24:35.357000,32.9,32.85,32.9,36009018.0
2018-01-30 13:24:38.369000,32.9,32.85,32.9,36009018.0
2018-01-30 13:24:41.340000,32.9,32.85,32.9,36009018.0
2018-01-30 13:24:44.298000,32.9,32.85,32.9,36009018.0
2018-01-30 13:24:47.200000,32.9,32.85,32.9,36009018.0
2018-01-30 13:24:50.242000,32.9,32.85,32.9,36009018.0
2018-01-30 13:24:53.494000,32.9,32.85,32.9,36009018.0
2018-01-30 13:24:56.364000,32.9,32.85,32.9,36009018.0
2018-01-30 13:24:59.197000,32.9,32.85,32.9,36009018.0
2018-01-30 13:25:02.327000,32.9,32.85,32.9,36009018.0
2018-01-30 13:25:05.459000,32.9,32.85,32.9,36009018.0
2018-01-30 13:25:08.496000,32.9,32.85,32.9,36009018.0
2018-01-30 13:25:11.569000,32.9,32.85,32.9,36009018.0
2018-01-30 13:25:14.511000,32.9,32.85,32.9,36009018.0
2018-01-30 13:25:17.705000,32.9,32.85,32.9,36009018.0
2018-01-30 13:25:20.784000,32.9,32.85,32.9,36009018.0
2018-01-30 13:25:23.838000,32.9,32.85,32.9,36009018.0
2018-01-30 13:25:26.924000,32.9,32.85,32.9,36009018.0
2018-01-30 13:25:29.745000,32.9,32.85,32.9,36009018.0
2018-01-30 13:25:32.817000,32.9,32.85,32.9,36009018.0
2018-01-30 13:25:35.808000,32.9,32.85,32.9,36009018.0
2018-01-30 13:25:38.948000,32.9,32.85,32.9,36009018.0
2018-01-30 13:25:42.043000,32.9,32.85,32.9,36013518.0
2018-01-30 13:25:45.275000,32.9,32.85,32.9,36013518.0
2018-01-30 13:25:48.420000,32.9,32.85,32.9,36013518.0
2018-01-30 13:25:51.335000,32.9,32.85,32.9,36013518.0
2018-01-30 13:25:54.401000,32.9,32.85,32.9,36013518.0
2018-01-30 13:25:59.305000,32.9,32.85,32.9,36013518.0
2018-01-30 13:26:02.309000,32.9,32.85,32.9,36013518.0
2018-01-30 13:26:06.014000,32.9,32.85,32.9,36013518.0
2018-01-30 13:26:09.321000,32.9,32.85,32.9,36013518.0
2018-01-30 13:26:13.895000,32.9,32.85,32.9,36013518.0
2018-01-30 13:26:16.183000,,,,
2018-01-30 13:26:19.229000,32.9,32.85,32.9,36013518.0
2018-01-30 13:26:22.461000,32.9,32.85,32.9,36013518.0
2018-01-30 13:26:25.423000,32.9,32.85,32.9,36013518.0
2018-01-30 13:26:28.419000,32.9,32.85,32.9,36013518.0
2018-01-30 13:26:31.545000,32.9,32.85,32.9,36013518.0
2018-01-30 13:26:34.683000,32.9,32.85,32.9,36013518.0
2018-01-30 13:26:37.617000,32.9,32.85,32.9,36013518.0
2018-01-30 13:26:41.069000,32.9,32.85,32.9,36013518.0
2018-01-30 13:26:44.074000,32.9,32.85,32.9,36013518.0
2018-01-30 13:26:47.111000,32.9,32.85,32.9,36013518.0
2018-01-30 13:26:50.160000,32.9,32.85,32.9,36013518.0
2018-01-30 13:26:53.280000,32.9,32.85,32.9,36013518.0
2018-01-30 13:26:56.311000,32.9,32.85,32.9,36013518.0
2018-01-30 13:26:59.450000,32.9,32.85,32.9,36013518.0
2018-01-30 13:27:02.368000,32.9,32.85,32.9,36013518.0
2018-01-30 13:27:05.380000,32.9,32.85,32.9,36013518.0
2018-01-30 13:27:08.474000,32.85,32.85,32.9,36024511.0
2018-01-30 13:27:11.578000,32.85,32.85,32.9,36024511.0
2018-01-30 13:27:14.667000,32.85,32.85,32.9,36024511.0
2018-01-30 13:27:17.664000,32.85,32.85,32.9,36024511.0
2018-01-30 13:27:20.669000,32.85,32.85,32.9,36024511.0
2018-01-30 13:27:23.569000,32.85,32.85,32.9,36024511.0
2018-01-30 13:27:26.660000,32.85,32.85,32.9,36024511.0
2018-01-30 13:27:29.840000,32.85,32.85,32.9,36024511.0
2018-01-30 13:27:32.759000,32.85,32.85,32.9,36024511.0
2018-01-30 13:27:35.701000,32.85,32.85,32.9,36024511.0
2018-01-30 13:27:38.958000,32.85,32.85,32.9,36024511.0
2018-01-30 13:27:42.290000,32.85,32.85,32.9,36024511.0
2018-01-30 13:27:45.379000,32.85,32.85,32.9,36024511.0
2018-01-30 13:27:48.454000,32.85,32.85,32.9,36024511.0
2018-01-30 13:27:51.400000,32.85,32.85,32.9,36024511.0
2018-01-30 13:27:54.480000,32.85,32.85,32.9,36024511.0
2018-01-30 13:27:57.546000,32.85,32.85,32.9,36024511.0
2018-01-30 13:28:00.388000,32.85,32.85,32.9,36024511.0
2018-01-30 13:28:03.497000,32.85,32.85,32.9,36024511.0
2018-01-30 13:28:06.460000,32.85,32.85,32.9,36024511.0
2018-01-30 13:28:09.309000,32.85,32.85,32.9,36024511.0
2018-01-30 13:28:12.246000,32.85,32.85,32.9,36024511.0
2018-01-30 13:28:15.315000,32.85,32.85,32.9,36024511.0
2018-01-30 13:28:18.547000,32.85,32.85,32.9,36024511.0
2018-01-30 13:28:21.550000,32.85,32.85,32.9,36024511.0
2018-01-30 13:28:24.590000,32.85,32.85,32.9,36024511.0
2018-01-30 13:28:27.870000,32.85,32.85,32.9,36024511.0
2018-01-30 13:28:31.053000,32.85,32.85,32.9,36024511.0
2018-01-30 13:28:34.099000,32.85,32.85,32.9,36024511.0
2018-01-30 13:28:36.991000,32.85,32.85,32.9,36024511.0
2018-01-30 13:28:40.064000,32.85,32.85,32.9,36024511.0
2018-01-30 13:28:43.255000,32.85,32.85,32.9,36024511.0
2018-01-30 13:28:46.329000,32.85,32.85,32.9,36024511.0
2018-01-30 13:28:49.372000,32.85,32.85,32.9,36024511.0
2018-01-30 13:28:51.664000,32.85,32.85,32.9,36024511.0
2018-01-30 13:28:54.763000,32.85,32.85,32.9,36024511.0
2018-01-30 13:28:57.815000,32.85,32.85,32.9,36024511.0
2018-01-30 13:29:00.781000,32.85,32.85,32.9,36024511.0
2018-01-30 13:29:03.751000,32.85,32.85,32.9,36054011.0
2018-01-30 13:29:07.193000,32.85,32.85,32.9,36054011.0
2018-01-30 13:29:10.280000,32.85,32.85,32.9,36054011.0
2018-01-30 13:29:13.292000,32.85,32.85,32.9,36054011.0
2018-01-30 13:29:16.286000,32.85,32.85,32.9,36054011.0
2018-01-30 13:29:19.466000,32.85,32.85,32.9,36054011.0
2018-01-30 13:29:22.481000,32.85,32.85,32.9,36054011.0
2018-01-30 13:29:25.643000,32.85,32.85,32.9,36054011.0
2018-01-30 13:29:29.607000,32.85,32.85,32.9,36054011.0
2018-01-30 13:29:32.759000,32.85,32.85,32.9,36054011.0
2018-01-30 13:29:35.783000,32.85,32.85,32.9,36054011.0
2018-01-30 13:29:38.885000,32.85,32.85,32.9,36054011.0
2018-01-30 13:29:42.049000,32.85,32.85,32.9,36054011.0
2018-01-30 13:29:45.034000,32.85,32.85,32.9,36054011.0
2018-01-30 13:29:48.013000,32.85,32.85,32.9,36054011.0
2018-01-30 13:29:51.111000,32.85,32.85,32.9,36054011.0
2018-01-30 13:29:54.128000,32.85,32.85,32.9,36054011.0
2018-01-30 13:29:57.509000,32.85,32.85,32.9,36054011.0
2018-01-30 13:30:00.563000,32.85,32.85,32.9,36054011.0
2018-01-30 13:30:03.502000,32.85,32.85,32.9,36054011.0
2018-01-30 13:30:06.536000,32.85,32.85,32.9,36054011.0
2018-01-30 13:30:09.607000,32.85,32.85,32.9,36054011.0
2018-01-30 13:30:12.470000,32.85,32.85,32.9,36054011.0
2018-01-30 13:30:15.310000,32.85,32.85,32.9,36054011.0
2018-01-30 13:30:18.678000,32.85,32.85,32.9,36054011.0
2018-01-30 13:30:21.846000,32.85,32.85,32.9,36054011.0
2018-01-30 13:30:24.906000,32.85,32.85,32.9,36054011.0
2018-01-30 13:30:28.020000,32.85,32.85,32.9,36084511.0
2018-01-30 13:30:31.238000,32.85,32.85,32.9,36084511.0
2018-01-30 13:30:34.467000,32.85,32.85,32.9,36084511.0
2018-01-30 13:30:37.615000,32.85,32.85,32.9,36084511.0
2018-01-30 13:30:40.703000,32.85,32.85,32.9,36084511.0
2018-01-30 13:30:43.832000,32.85,32.85,32.9,36084511.0
2018-01-30 13:30:46.845000,32.85,32.85,32.9,36084511.0
2018-01-30 13:30:50.040000,32.85,32.85,32.9,36084511.0
2018-01-30 13:30:52.926000,32.85,32.85,32.9,36084511.0
2018-01-30 13:30:55.972000,32.85,32.85,32.9,36084511.0
2018-01-30 13:30:59.252000,32.85,32.85,32.9,36084511.0
2018-01-30 13:31:02.345000,32.85,32.85,32.9,36084511.0
2018-01-30 13:31:05.358000,32.85,32.85,32.9,36084511.0
2018-01-30 13:31:08.428000,32.9,32.85,32.9,36344511.0
2018-01-30 13:31:11.395000,32.9,32.85,32.9,36344511.0
2018-01-30 13:31:14.452000,32.9,32.85,32.9,36344511.0
2018-01-30 13:31:17.314000,32.9,32.85,32.9,36344511.0
2018-01-30 13:31:20.250000,32.9,32.85,32.9,36344511.0
2018-01-30 13:31:23.336000,32.9,32.85,32.9,36344511.0
2018-01-30 13:31:26.308000,32.9,32.85,32.9,36344511.0
2018-01-30 13:31:29.719000,32.9,32.85,32.9,36344511.0
2018-01-30 13:31:32.804000,32.9,32.85,32.9,36344511.0
2018-01-30 13:31:35.604000,32.9,32.85,32.9,36344511.0
2018-01-30 13:31:39.153000,32.9,32.85,32.9,36344511.0
2018-01-30 13:31:42.389000,32.9,32.85,32.9,36344511.0
2018-01-30 13:31:45.434000,32.9,32.85,32.9,36344511.0
2018-01-30 13:31:48.774000,32.9,32.85,32.9,36344511.0
2018-01-30 13:31:51.744000,32.9,32.85,32.9,36344511.0
2018-01-30 13:31:54.704000,32.9,32.85,32.9,36344511.0
2018-01-30 13:31:57.680000,32.9,32.85,32.9,36344511.0
2018-01-30 13:32:00.709000,32.9,32.85,32.9,36344511.0
2018-01-30 13:32:03.672000,32.9,32.85,32.9,36344511.0
2018-01-30 13:32:06.780000,32.9,32.85,32.9,36344511.0
2018-01-30 13:32:09.703000,32.9,32.85,32.9,36344511.0
2018-01-30 13:32:12.800000,32.9,32.85,32.9,36344511.0
2018-01-30 13:32:15.657000,32.9,32.85,32.9,36344511.0
2018-01-30 13:32:18.677000,32.9,32.85,32.9,36344511.0
2018-01-30 13:32:21.644000,32.9,32.85,32.9,36607511.0
2018-01-30 13:32:24.672000,32.9,32.85,32.9,36607511.0
2018-01-30 13:32:27.637000,32.9,32.85,32.9,36607511.0
2018-01-30 13:32:30.525000,32.9,32.85,32.9,36607511.0
2018-01-30 13:32:33.808000,32.9,32.85,32.9,36607511.0
2018-01-30 13:32:36.919000,32.9,32.85,32.9,36607511.0
2018-01-30 13:32:39.939000,32.9,32.85,32.9,36607511.0
2018-01-30 13:32:43.068000,32.9,32.85,32.9,36607511.0
2018-01-30 13:32:46.389000,32.9,32.85,32.9,36607511.0
2018-01-30 13:32:49.373000,32.9,32.85,32.9,36607511.0
2018-01-30 13:32:52.531000,32.9,32.85,32.9,36607511.0
2018-01-30 13:32:55.567000,32.9,32.85,32.9,36607511.0
2018-01-30 13:32:58.770000,32.9,32.85,32.9,36607511.0
2018-01-30 13:33:01.772000,32.9,32.85,32.9,36607511.0
2018-01-30 13:33:04.913000,32.9,32.85,32.9,36607511.0
2018-01-30 13:33:08.510000,32.9,32.85,32.9,36607511.0
2018-01-30 13:33:11.811000,32.9,32.85,32.9,36607511.0
2018-01-30 13:33:14.986000,32.9,32.85,32.9,36607511.0
2018-01-30 13:33:18.177000,32.9,32.85,32.9,36607511.0
2018-01-30 13:33:21.238000,32.9,32.85,32.9,36607511.0
2018-01-30 13:33:24.597000,32.9,32.85,32.9,36607511.0
2018-01-30 13:33:27.771000,32.9,32.85,32.9,36607511.0
2018-01-30 13:33:31.035000,32.9,32.85,32.9,36607511.0
2018-01-30 13:33:34.071000,32.9,32.85,32.9,36607511.0
2018-01-30 13:33:37.281000,32.9,32.85,32.9,36607511.0
2018-01-30 13:33:40.320000,32.9,32.85,32.9,36607511.0
2018-01-30 13:33:43.400000,32.9,32.85,32.9,36607511.0
2018-01-30 13:33:46.663000,32.9,32.85,32.9,36607511.0
2018-01-30 13:33:50.122000,32.9,32.85,32.9,36607511.0
2018-01-30 13:33:53.264000,32.85,32.85,32.9,36608511.0
2018-01-30 13:33:56.476000,32.85,32.85,32.9,36608511.0
2018-01-30 13:33:59.705000,32.85,32.85,32.9,36608511.0
2018-01-30 13:34:02.839000,32.85,32.85,32.9,36608511.0
2018-01-30 13:34:05.772000,32.85,32.85,32.9,36608511.0
2018-01-30 13:34:08.807000,32.85,32.85,32.9,36608511.0
2018-01-30 13:34:12.047000,32.85,32.85,32.9,36608511.0
2018-01-30 13:34:15.105000,32.85,32.85,32.9,36608511.0
2018-01-30 13:34:18.581000,32.85,32.85,32.9,36608511.0
2018-01-30 13:34:21.773000,32.85,32.85,32.9,36608511.0
2018-01-30 13:34:25.130000,32.85,32.85,32.9,36608511.0
2018-01-30 13:34:28.434000,32.85,32.85,32.9,36876011.0
2018-01-30 13:34:31.725000,32.85,32.85,32.9,36876011.0
2018-01-30 13:34:35.060000,32.85,32.85,32.9,36876011.0
2018-01-30 13:34:38.071000,32.85,32.85,32.9,36876011.0
2018-01-30 13:34:41.053000,32.85,32.85,32.9,36876011.0
2018-01-30 13:34:44.285000,32.85,32.85,32.9,36876011.0
2018-01-30 13:34:47.250000,32.85,32.85,32.9,36876011.0
2018-01-30 13:34:50.226000,32.85,32.85,32.9,36876011.0
2018-01-30 13:34:53.262000,32.85,32.85,32.9,36876011.0
2018-01-30 13:34:56.339000,32.85,32.85,32.9,36876011.0
2018-01-30 13:34:59.897000,32.85,32.85,32.9,36876011.0
2018-01-30 13:35:02.981000,32.85,32.85,32.9,36876011.0
2018-01-30 13:35:06.091000,32.85,32.85,32.9,36876011.0
2018-01-30 13:35:09.282000,32.85,32.85,32.9,36876011.0
2018-01-30 13:35:12.321000,32.85,32.85,32.9,36876011.0
2018-01-30 13:35:15.692000,32.85,32.85,32.9,36876011.0
2018-01-30 13:35:18.870000,32.85,32.85,32.9,37107011.0
2018-01-30 13:35:22.050000,32.85,32.85,32.9,37107011.0
2018-01-30 13:35:25.073000,32.85,32.85,32.9,37107011.0
2018-01-30 13:35:28.046000,32.85,32.85,32.9,37107011.0
2018-01-30 13:35:31.038000,32.85,32.85,32.9,37107011.0
2018-01-30 13:35:34.433000,32.85,32.85,32.9,37107011.0
2018-01-30 13:35:37.612000,32.85,32.85,32.9,37107011.0
2018-01-30 13:35:40.585000,32.85,32.85,32.9,37107011.0
2018-01-30 13:35:43.612000,32.85,32.85,32.9,37107011.0
2018-01-30 13:35:46.742000,32.85,32.85,32.9,37107011.0
2018-01-30 13:35:49.806000,32.85,32.85,32.9,37107011.0
2018-01-30 13:35:53.197000,32.85,32.8,32.85,37540511.0
2018-01-30 13:35:56.290000,32.85,32.8,32.85,37540511.0
2018-01-30 13:35:59.594000,32.85,32.8,32.85,37540511.0
2018-01-30 13:36:02.613000,32.85,32.8,32.85,37540511.0
2018-01-30 13:36:05.873000,32.85,32.8,32.85,37540511.0
2018-01-30 13:36:09.245000,32.85,32.8,32.85,37540511.0
2018-01-30 13:36:12.423000,32.85,32.8,32.85,37540511.0
2018-01-30 13:36:15.817000,32.85,32.8,32.85,37540511.0
2018-01-30 13:36:19.240000,32.85,32.8,32.85,37540511.0
2018-01-30 13:36:22.307000,32.85,32.8,32.85,37540511.0
2018-01-30 13:36:27.041000,32.85,32.8,32.85,37540511.0
2018-01-30 13:36:30.831000,32.85,32.8,32.85,37540511.0
2018-01-30 13:36:45.636000,32.85,32.8,32.85,38558211.0
2018-01-30 13:36:48.749000,32.85,32.8,32.85,38558211.0
2018-01-30 13:36:51.852000,32.85,32.8,32.85,38558211.0
2018-01-30 13:37:00.553000,32.85,32.8,32.85,38558211.0
2018-01-30 13:37:03.848000,32.85,32.8,32.85,38558211.0
2018-01-30 13:37:06.854000,32.85,32.8,32.85,38558211.0
2018-01-30 13:37:11.001000,32.85,32.8,32.85,38558211.0
2018-01-30 13:37:20.576000,32.85,32.8,32.85,38558211.0
2018-01-30 13:37:23.832000,32.85,32.8,32.85,38558211.0
2018-01-30 13:37:39.774000,,,,
2018-01-30 13:37:46.650000,32.85,32.8,32.85,38558211.0
2018-01-30 13:37:50.038000,32.85,32.8,32.85,38558211.0
2018-01-30 13:37:59.841000,32.85,32.8,32.85,38558211.0
2018-01-30 13:38:03.745000,32.85,32.8,32.85,38558211.0
2018-01-30 13:38:09.712000,32.85,32.8,32.85,38558211.0
2018-01-30 13:38:15.054000,32.85,32.8,32.85,38558211.0
2018-01-30 13:38:18.291000,32.85,32.8,32.85,38558211.0
2018-01-30 13:38:20.995000,32.85,32.8,32.85,38558211.0
2018-01-30 13:38:24.439000,32.85,32.8,32.85,38558211.0
2018-01-30 13:38:27.738000,32.85,32.8,32.85,38558211.0
2018-01-30 13:38:30.930000,32.85,32.8,32.85,38558211.0
2018-01-30 13:38:33.809000,32.8,32.8,32.85,38562211.0
2018-01-30 13:38:36.897000,32.8,32.8,32.85,38562211.0
2018-01-30 13:38:40.103000,32.8,32.8,32.85,38562211.0
2018-01-30 13:38:43.288000,32.8,32.8,32.85,38562211.0
2018-01-30 13:38:46.399000,32.8,32.8,32.85,38562211.0
2018-01-30 13:38:49.909000,32.8,32.8,32.85,38562211.0
2018-01-30 13:38:53.329000,32.8,32.8,32.85,38562211.0
2018-01-30 13:38:56.607000,32.8,32.8,32.85,38562211.0
2018-01-30 13:38:59.880000,32.8,32.8,32.85,38562211.0
2018-01-30 13:39:03.054000,32.8,32.8,32.85,38562211.0
2018-01-30 13:39:06.268000,32.8,32.8,32.85,38562211.0
2018-01-30 13:39:09.563000,32.8,32.8,32.85,38562211.0
2018-01-30 13:39:13.070000,32.8,32.8,32.85,38562211.0
2018-01-30 13:39:16.107000,32.8,32.8,32.85,38562211.0
2018-01-30 13:39:19.314000,32.8,32.8,32.85,38562211.0
2018-01-30 13:39:22.556000,32.8,32.8,32.85,38562211.0
2018-01-30 13:39:25.768000,32.8,32.8,32.85,38562211.0
2018-01-30 13:39:28.818000,32.8,32.8,32.85,38562211.0
2018-01-30 13:39:31.908000,32.8,32.8,32.85,38562211.0
2018-01-30 13:39:35.031000,32.8,32.8,32.85,38562211.0
2018-01-30 13:39:37.880000,32.8,32.8,32.85,38562211.0
2018-01-30 13:39:40.935000,32.8,32.8,32.85,38562211.0
2018-01-30 13:39:43.813000,32.8,32.8,32.85,38562211.0
2018-01-30 13:39:46.811000,32.8,32.8,32.85,38562211.0
2018-01-30 13:39:49.789000,32.8,32.8,32.85,38562211.0
2018-01-30 13:39:52.767000,32.8,32.8,32.85,38564711.0
2018-01-30 13:39:55.605000,32.8,32.8,32.85,38564711.0
2018-01-30 13:39:58.695000,32.8,32.8,32.85,38564711.0
2018-01-30 13:40:01.749000,32.8,32.8,32.85,38564711.0
2018-01-30 13:40:04.687000,32.8,32.8,32.85,38564711.0
2018-01-30 13:40:07.827000,32.8,32.8,32.85,38564711.0
2018-01-30 13:40:10.816000,32.8,32.8,32.85,38564711.0
2018-01-30 13:40:13.875000,32.8,32.8,32.85,38564711.0
2018-01-30 13:40:17.046000,32.8,32.8,32.85,38564711.0
2018-01-30 13:40:20.152000,32.8,32.8,32.85,38564711.0
2018-01-30 13:40:23.296000,32.8,32.8,32.85,38564711.0
2018-01-30 13:40:26.328000,32.8,32.8,32.85,38564711.0
2018-01-30 13:40:29.294000,32.8,32.8,32.85,38564711.0
2018-01-30 13:40:32.417000,32.8,32.8,32.85,38564711.0
2018-01-30 13:40:35.543000,32.8,32.8,32.85,38564711.0
2018-01-30 13:40:38.510000,32.8,32.8,32.85,38564711.0
2018-01-30 13:40:41.756000,32.8,32.8,32.85,38564711.0
2018-01-30 13:40:44.790000,32.8,32.8,32.85,38564711.0
2018-01-30 13:40:47.719000,32.8,32.8,32.85,38564711.0
2018-01-30 13:40:50.589000,32.8,32.8,32.85,38564711.0
2018-01-30 13:40:53.654000,32.8,32.8,32.85,38564711.0
2018-01-30 13:40:56.719000,32.8,32.8,32.85,38564711.0
2018-01-30 13:40:59.698000,32.8,32.8,32.85,38564711.0
2018-01-30 13:41:02.665000,32.8,32.8,32.85,38564711.0
2018-01-30 13:41:05.777000,32.8,32.8,32.85,38564711.0
2018-01-30 13:41:08.832000,32.8,32.8,32.85,38564711.0
2018-01-30 13:41:11.921000,32.8,32.8,32.85,38564711.0
2018-01-30 13:41:14.996000,32.8,32.8,32.85,38564711.0
2018-01-30 13:41:18.326000,32.8,32.8,32.85,38564711.0
2018-01-30 13:41:21.268000,32.85,32.85,32.9,38690711.0
2018-01-30 13:41:24.332000,32.85,32.85,32.9,38690711.0
2018-01-30 13:41:27.350000,32.85,32.85,32.9,38690711.0
2018-01-30 13:41:30.450000,32.85,32.85,32.9,38690711.0
2018-01-30 13:41:33.519000,32.85,32.85,32.9,38690711.0
2018-01-30 13:41:36.390000,32.85,32.85,32.9,38690711.0
2018-01-30 13:41:39.310000,32.85,32.85,32.9,38690711.0
2018-01-30 13:41:42.330000,32.85,32.85,32.9,38690711.0
2018-01-30 13:41:45.231000,32.85,32.85,32.9,38690711.0
2018-01-30 13:41:48.267000,32.85,32.85,32.9,38690711.0
2018-01-30 13:41:51.282000,32.85,32.85,32.9,38690711.0
2018-01-30 13:41:54.451000,32.85,32.85,32.9,38690711.0
2018-01-30 13:41:57.522000,32.85,32.85,32.9,38690711.0
2018-01-30 13:42:00.542000,32.85,32.85,32.9,38690711.0
2018-01-30 13:42:04.067000,32.85,32.85,32.9,38690711.0
2018-01-30 13:42:06.983000,32.85,32.85,32.9,38690711.0
2018-01-30 13:42:09.999000,32.85,32.85,32.9,38690711.0
2018-01-30 13:42:13.266000,32.85,32.85,32.9,38690711.0
2018-01-30 13:42:16.250000,32.85,32.85,32.9,38690711.0
2018-01-30 13:42:19.237000,32.85,32.85,32.9,38690711.0
2018-01-30 13:42:22.251000,32.85,32.85,32.9,38690711.0
2018-01-30 13:42:25.267000,32.85,32.85,32.9,38690711.0
2018-01-30 13:42:28.291000,32.85,32.85,32.9,38690711.0
2018-01-30 13:42:31.376000,32.85,32.85,32.9,38690711.0
2018-01-30 13:42:34.440000,32.85,32.85,32.9,38690711.0
2018-01-30 13:42:37.437000,32.85,32.85,32.9,38690711.0
2018-01-30 13:42:40.468000,32.85,32.85,32.9,38690711.0
2018-01-30 13:42:44.158000,32.85,32.85,32.9,38690711.0
2018-01-30 13:42:48.027000,32.85,32.85,32.9,38690711.0
2018-01-30 13:42:51.448000,32.85,32.85,32.9,38690711.0
2018-01-30 13:42:54.505000,32.85,32.85,32.9,38690711.0
2018-01-30 13:42:57.516000,32.85,32.85,32.9,38690711.0
2018-01-30 13:43:00.485000,32.85,32.85,32.9,38690711.0
2018-01-30 13:43:03.651000,32.85,32.85,32.9,38690711.0
2018-01-30 13:43:06.556000,32.85,32.85,32.9,38690711.0
2018-01-30 13:43:09.538000,32.85,32.85,32.9,38690711.0
2018-01-30 13:43:12.457000,32.85,32.85,32.9,38690711.0
2018-01-30 13:43:15.278000,32.85,32.85,32.9,38690711.0
2018-01-30 13:43:18.221000,32.9,32.85,32.9,38949711.0
2018-01-30 13:43:21.128000,32.9,32.85,32.9,38949711.0
2018-01-30 13:43:24.256000,32.9,32.85,32.9,38949711.0
2018-01-30 13:43:27.201000,32.9,32.85,32.9,38949711.0
2018-01-30 13:43:30.044000,32.9,32.85,32.9,38949711.0
2018-01-30 13:43:33.050000,32.9,32.85,32.9,38949711.0
2018-01-30 13:43:36.077000,32.9,32.85,32.9,38949711.0
2018-01-30 13:43:39.230000,32.9,32.85,32.9,38949711.0
2018-01-30 13:43:42.472000,32.9,32.85,32.9,38949711.0
2018-01-30 13:43:45.560000,32.9,32.85,32.9,38949711.0
2018-01-30 13:43:48.642000,32.9,32.85,32.9,38949711.0
2018-01-30 13:43:51.687000,32.9,32.85,32.9,38949711.0
2018-01-30 13:43:54.675000,32.9,32.85,32.9,38949711.0
2018-01-30 13:43:57.736000,32.9,32.85,32.9,38949711.0
2018-01-30 13:44:00.844000,32.9,32.85,32.9,38949711.0
2018-01-30 13:44:03.816000,32.9,32.85,32.9,38949711.0
2018-01-30 13:44:06.781000,32.9,32.85,32.9,38949711.0
2018-01-30 13:44:09.901000,32.9,32.85,32.9,38949711.0
2018-01-30 13:44:12.902000,32.9,32.85,32.9,38949711.0
2018-01-30 13:44:15.971000,32.9,32.85,32.9,38949711.0
2018-01-30 13:44:19.280000,32.9,32.85,32.9,38949711.0
2018-01-30 13:44:22.376000,32.9,32.85,32.9,38949711.0
2018-01-30 13:44:25.514000,32.9,32.85,32.9,38949711.0
2018-01-30 13:44:29.152000,32.9,32.85,32.9,38949711.0
2018-01-30 13:44:32.391000,32.9,32.85,32.9,38949711.0
2018-01-30 13:44:35.783000,32.9,32.85,32.9,38949711.0
2018-01-30 13:44:38.920000,32.9,32.85,32.9,38949711.0
2018-01-30 13:44:42.207000,32.9,32.85,32.9,38949711.0
2018-01-30 13:44:45.640000,32.85,32.85,32.9,39490216.0
2018-01-30 13:44:48.871000,32.85,32.8,32.85,40585716.0
2018-01-30 13:44:52.004000,32.85,32.8,32.85,40585716.0
2018-01-30 13:44:55.318000,32.85,32.8,32.85,40585716.0
2018-01-30 13:44:58.307000,32.85,32.8,32.85,40585716.0
2018-01-30 13:45:01.516000,32.85,32.8,32.85,40585716.0
2018-01-30 13:45:05.080000,32.85,32.8,32.85,40585716.0
2018-01-30 13:45:08.211000,32.85,32.8,32.85,40585716.0
2018-01-30 13:45:11.235000,32.85,32.8,32.85,40585716.0
2018-01-30 13:45:14.321000,32.85,32.8,32.85,40585716.0
2018-01-30 13:45:17.450000,32.85,32.85,32.9,40838704.0
2018-01-30 13:45:20.750000,32.85,32.85,32.9,40838704.0
2018-01-30 13:45:23.678000,32.85,32.85,32.9,40838704.0
2018-01-30 13:45:26.778000,32.85,32.85,32.9,40838704.0
2018-01-30 13:45:29.809000,32.85,32.85,32.9,40838704.0
2018-01-30 13:45:32.771000,32.85,32.85,32.9,40838704.0
2018-01-30 13:45:35.879000,32.85,32.85,32.9,40838704.0
2018-01-30 13:45:38.989000,32.85,32.85,32.9,40838704.0
2018-01-30 13:45:42.146000,32.85,32.85,32.9,40838704.0
2018-01-30 13:45:45.160000,32.85,32.85,32.9,40838704.0
2018-01-30 13:45:48.411000,32.85,32.85,32.9,40838704.0
2018-01-30 13:45:51.500000,32.85,32.85,32.9,40838704.0
2018-01-30 13:45:54.661000,32.85,32.85,32.9,40838704.0
2018-01-30 13:45:57.809000,32.85,32.85,32.9,40838704.0
2018-01-30 13:46:00.814000,32.85,32.85,32.9,40838704.0
2018-01-30 13:46:03.973000,32.85,32.85,32.9,40838704.0
2018-01-30 13:46:07.083000,32.85,32.85,32.9,40838704.0
2018-01-30 13:46:10.328000,32.85,32.85,32.9,40838704.0
2018-01-30 13:46:13.407000,32.85,32.85,32.9,40838704.0
2018-01-30 13:46:16.491000,32.85,32.85,32.9,40838704.0
2018-01-30 13:46:19.645000,32.85,32.85,32.9,40838704.0
2018-01-30 13:46:22.502000,32.85,32.85,32.9,40838704.0
2018-01-30 13:46:25.675000,32.85,32.85,32.9,40838704.0
2018-01-30 13:46:28.802000,32.85,32.85,32.9,40838704.0
2018-01-30 13:46:31.985000,32.85,32.85,32.9,40838704.0
2018-01-30 13:46:34.865000,32.85,32.85,32.9,40838704.0
2018-01-30 13:46:37.756000,32.85,32.85,32.9,40838704.0
2018-01-30 13:46:40.737000,32.85,32.85,32.9,40838704.0
2018-01-30 13:46:43.804000,32.85,32.85,32.9,40838704.0
2018-01-30 13:46:47.084000,32.85,32.85,32.9,40838704.0
2018-01-30 13:46:50.149000,32.85,32.85,32.9,40838704.0
2018-01-30 13:46:53.022000,32.85,32.85,32.9,40838704.0
2018-01-30 13:46:56.083000,32.85,32.85,32.9,40838704.0
2018-01-30 13:46:58.933000,32.85,32.85,32.9,40838704.0
2018-01-30 13:47:01.820000,32.85,32.85,32.9,40838704.0
2018-01-30 13:47:04.773000,32.85,32.85,32.9,40838704.0
2018-01-30 13:47:07.693000,32.9,32.85,32.9,40883204.0
2018-01-30 13:47:10.814000,32.9,32.85,32.9,40883204.0
2018-01-30 13:47:13.900000,32.9,32.85,32.9,40883204.0
2018-01-30 13:47:17.051000,32.9,32.85,32.9,40883204.0
2018-01-30 13:47:20.096000,32.9,32.85,32.9,40883204.0
2018-01-30 13:47:23.055000,32.9,32.85,32.9,40883204.0
2018-01-30 13:47:26.028000,32.9,32.85,32.9,40883204.0
2018-01-30 13:47:29.219000,32.9,32.85,32.9,40883204.0
2018-01-30 13:47:32.210000,32.9,32.85,32.9,40883204.0
2018-01-30 13:47:35.226000,32.9,32.85,32.9,40883204.0
2018-01-30 13:47:38.438000,32.9,32.85,32.9,40883204.0
2018-01-30 13:47:41.737000,32.9,32.85,32.9,40883204.0
2018-01-30 13:47:44.655000,32.9,32.85,32.9,40883204.0
2018-01-30 13:47:47.687000,32.9,32.85,32.9,40883204.0
2018-01-30 13:47:50.673000,32.85,32.8,32.9,41181204.0
2018-01-30 13:47:53.736000,32.85,32.8,32.9,41181204.0
2018-01-30 13:47:56.694000,32.85,32.8,32.9,41181204.0
2018-01-30 13:47:59.791000,32.85,32.8,32.9,41181204.0
2018-01-30 13:48:02.819000,32.85,32.8,32.9,41181204.0
2018-01-30 13:48:05.782000,32.85,32.8,32.9,41181204.0
2018-01-30 13:48:08.902000,32.85,32.8,32.9,41181204.0
2018-01-30 13:48:11.838000,32.85,32.8,32.9,41181204.0
2018-01-30 13:48:15,32.85,32.8,32.9,41181204.0
2018-01-30 13:48:17.999000,32.85,32.8,32.9,41181204.0
2018-01-30 13:48:21.200000,32.85,32.8,32.9,41181204.0
2018-01-30 13:48:24.239000,32.85,32.8,32.9,41181204.0
2018-01-30 13:48:27.327000,32.85,32.8,32.9,41181204.0
2018-01-30 13:48:30.303000,32.85,32.8,32.9,41181204.0
2018-01-30 13:48:33.310000,32.85,32.8,32.9,41181204.0
2018-01-30 13:48:36.145000,32.85,32.8,32.9,41181204.0
2018-01-30 13:48:39.085000,32.85,32.8,32.9,41181204.0
2018-01-30 13:48:41.948000,32.85,32.8,32.9,41181204.0
2018-01-30 13:48:44.930000,32.85,32.8,32.9,41181204.0
2018-01-30 13:48:48.001000,32.85,32.8,32.9,41181204.0
2018-01-30 13:48:51.020000,32.85,32.8,32.9,41181204.0
2018-01-30 13:48:53.987000,32.85,32.8,32.9,41181204.0
2018-01-30 13:48:57.164000,32.85,32.8,32.9,41181204.0
2018-01-30 13:49:00.357000,32.85,32.8,32.9,41181204.0
2018-01-30 13:49:03.391000,32.85,32.8,32.9,41181204.0
2018-01-30 13:49:06.316000,32.85,32.8,32.9,41181204.0
2018-01-30 13:49:09.338000,32.85,32.8,32.9,41181204.0
2018-01-30 13:49:12.516000,32.8,32.8,32.85,41253204.0
2018-01-30 13:49:15.494000,32.8,32.8,32.85,41253204.0
2018-01-30 13:49:18.467000,32.8,32.8,32.85,41253204.0
2018-01-30 13:49:21.582000,32.8,32.8,32.85,41253204.0
2018-01-30 13:49:24.633000,32.8,32.8,32.85,41253204.0
2018-01-30 13:49:27.802000,32.8,32.8,32.85,41253204.0
2018-01-30 13:49:30.744000,32.8,32.8,32.85,41253204.0
2018-01-30 13:49:33.853000,32.8,32.8,32.85,41253204.0
2018-01-30 13:49:36.850000,32.8,32.8,32.85,41253204.0
2018-01-30 13:49:39.841000,32.8,32.8,32.85,41253204.0
2018-01-30 13:49:42.790000,32.8,32.8,32.85,41253204.0
2018-01-30 13:49:45.734000,32.8,32.8,32.85,41253204.0
2018-01-30 13:49:48.666000,32.8,32.8,32.85,41253204.0
2018-01-30 13:49:51.676000,32.8,32.8,32.85,41253204.0
2018-01-30 13:49:54.788000,32.8,32.8,32.85,41253204.0
2018-01-30 13:49:58.305000,32.8,32.8,32.85,41253204.0
2018-01-30 13:50:01.241000,32.8,32.8,32.85,41253204.0
2018-01-30 13:50:04.151000,32.9,32.85,32.9,41531704.0
2018-01-30 13:50:07.419000,32.9,32.85,32.9,41531704.0
2018-01-30 13:50:10.407000,32.9,32.85,32.9,41531704.0
2018-01-30 13:50:13.478000,32.9,32.85,32.9,41531704.0
2018-01-30 13:50:16.506000,32.9,32.85,32.9,41531704.0
2018-01-30 13:50:19.463000,32.9,32.85,32.9,41531704.0
2018-01-30 13:50:22.402000,32.9,32.85,32.9,41531704.0
2018-01-30 13:50:25.593000,32.9,32.85,32.9,41531704.0
2018-01-30 13:50:28.653000,32.9,32.85,32.9,41531704.0
2018-01-30 13:50:31.923000,32.9,32.85,32.9,41532121.0
2018-01-30 13:50:34.959000,32.9,32.85,32.9,41532121.0
2018-01-30 13:50:38.136000,32.9,32.85,32.9,41532121.0
2018-01-30 13:50:41.273000,32.9,32.85,32.9,41532121.0
2018-01-30 13:50:44.391000,32.9,32.85,32.9,41532121.0
2018-01-30 13:50:47.433000,32.9,32.85,32.9,41532121.0
2018-01-30 13:50:50.911000,32.9,32.85,32.9,41532121.0
2018-01-30 13:50:55.324000,32.9,32.85,32.9,41532121.0
2018-01-30 13:50:58.868000,32.9,32.85,32.9,41532121.0
2018-01-30 13:51:01.875000,32.9,32.85,32.9,41532121.0
2018-01-30 13:51:04.769000,32.9,32.85,32.9,41532121.0
2018-01-30 13:51:07.546000,32.9,32.85,32.9,41532121.0
2018-01-30 13:51:10.465000,32.9,32.85,32.9,41532121.0
2018-01-30 13:51:13.310000,32.9,32.85,32.9,41532121.0
2018-01-30 13:51:16.226000,32.9,32.85,32.9,41532121.0
2018-01-30 13:51:19.226000,32.9,32.85,32.9,41532121.0
2018-01-30 13:51:22.524000,32.9,32.85,32.9,41532121.0
2018-01-30 13:51:25.585000,32.9,32.85,32.9,41532121.0
2018-01-30 13:51:28.591000,32.9,32.85,32.9,41532121.0
2018-01-30 13:51:31.588000,32.9,32.85,32.9,41532121.0
2018-01-30 13:51:34.647000,32.9,32.85,32.9,41532121.0
2018-01-30 13:51:37.714000,32.9,32.85,32.9,41532121.0
2018-01-30 13:51:40.789000,32.9,32.85,32.9,41532121.0
2018-01-30 13:51:43.781000,32.9,32.85,32.9,41532121.0
2018-01-30 13:51:46.773000,32.9,32.85,32.9,41532121.0
2018-01-30 13:51:49.754000,32.9,32.85,32.9,41532121.0
2018-01-30 13:51:52.651000,32.9,32.85,32.9,41532121.0
2018-01-30 13:51:55.742000,32.9,32.85,32.9,41532121.0
2018-01-30 13:51:58.716000,32.9,32.85,32.9,41532121.0
2018-01-30 13:52:01.681000,32.9,32.85,32.9,41532121.0
2018-01-30 13:52:04.618000,32.9,32.85,32.9,41532121.0
2018-01-30 13:52:07.563000,32.9,32.85,32.9,41532121.0
2018-01-30 13:52:10.719000,32.9,32.85,32.9,41532121.0
2018-01-30 13:52:13.861000,32.9,32.85,32.9,41532121.0
2018-01-30 13:52:16.813000,32.9,32.85,32.9,41532121.0
2018-01-30 13:52:19.838000,32.9,32.85,32.9,41532121.0
2018-01-30 13:52:22.864000,32.9,32.85,32.9,41532121.0
2018-01-30 13:52:26.047000,32.9,32.85,32.9,41532121.0
2018-01-30 13:52:28.889000,32.9,32.85,32.9,41532121.0
2018-01-30 13:52:31.924000,32.9,32.85,32.9,41532121.0
2018-01-30 13:52:34.920000,32.9,32.85,32.9,41532121.0
2018-01-30 13:52:37.895000,32.9,32.85,32.9,41532121.0
2018-01-30 13:52:40.798000,32.9,32.85,32.9,41532121.0
2018-01-30 13:52:43.686000,32.9,32.85,32.9,41532121.0
2018-01-30 13:52:46.618000,32.9,32.85,32.9,41532121.0
2018-01-30 13:52:49.737000,32.9,32.85,32.9,41532121.0
2018-01-30 13:52:52.676000,32.9,32.85,32.9,41532121.0
2018-01-30 13:52:55.626000,32.9,32.85,32.9,41532121.0
2018-01-30 13:52:58.467000,32.9,32.85,32.9,41532121.0
2018-01-30 13:53:01.712000,32.9,32.85,32.9,41532121.0
2018-01-30 13:53:05.012000,32.9,32.85,32.9,41532121.0
2018-01-30 13:53:07.669000,,,,
2018-01-30 13:53:10.689000,32.9,32.85,32.9,41532121.0
2018-01-30 13:53:13.715000,32.9,32.85,32.9,41532121.0
2018-01-30 13:53:16.494000,32.9,32.85,32.9,41532121.0
2018-01-30 13:53:19.741000,32.9,32.85,32.9,41532121.0
2018-01-30 13:53:22.746000,32.9,32.85,32.9,41532121.0
2018-01-30 13:53:25.712000,32.9,32.85,32.9,41532121.0
2018-01-30 13:53:28.687000,32.9,32.85,32.9,41532121.0
2018-01-30 13:53:31.415000,32.9,32.85,32.9,41532121.0
2018-01-30 13:53:34.361000,32.9,32.85,32.9,41534121.0
2018-01-30 13:53:37.169000,32.9,32.85,32.9,41534121.0
2018-01-30 13:53:40.108000,32.9,32.85,32.9,41534121.0
2018-01-30 13:53:43.325000,32.9,32.85,32.9,41534121.0
2018-01-30 13:53:46.416000,32.9,32.85,32.9,41534121.0
2018-01-30 13:53:49.482000,32.9,32.85,32.9,41534121.0
2018-01-30 13:53:52.619000,32.9,32.85,32.9,41534121.0
2018-01-30 13:53:55.764000,32.85,32.8,32.85,41811621.0
2018-01-30 13:53:58.561000,,,,
2018-01-30 13:54:01.670000,32.85,32.8,32.85,41811621.0
2018-01-30 13:54:04.640000,32.85,32.8,32.85,41811621.0
2018-01-30 13:54:07.671000,32.85,32.8,32.85,41811621.0
2018-01-30 13:54:10.562000,32.85,32.8,32.85,41811621.0
2018-01-30 13:54:13.614000,32.85,32.8,32.85,41811621.0
2018-01-30 13:54:16.910000,32.85,32.8,32.85,41811621.0
2018-01-30 13:54:19.889000,32.85,32.8,32.85,41811621.0
2018-01-30 13:54:22.795000,32.85,32.8,32.85,41811621.0
2018-01-30 13:54:25.698000,32.85,32.8,32.85,41811621.0
2018-01-30 13:54:28.671000,32.85,32.8,32.85,41811621.0
2018-01-30 13:54:31.901000,32.85,32.8,32.85,41811621.0
2018-01-30 13:54:34.953000,32.85,32.8,32.85,41811621.0
2018-01-30 13:54:37.896000,32.85,32.8,32.85,41811621.0
2018-01-30 13:54:41.482000,32.85,32.8,32.85,41811621.0
2018-01-30 13:54:44.315000,32.85,32.8,32.85,41811621.0
2018-01-30 13:54:47.644000,32.85,32.8,32.85,41811621.0
2018-01-30 13:54:51.608000,32.85,32.8,32.85,41811621.0
2018-01-30 13:54:54.577000,32.85,32.8,32.85,41811621.0
2018-01-30 13:54:57.542000,32.85,32.8,32.85,41811621.0
2018-01-30 13:55:00.624000,32.85,32.8,32.85,41811621.0
2018-01-30 13:55:03.634000,32.85,32.8,32.85,41811621.0
2018-01-30 13:55:06.575000,32.85,32.8,32.85,41811621.0
2018-01-30 13:55:09.608000,32.85,32.8,32.85,41811621.0
2018-01-30 13:55:12.657000,32.85,32.8,32.85,41811621.0
2018-01-30 13:55:15.669000,32.85,32.8,32.85,41811621.0
2018-01-30 13:55:18.674000,32.85,32.8,32.85,41811621.0
2018-01-30 13:55:21.576000,32.85,32.8,32.85,41811621.0
2018-01-30 13:55:24.676000,32.85,32.8,32.85,41811621.0
2018-01-30 13:55:27.650000,32.85,32.8,32.85,41811621.0
2018-01-30 13:55:30.646000,32.85,32.85,32.9,41906121.0
2018-01-30 13:55:33.485000,32.85,32.85,32.9,41906121.0
2018-01-30 13:55:36.428000,32.85,32.85,32.9,41906121.0
2018-01-30 13:55:39.548000,32.85,32.85,32.9,41906121.0
2018-01-30 13:55:42.638000,32.85,32.85,32.9,41906121.0
2018-01-30 13:55:46.029000,32.85,32.85,32.9,41906121.0
2018-01-30 13:55:49.119000,32.85,32.85,32.9,41906121.0
2018-01-30 13:55:52.267000,32.85,32.85,32.9,41906121.0
2018-01-30 13:55:55.170000,32.85,32.85,32.9,41906121.0
2018-01-30 13:55:58.027000,32.85,32.85,32.9,41906121.0
2018-01-30 13:56:00.963000,32.85,32.85,32.9,41906121.0
2018-01-30 13:56:03.931000,32.85,32.85,32.9,41906121.0
2018-01-30 13:56:06.966000,32.85,32.85,32.9,41906121.0
2018-01-30 13:56:10.235000,32.85,32.85,32.9,41906121.0
2018-01-30 13:56:13.177000,32.85,32.85,32.9,41906121.0
2018-01-30 13:56:16.112000,32.85,32.85,32.9,41906121.0
2018-01-30 13:56:19.178000,32.85,32.85,32.9,41906121.0
2018-01-30 13:56:22.205000,32.85,32.85,32.9,41906121.0
2018-01-30 13:56:25.368000,32.85,32.85,32.9,41906121.0
2018-01-30 13:56:28.358000,32.85,32.85,32.9,41906121.0
2018-01-30 13:56:31.363000,32.85,32.85,32.9,41906121.0
2018-01-30 13:56:34.242000,32.85,32.85,32.9,41906121.0
2018-01-30 13:56:37.235000,32.85,32.85,32.9,41906121.0
2018-01-30 13:56:40.091000,32.85,32.85,32.9,41906121.0
2018-01-30 13:56:43.081000,32.85,32.85,32.9,41906121.0
2018-01-30 13:56:46.126000,32.85,32.85,32.9,41906121.0
2018-01-30 13:56:49.261000,32.85,32.85,32.9,41918621.0
2018-01-30 13:56:52.172000,32.85,32.85,32.9,41918621.0
2018-01-30 13:56:55.108000,32.85,32.85,32.9,41918621.0
2018-01-30 13:56:58.083000,32.85,32.85,32.9,41918621.0
2018-01-30 13:57:01.203000,32.85,32.85,32.9,41918621.0
2018-01-30 13:57:04.088000,32.85,32.85,32.9,41918621.0
2018-01-30 13:57:07.145000,32.85,32.85,32.9,41918621.0
2018-01-30 13:57:10.121000,32.85,32.85,32.9,41918621.0
2018-01-30 13:57:13.031000,32.85,32.85,32.9,41918621.0
2018-01-30 13:57:16.019000,32.85,32.85,32.9,41918621.0
2018-01-30 13:57:18.951000,32.85,32.85,32.9,41918621.0
2018-01-30 13:57:21.828000,32.85,32.85,32.9,41918621.0
2018-01-30 13:57:24.591000,32.85,32.85,32.9,41918621.0
2018-01-30 13:57:27.533000,32.85,32.85,32.9,41918621.0
2018-01-30 13:57:30.521000,32.85,32.85,32.9,41918621.0
2018-01-30 13:57:33.808000,32.85,32.85,32.9,41918621.0
2018-01-30 13:57:36.874000,32.85,32.85,32.9,41918621.0
2018-01-30 13:57:39.935000,32.85,32.85,32.9,41918621.0
2018-01-30 13:57:42.721000,32.85,32.85,32.9,41918621.0
2018-01-30 13:57:45.748000,32.85,32.85,32.9,41918621.0
2018-01-30 13:57:50.139000,32.85,32.85,32.9,41918621.0
2018-01-30 13:57:53.150000,32.85,32.85,32.9,41918621.0
2018-01-30 13:57:56.286000,32.85,32.85,32.9,41918621.0
2018-01-30 13:57:59.614000,32.85,32.85,32.9,41918621.0
2018-01-30 13:58:02.649000,32.85,32.85,32.9,41918621.0
2018-01-30 13:58:05.627000,32.85,32.85,32.9,41918621.0
2018-01-30 13:58:08.585000,32.85,32.85,32.9,41918621.0
2018-01-30 13:58:11.450000,32.85,32.85,32.9,41918621.0
2018-01-30 13:58:14.246000,32.85,32.85,32.9,41918621.0
2018-01-30 13:58:17.082000,32.85,32.85,32.9,41918621.0
2018-01-30 13:58:19.677000,32.85,32.85,32.9,41918621.0
2018-01-30 13:58:22.265000,32.85,32.85,32.9,41918621.0
2018-01-30 13:58:24.800000,32.85,32.85,32.9,41918621.0
2018-01-30 13:58:27.376000,32.85,32.85,32.9,41918621.0
2018-01-30 13:58:29.926000,32.85,32.85,32.9,41918621.0
2018-01-30 13:58:32.582000,32.85,32.85,32.9,41918621.0
2018-01-30 13:58:35.009000,32.85,32.85,32.9,41918621.0
2018-01-30 13:58:37.486000,32.85,32.85,32.9,41918621.0
2018-01-30 13:58:39.958000,32.85,32.85,32.9,41918621.0
2018-01-30 13:58:42.452000,32.85,32.85,32.9,41918621.0
2018-01-30 13:58:44.945000,32.85,32.85,32.9,41918621.0
2018-01-30 13:58:47.494000,32.85,32.85,32.9,41918621.0
2018-01-30 13:58:50.084000,32.85,32.85,32.9,41918621.0
2018-01-30 13:58:52.725000,32.85,32.85,32.9,41924621.0
2018-01-30 13:58:55.207000,32.85,32.85,32.9,41924621.0
2018-01-30 13:58:57.785000,32.85,32.85,32.9,41924621.0
2018-01-30 13:59:00.405000,32.85,32.85,32.9,41924621.0
2018-01-30 13:59:02.901000,32.85,32.85,32.9,41924621.0
2018-01-30 13:59:05.310000,32.85,32.85,32.9,41924621.0
2018-01-30 13:59:08.001000,32.85,32.85,32.9,41924621.0
2018-01-30 13:59:10.644000,32.85,32.85,32.9,41924621.0
2018-01-30 13:59:13.347000,32.85,32.85,32.9,41924621.0
2018-01-30 13:59:15.870000,32.85,32.85,32.9,41924621.0
2018-01-30 13:59:18.543000,32.85,32.85,32.9,41924621.0
2018-01-30 13:59:21.381000,32.85,32.85,32.9,41924621.0
2018-01-30 13:59:23.994000,32.85,32.85,32.9,41924621.0
2018-01-30 13:59:26.470000,32.85,32.85,32.9,41924621.0
2018-01-30 13:59:29.059000,32.85,32.85,32.9,41924621.0
2018-01-30 13:59:31.761000,32.85,32.85,32.9,41924621.0
2018-01-30 13:59:34.399000,32.85,32.85,32.9,41924621.0
2018-01-30 13:59:36.987000,32.85,32.85,32.9,41924621.0
2018-01-30 13:59:39.610000,32.85,32.85,32.9,41924621.0
2018-01-30 13:59:42.145000,32.85,32.85,32.9,41924621.0
2018-01-30 13:59:44.756000,32.85,32.85,32.9,41924621.0
2018-01-30 13:59:47.112000,32.85,32.85,32.9,41924621.0
2018-01-30 13:59:49.734000,32.85,32.85,32.9,41924621.0
2018-01-30 13:59:52.486000,32.85,32.85,32.9,41924621.0
2018-01-30 13:59:55.063000,32.85,32.85,32.9,41925621.0
2018-01-30 13:59:57.614000,32.85,32.85,32.9,41925621.0
2018-01-30 14:00:00.336000,32.85,32.85,32.9,41925621.0
2018-01-30 14:00:03.100000,32.85,32.85,32.9,41925621.0
2018-01-30 14:00:05.954000,32.85,32.85,32.9,41925621.0
2018-01-30 14:00:08.567000,32.85,32.85,32.9,41925621.0
2018-01-30 14:00:11.208000,32.85,32.85,32.9,41925621.0
2018-01-30 14:00:13.967000,32.85,32.85,32.9,41925621.0
2018-01-30 14:00:16.604000,32.85,32.85,32.9,41925621.0
2018-01-30 14:00:19.256000,32.85,32.85,32.9,41925621.0
2018-01-30 14:00:21.796000,32.85,32.85,32.9,41925621.0
2018-01-30 14:00:25.040000,32.85,32.85,32.9,41925621.0
2018-01-30 14:00:28.758000,32.85,32.85,32.9,41925621.0
2018-01-30 14:00:32.035000,32.85,32.85,32.9,41925621.0
2018-01-30 14:00:35.491000,32.85,32.85,32.9,41925621.0
2018-01-30 14:00:38.683000,32.85,32.85,32.9,41925621.0
2018-01-30 14:00:41.956000,32.85,32.85,32.9,41925621.0
2018-01-30 14:00:45.460000,32.85,32.85,32.9,41925621.0
2018-01-30 14:00:48.848000,32.85,32.85,32.9,41925621.0
2018-01-30 14:00:52.254000,32.85,32.85,32.9,41925621.0
2018-01-30 14:00:55.679000,32.85,32.85,32.9,41925621.0
2018-01-30 14:00:58.786000,32.85,32.85,32.9,41925621.0
2018-01-30 14:01:01.930000,32.85,32.85,32.9,41925621.0
2018-01-30 14:01:06.067000,32.9,32.85,32.9,42042121.0
2018-01-30 14:01:09.438000,32.9,32.85,32.9,42042121.0
2018-01-30 14:01:12.488000,32.9,32.85,32.9,42042121.0
2018-01-30 14:01:15.794000,32.9,32.85,32.9,42042121.0
2018-01-30 14:01:19.197000,32.9,32.85,32.9,42042121.0
2018-01-30 14:01:22.285000,32.9,32.85,32.9,42042121.0
2018-01-30 14:01:25.498000,32.9,32.85,32.9,42042121.0
2018-01-30 14:01:28.708000,32.9,32.85,32.9,42042121.0
2018-01-30 14:01:32.005000,32.9,32.85,32.9,42042121.0
2018-01-30 14:01:35.118000,32.9,32.85,32.9,42042121.0
2018-01-30 14:01:38.138000,32.9,32.85,32.9,42042121.0
2018-01-30 14:01:41.098000,32.9,32.85,32.9,42042121.0
2018-01-30 14:01:44.341000,32.9,32.85,32.9,42042121.0
2018-01-30 14:01:47.661000,32.9,32.85,32.9,42042121.0
2018-01-30 14:01:50.758000,32.9,32.85,32.9,42042121.0
2018-01-30 14:01:54.152000,32.9,32.85,32.9,42042121.0
2018-01-30 14:01:57.506000,32.9,32.85,32.9,42042121.0
2018-01-30 14:02:00.577000,32.9,32.85,32.9,42042121.0
2018-01-30 14:02:05.351000,32.95,32.9,32.95,42232621.0
2018-01-30 14:02:08.353000,32.95,32.9,32.95,42232621.0
2018-01-30 14:02:11.357000,32.95,32.9,32.95,42232621.0
2018-01-30 14:02:14.569000,32.95,32.9,32.95,42232621.0
2018-01-30 14:02:17.849000,32.95,32.9,32.95,42232621.0
2018-01-30 14:02:20.801000,32.95,32.9,32.95,42232621.0
2018-01-30 14:02:23.966000,32.95,32.9,32.95,42232621.0
2018-01-30 14:02:27.440000,32.95,32.9,32.95,42232621.0
2018-01-30 14:02:30.452000,32.95,32.9,32.95,42232621.0
2018-01-30 14:02:34.275000,32.95,32.9,32.95,42232621.0
2018-01-30 14:02:37.332000,32.95,32.9,32.95,42232621.0
2018-01-30 14:02:40.393000,32.95,32.9,32.95,42232621.0
2018-01-30 14:02:43.340000,32.95,32.9,32.95,42232621.0
2018-01-30 14:02:46.483000,32.95,32.9,32.95,42232621.0
2018-01-30 14:02:49.794000,32.95,32.9,32.95,42232621.0
2018-01-30 14:02:53,32.95,32.9,32.95,42232621.0
2018-01-30 14:02:56.291000,32.95,32.9,32.95,42232621.0
2018-01-30 14:02:59.461000,32.95,32.9,32.95,42232621.0
2018-01-30 14:03:02.350000,32.95,32.9,32.95,42232621.0
2018-01-30 14:03:05.473000,32.95,32.9,32.95,42232621.0
2018-01-30 14:03:08.507000,32.95,32.9,32.95,42232621.0
2018-01-30 14:03:11.485000,32.95,32.9,32.95,42232621.0
2018-01-30 14:03:14.438000,32.95,32.9,32.95,42232621.0
2018-01-30 14:03:17.490000,32.95,32.9,32.95,42232621.0
2018-01-30 14:03:20.432000,32.95,32.9,32.95,42232621.0
2018-01-30 14:03:23.546000,32.95,32.9,32.95,42232621.0
2018-01-30 14:03:26.574000,32.95,32.9,32.95,42232621.0
2018-01-30 14:03:29.642000,32.95,32.9,32.95,42232621.0
2018-01-30 14:03:33.117000,32.95,32.9,32.95,42232621.0
2018-01-30 14:03:36.389000,32.95,32.9,32.95,42234621.0
2018-01-30 14:03:39.435000,32.95,32.9,32.95,42234621.0
2018-01-30 14:03:42.694000,32.95,32.9,32.95,42234621.0
2018-01-30 14:03:45.610000,32.95,32.9,32.95,42234621.0
2018-01-30 14:03:48.809000,32.95,32.9,32.95,42234621.0
2018-01-30 14:03:51.838000,32.95,32.9,32.95,42234621.0
2018-01-30 14:03:54.786000,32.95,32.9,32.95,42234621.0
2018-01-30 14:03:57.727000,32.95,32.9,32.95,42234621.0
2018-01-30 14:04:00.690000,32.95,32.9,32.95,42234621.0
2018-01-30 14:04:03.660000,32.95,32.9,32.95,42234621.0
2018-01-30 14:04:06.632000,32.95,32.9,32.95,42234621.0
2018-01-30 14:04:09.480000,32.95,32.9,32.95,42234621.0
2018-01-30 14:04:12.490000,32.95,32.9,32.95,42234621.0
2018-01-30 14:04:15.476000,32.95,32.9,32.95,42234621.0
2018-01-30 14:04:18.700000,32.95,32.9,32.95,42234621.0
2018-01-30 14:04:21.669000,32.95,32.9,32.95,42234621.0
2018-01-30 14:04:24.848000,32.95,32.9,32.95,42234621.0
2018-01-30 14:04:27.941000,32.95,32.9,32.95,42234621.0
2018-01-30 14:04:30.929000,32.95,32.9,32.95,42234621.0
2018-01-30 14:04:33.929000,32.95,32.9,32.95,42234621.0
2018-01-30 14:04:36.753000,32.95,32.9,32.95,42234621.0
2018-01-30 14:04:39.762000,32.95,32.9,32.95,42234621.0
2018-01-30 14:04:42.789000,32.95,32.9,32.95,42234621.0
2018-01-30 14:04:46.648000,32.95,32.9,32.95,42234621.0
2018-01-30 14:04:49.749000,32.95,32.9,32.95,42234621.0
2018-01-30 14:04:52.893000,32.95,32.9,32.95,42234621.0
2018-01-30 14:04:56.044000,32.95,32.9,32.95,42234621.0
2018-01-30 14:04:59.252000,32.95,32.9,32.95,42234621.0
2018-01-30 14:05:02.492000,32.95,32.9,32.95,42234621.0
2018-01-30 14:05:05.521000,32.9,32.85,32.95,42239121.0
2018-01-30 14:05:08.563000,32.9,32.85,32.95,42239121.0
2018-01-30 14:05:11.699000,32.9,32.85,32.95,42239121.0
2018-01-30 14:05:14.560000,32.9,32.85,32.95,42239121.0
2018-01-30 14:05:17.478000,32.9,32.85,32.95,42239121.0
2018-01-30 14:05:20.460000,32.9,32.85,32.95,42239121.0
2018-01-30 14:05:23.524000,32.9,32.85,32.95,42239121.0
2018-01-30 14:05:26.615000,32.9,32.85,32.95,42239121.0
2018-01-30 14:05:29.560000,32.9,32.85,32.95,42239121.0
2018-01-30 14:05:32.539000,32.9,32.85,32.95,42239121.0
2018-01-30 14:05:35.543000,32.9,32.85,32.95,42239121.0
2018-01-30 14:05:38.450000,32.9,32.85,32.95,42239121.0
2018-01-30 14:05:41.367000,32.9,32.85,32.95,42239121.0
2018-01-30 14:05:44.362000,32.9,32.9,32.95,43017621.0
2018-01-30 14:05:47.248000,32.9,32.9,32.95,43017621.0
2018-01-30 14:05:50.328000,32.9,32.85,32.9,43680121.0
2018-01-30 14:05:53.440000,32.9,32.85,32.9,43680121.0
2018-01-30 14:05:56.352000,32.9,32.85,32.9,43680121.0
2018-01-30 14:05:59.294000,32.9,32.85,32.9,43680121.0
2018-01-30 14:06:02.393000,32.9,32.85,32.9,43680121.0
2018-01-30 14:06:05.445000,32.9,32.85,32.9,43680121.0
2018-01-30 14:06:08.596000,32.9,32.85,32.9,43680121.0
2018-01-30 14:06:11.483000,32.9,32.85,32.9,43680121.0
2018-01-30 14:06:14.365000,32.9,32.85,32.9,43680121.0
2018-01-30 14:06:17.155000,32.85,32.85,32.9,44605121.0
2018-01-30 14:06:20.146000,32.85,32.85,32.9,44605121.0
2018-01-30 14:06:23.205000,32.85,32.85,32.9,44605121.0
2018-01-30 14:06:26.317000,32.85,32.85,32.9,44605121.0
2018-01-30 14:06:29.377000,32.85,32.85,32.9,44605121.0
2018-01-30 14:06:32.303000,32.85,32.85,32.9,44605121.0
2018-01-30 14:06:35.310000,32.85,32.85,32.9,44605121.0
2018-01-30 14:06:38.239000,32.85,32.85,32.9,44605121.0
2018-01-30 14:06:41.243000,32.85,32.85,32.9,44605121.0
2018-01-30 14:06:44.190000,32.85,32.85,32.9,44605121.0
2018-01-30 14:06:47.109000,32.85,32.85,32.9,44605121.0
2018-01-30 14:06:50.068000,32.85,32.85,32.9,44605121.0
2018-01-30 14:06:53.155000,32.85,32.85,32.9,44605121.0
2018-01-30 14:06:56.025000,32.85,32.85,32.9,44605121.0
2018-01-30 14:06:59.185000,32.85,32.85,32.9,44605121.0
2018-01-30 14:07:02.421000,32.85,32.85,32.9,44605121.0
2018-01-30 14:07:05.452000,32.85,32.85,32.9,44605121.0
2018-01-30 14:07:08.311000,32.85,32.85,32.9,44605121.0
2018-01-30 14:07:11.209000,32.85,32.85,32.9,44605121.0
2018-01-30 14:07:14.115000,32.85,32.85,32.9,44605121.0
2018-01-30 14:07:17.162000,32.85,32.85,32.9,44605121.0
2018-01-30 14:07:20.032000,32.85,32.85,32.9,44605121.0
2018-01-30 14:07:23.030000,32.85,32.85,32.9,44605121.0
2018-01-30 14:07:26.062000,32.85,32.85,32.9,44605121.0
2018-01-30 14:07:29.097000,32.85,32.85,32.9,44605121.0
2018-01-30 14:07:32.044000,32.85,32.85,32.9,44605121.0
2018-01-30 14:07:34.977000,32.85,32.85,32.9,44605121.0
2018-01-30 14:07:37.848000,32.85,32.85,32.9,44605121.0
2018-01-30 14:07:40.862000,32.85,32.85,32.9,44605121.0
2018-01-30 14:07:43.731000,32.85,32.85,32.9,44605121.0
2018-01-30 14:07:46.972000,32.85,32.85,32.9,44605121.0
2018-01-30 14:07:50.018000,32.85,32.85,32.9,44605121.0
2018-01-30 14:07:53.271000,32.85,32.85,32.9,44605121.0
2018-01-30 14:07:56.296000,32.85,32.85,32.9,44605121.0
2018-01-30 14:07:59.372000,32.85,32.85,32.9,44605121.0
2018-01-30 14:08:02.423000,32.85,32.85,32.9,44605121.0
2018-01-30 14:08:05.546000,32.85,32.85,32.9,44605121.0
2018-01-30 14:08:08.575000,32.85,32.85,32.9,44605121.0
2018-01-30 14:08:11.665000,32.85,32.85,32.9,44605121.0
2018-01-30 14:08:14.779000,32.85,32.85,32.9,44605121.0
2018-01-30 14:08:17.702000,32.85,32.85,32.9,44605121.0
2018-01-30 14:08:20.602000,32.85,32.85,32.9,44605121.0
2018-01-30 14:08:23.528000,32.85,32.85,32.9,44609121.0
2018-01-30 14:08:26.600000,32.85,32.85,32.9,44609121.0
2018-01-30 14:08:31.199000,32.85,32.85,32.9,44609121.0
2018-01-30 14:08:34.504000,32.85,32.85,32.9,44609121.0
2018-01-30 14:08:37.855000,32.85,32.85,32.9,44609121.0
2018-01-30 14:08:41.133000,32.85,32.85,32.9,44609121.0
2018-01-30 14:08:44.624000,32.85,32.8,32.85,44793121.0
2018-01-30 14:08:47.557000,32.85,32.8,32.85,44793121.0
2018-01-30 14:08:50.700000,32.85,32.8,32.85,44793121.0
2018-01-30 14:08:53.755000,32.85,32.8,32.85,44793121.0
2018-01-30 14:08:56.845000,32.85,32.8,32.85,44793121.0
2018-01-30 14:09:00.027000,32.85,32.8,32.85,44793121.0
2018-01-30 14:09:03.141000,32.85,32.8,32.85,44793121.0
2018-01-30 14:09:06.152000,32.85,32.8,32.85,44793121.0
2018-01-30 14:09:09.417000,32.85,32.8,32.85,44793121.0
2018-01-30 14:09:12.630000,32.85,32.8,32.85,44793121.0
2018-01-30 14:09:15.774000,32.85,32.8,32.85,44793121.0
2018-01-30 14:09:18.749000,32.85,32.8,32.85,44793121.0
2018-01-30 14:09:21.711000,32.85,32.8,32.85,44793121.0
2018-01-30 14:09:24.830000,32.85,32.8,32.85,44793121.0
2018-01-30 14:09:28.310000,32.85,32.8,32.85,44793121.0
2018-01-30 14:09:31.421000,32.85,32.8,32.85,44793121.0
2018-01-30 14:09:34.835000,32.85,32.8,32.85,44793121.0
2018-01-30 14:09:37.923000,32.85,32.8,32.85,44793121.0
2018-01-30 14:09:40.882000,32.85,32.8,32.85,44793121.0
2018-01-30 14:09:44.180000,32.85,32.8,32.9,44903121.0
2018-01-30 14:09:47.175000,32.85,32.8,32.9,44903121.0
2018-01-30 14:09:50.179000,32.85,32.8,32.9,44903121.0
2018-01-30 14:09:53.343000,32.85,32.8,32.9,44903121.0
2018-01-30 14:09:56.465000,32.85,32.8,32.9,44903121.0
2018-01-30 14:09:59.415000,32.85,32.8,32.9,44903121.0
2018-01-30 14:10:02.456000,32.85,32.8,32.9,44903121.0
2018-01-30 14:10:05.359000,32.85,32.8,32.9,44903121.0
2018-01-30 14:10:08.221000,32.85,32.8,32.9,44903121.0
2018-01-30 14:10:11.306000,32.85,32.8,32.9,44903121.0
2018-01-30 14:10:14.438000,32.85,32.8,32.9,44903121.0
2018-01-30 14:10:17.546000,32.85,32.8,32.9,44903121.0
2018-01-30 14:10:20.852000,32.85,32.8,32.9,44903121.0
2018-01-30 14:10:23.858000,32.85,32.8,32.9,44903121.0
2018-01-30 14:10:27.034000,32.85,32.8,32.9,44903121.0
2018-01-30 14:10:29.971000,32.85,32.8,32.9,44903121.0
2018-01-30 14:10:32.788000,32.85,32.8,32.9,44903121.0
2018-01-30 14:10:35.770000,32.85,32.8,32.9,44903121.0
2018-01-30 14:10:38.913000,32.85,32.8,32.9,44903121.0
2018-01-30 14:10:42.092000,32.85,32.8,32.9,44903121.0
2018-01-30 14:10:45.123000,32.85,32.8,32.9,44903121.0
2018-01-30 14:10:48.297000,32.85,32.8,32.9,44903121.0
2018-01-30 14:10:51.457000,32.85,32.8,32.9,44903121.0
2018-01-30 14:10:54.409000,32.85,32.8,32.9,44903121.0
2018-01-30 14:10:57.443000,32.85,32.8,32.9,44903121.0
2018-01-30 14:11:00.413000,32.85,32.8,32.9,44903121.0
2018-01-30 14:11:03.362000,32.85,32.8,32.9,44903121.0
2018-01-30 14:11:06.344000,32.85,32.8,32.9,44903121.0
2018-01-30 14:11:09.641000,32.85,32.8,32.9,44903121.0
2018-01-30 14:11:12.710000,32.85,32.8,32.9,44903121.0
2018-01-30 14:11:15.745000,32.85,32.8,32.9,44903121.0
2018-01-30 14:11:18.874000,32.85,32.8,32.9,44903121.0
2018-01-30 14:11:22.426000,32.85,32.8,32.9,44903121.0
2018-01-30 14:11:26.144000,32.85,32.8,32.9,44903121.0
2018-01-30 14:11:29.066000,32.85,32.8,32.9,44903121.0
2018-01-30 14:11:32.137000,32.8,32.8,32.85,44904121.0
2018-01-30 14:11:34.956000,32.8,32.8,32.85,44904121.0
2018-01-30 14:11:38.062000,32.8,32.8,32.85,44904121.0
2018-01-30 14:11:41.327000,32.8,32.8,32.85,44904121.0
2018-01-30 14:11:44.572000,32.8,32.8,32.85,44904121.0
2018-01-30 14:11:48.796000,32.8,32.8,32.85,44904121.0
2018-01-30 14:11:53.658000,32.8,32.8,32.85,44904121.0
2018-01-30 14:11:57.550000,32.8,32.8,32.85,44904121.0
2018-01-30 14:12:00.956000,32.8,32.8,32.85,44904121.0
2018-01-30 14:12:04.188000,32.8,32.8,32.85,44904121.0
2018-01-30 14:12:07.282000,32.8,32.8,32.85,44904121.0
2018-01-30 14:12:10.367000,32.8,32.8,32.85,44904121.0
2018-01-30 14:12:13.486000,32.8,32.8,32.85,44904121.0
2018-01-30 14:12:16.493000,32.8,32.8,32.85,44904121.0
2018-01-30 14:12:19.566000,32.8,32.8,32.85,44904121.0
2018-01-30 14:12:22.701000,32.8,32.8,32.85,44904121.0
2018-01-30 14:12:25.730000,32.8,32.8,32.85,44904121.0
2018-01-30 14:12:31.543000,32.8,32.8,32.85,44904121.0
2018-01-30 14:12:36.443000,32.8,32.8,32.85,44920621.0
2018-01-30 14:12:39.643000,32.8,32.8,32.85,44920621.0
2018-01-30 14:12:42.277000,32.8,32.8,32.85,44920621.0
2018-01-30 14:12:45.166000,32.8,32.8,32.85,44920621.0
2018-01-30 14:12:47.996000,32.8,32.8,32.85,44920621.0
2018-01-30 14:12:50.715000,32.8,32.8,32.85,44920621.0
2018-01-30 14:12:53.406000,32.8,32.8,32.85,44920621.0
2018-01-30 14:12:56.256000,32.8,32.8,32.85,44920621.0
2018-01-30 14:12:59.364000,32.8,32.8,32.85,44920621.0
2018-01-30 14:13:08.814000,32.8,32.8,32.85,44920621.0
2018-01-30 14:13:11.795000,32.8,32.8,32.85,44920621.0
2018-01-30 14:13:14.653000,32.8,32.8,32.85,44920621.0
2018-01-30 14:13:17.656000,32.8,32.8,32.85,44920621.0
2018-01-30 14:13:20.538000,32.8,32.8,32.85,44920621.0
2018-01-30 14:13:27.926000,32.8,32.8,32.85,44920621.0
2018-01-30 14:13:40.967000,32.8,32.8,32.85,44920621.0
2018-01-30 14:13:47.535000,32.8,32.8,32.85,44926121.0
2018-01-30 14:13:56.020000,32.8,32.8,32.85,44926121.0
2018-01-30 14:14:00.918000,32.8,32.8,32.85,44926121.0
2018-01-30 14:14:04.056000,32.8,32.8,32.85,44926121.0
2018-01-30 14:14:07.098000,32.8,32.8,32.85,44926121.0
2018-01-30 14:14:10.129000,32.8,32.8,32.85,44926121.0
2018-01-30 14:14:13.018000,32.8,32.8,32.85,44926121.0
2018-01-30 14:14:15.908000,32.8,32.8,32.85,44926121.0
2018-01-30 14:14:19.017000,32.8,32.8,32.85,44926121.0
2018-01-30 14:14:22.112000,32.8,32.8,32.85,44926121.0
2018-01-30 14:14:25.317000,32.8,32.8,32.85,44926121.0
2018-01-30 14:14:28.782000,32.8,32.8,32.85,44926121.0
2018-01-30 14:14:31.978000,32.8,32.8,32.85,44940121.0
2018-01-30 14:14:35.350000,32.8,32.8,32.85,44940121.0
2018-01-30 14:14:39.473000,32.8,32.8,32.85,44940121.0
2018-01-30 14:14:42.740000,32.8,32.8,32.85,44940121.0
2018-01-30 14:14:47.916000,32.8,32.8,32.85,44940121.0
2018-01-30 14:14:51.413000,32.8,32.8,32.85,44940121.0
2018-01-30 14:14:54.521000,32.8,32.8,32.85,44940121.0
2018-01-30 14:14:57.580000,32.8,32.8,32.85,44940121.0
2018-01-30 14:15:00.773000,32.8,32.8,32.85,44940121.0
2018-01-30 14:15:03.926000,32.8,32.8,32.85,44940121.0
2018-01-30 14:15:07.075000,32.8,32.8,32.85,44940121.0
2018-01-30 14:15:10.052000,32.8,32.8,32.85,44940121.0
2018-01-30 14:15:13.301000,32.8,32.8,32.85,44940121.0
2018-01-30 14:15:16.202000,32.8,32.8,32.85,44940121.0
2018-01-30 14:15:19.383000,32.8,32.8,32.85,44940121.0
2018-01-30 14:15:22.286000,32.8,32.8,32.85,44940121.0
2018-01-30 14:15:25.193000,32.8,32.8,32.85,44940121.0
2018-01-30 14:15:28.380000,32.8,32.8,32.85,44940121.0
2018-01-30 14:15:31.468000,32.8,32.8,32.85,44940121.0
2018-01-30 14:15:34.772000,32.8,32.8,32.85,44940121.0
2018-01-30 14:15:37.708000,32.8,32.8,32.85,44940121.0
2018-01-30 14:15:40.665000,32.8,32.8,32.85,44940121.0
2018-01-30 14:15:43.755000,32.8,32.8,32.85,44940121.0
2018-01-30 14:15:47.008000,32.8,32.8,32.85,44947121.0
2018-01-30 14:15:50.040000,32.8,32.8,32.85,44947121.0
2018-01-30 14:15:53.350000,32.8,32.8,32.85,44947121.0
2018-01-30 14:15:56.376000,32.8,32.8,32.85,44947121.0
2018-01-30 14:15:59.318000,32.8,32.8,32.85,44947121.0
2018-01-30 14:16:02.446000,32.8,32.8,32.85,44947121.0
2018-01-30 14:16:05.495000,32.8,32.8,32.85,44947121.0
2018-01-30 14:16:08.536000,32.8,32.8,32.85,44947121.0
2018-01-30 14:16:11.509000,32.8,32.8,32.85,44947121.0
2018-01-30 14:16:14.458000,32.8,32.8,32.85,44947121.0
2018-01-30 14:16:17.565000,32.8,32.8,32.85,44947121.0
2018-01-30 14:16:20.479000,32.8,32.8,32.85,44947121.0
2018-01-30 14:16:23.568000,32.8,32.8,32.85,44947121.0
2018-01-30 14:16:26.470000,32.8,32.8,32.85,44947121.0
2018-01-30 14:16:29.370000,32.8,32.8,32.85,44947121.0
2018-01-30 14:16:32.232000,32.8,32.8,32.85,44947121.0
2018-01-30 14:16:35.255000,32.8,32.8,32.85,44947121.0
2018-01-30 14:16:38.343000,32.8,32.8,32.85,44947121.0
2018-01-30 14:16:41.173000,32.8,32.8,32.85,44947121.0
2018-01-30 14:16:44.136000,32.8,32.8,32.85,44947121.0
2018-01-30 14:16:47.141000,32.8,32.8,32.85,44947121.0
2018-01-30 14:16:50.384000,32.8,32.8,32.85,44947121.0
2018-01-30 14:16:53.345000,32.8,32.8,32.85,44951121.0
2018-01-30 14:16:56.553000,32.8,32.8,32.85,44951121.0
2018-01-30 14:16:59.431000,32.8,32.8,32.85,44951121.0
2018-01-30 14:17:02.297000,32.8,32.8,32.85,44951121.0
2018-01-30 14:17:05.362000,32.8,32.8,32.85,44951121.0
2018-01-30 14:17:08.429000,32.8,32.8,32.85,44951121.0
2018-01-30 14:17:11.549000,32.8,32.8,32.85,44951121.0
2018-01-30 14:17:14.513000,32.8,32.8,32.85,44951121.0
2018-01-30 14:17:17.682000,32.8,32.8,32.85,44951121.0
2018-01-30 14:17:20.925000,32.8,32.8,32.85,44951121.0
2018-01-30 14:17:23.726000,32.8,32.8,32.85,44951121.0
2018-01-30 14:17:26.754000,32.8,32.8,32.85,44951121.0
2018-01-30 14:17:29.892000,32.8,32.8,32.85,44951121.0
2018-01-30 14:17:33.173000,32.8,32.8,32.85,45066121.0
2018-01-30 14:17:36.637000,32.8,32.8,32.85,45066121.0
2018-01-30 14:17:39.978000,32.8,32.8,32.85,45066121.0
2018-01-30 14:17:43.038000,32.8,32.8,32.85,45066121.0
2018-01-30 14:17:46.078000,32.8,32.8,32.85,45066121.0
2018-01-30 14:17:49.136000,32.8,32.8,32.85,45066121.0
2018-01-30 14:17:52.284000,32.8,32.8,32.85,45066121.0
2018-01-30 14:17:55.135000,32.8,32.8,32.85,45066121.0
2018-01-30 14:17:58.199000,32.8,32.8,32.85,45066121.0
2018-01-30 14:18:01.193000,32.8,32.8,32.85,45066121.0
2018-01-30 14:18:04.228000,32.8,32.8,32.85,45066121.0
2018-01-30 14:18:07.266000,32.8,32.8,32.85,45066121.0
2018-01-30 14:18:10.616000,32.8,32.8,32.85,45066121.0
2018-01-30 14:18:13.667000,32.8,32.8,32.85,45066121.0
2018-01-30 14:18:16.837000,32.8,32.8,32.85,45066121.0
2018-01-30 14:18:20.095000,32.8,32.8,32.85,45066121.0
2018-01-30 14:18:23.317000,32.8,32.8,32.85,45066121.0
2018-01-30 14:18:26.446000,32.8,32.8,32.85,45066121.0
2018-01-30 14:18:29.706000,32.8,32.8,32.85,45066121.0
2018-01-30 14:18:32.841000,32.8,32.8,32.85,45066121.0
2018-01-30 14:18:36.006000,32.8,32.8,32.85,45066121.0
2018-01-30 14:18:39.415000,32.8,32.8,32.85,45066121.0
2018-01-30 14:18:42.392000,32.8,32.8,32.85,45066121.0
2018-01-30 14:18:45.299000,32.8,32.8,32.85,45220121.0
2018-01-30 14:18:48.325000,32.8,32.8,32.85,45220121.0
2018-01-30 14:18:51.342000,32.8,32.8,32.85,45220121.0
2018-01-30 14:18:54.398000,32.8,32.8,32.85,45220121.0
2018-01-30 14:18:57.451000,32.8,32.8,32.85,45220121.0
2018-01-30 14:19:00.565000,32.8,32.8,32.85,45220121.0
2018-01-30 14:19:03.633000,32.8,32.8,32.85,45220121.0
2018-01-30 14:19:06.749000,32.8,32.8,32.85,45220121.0
2018-01-30 14:19:09.865000,32.8,32.8,32.85,45220121.0
2018-01-30 14:19:13.047000,32.8,32.8,32.85,45220121.0
2018-01-30 14:19:16.081000,32.8,32.8,32.85,45220121.0
2018-01-30 14:19:19.055000,32.8,32.8,32.85,45220121.0
2018-01-30 14:19:22.527000,32.8,32.8,32.85,45220121.0
2018-01-30 14:19:25.727000,32.8,32.8,32.85,45220121.0
2018-01-30 14:19:28.775000,32.8,32.8,32.85,45220121.0
2018-01-30 14:19:31.870000,32.8,32.8,32.85,45220121.0
2018-01-30 14:19:34.983000,32.8,32.8,32.85,45220121.0
2018-01-30 14:19:38.158000,32.8,32.8,32.85,45240621.0
2018-01-30 14:19:41.342000,32.8,32.8,32.85,45240621.0
2018-01-30 14:19:44.424000,32.8,32.8,32.85,45240621.0
2018-01-30 14:19:47.569000,32.8,32.8,32.85,45240621.0
2018-01-30 14:19:50.719000,32.8,32.8,32.85,45240621.0
2018-01-30 14:19:53.822000,32.8,32.8,32.85,45240621.0
2018-01-30 14:19:57.069000,32.8,32.8,32.85,45240621.0
2018-01-30 14:20:00.035000,32.8,32.8,32.85,45240621.0
2018-01-30 14:20:03.053000,32.8,32.8,32.85,45240621.0
2018-01-30 14:20:06.052000,32.8,32.8,32.85,45240621.0
2018-01-30 14:20:09.075000,32.8,32.8,32.85,45240621.0
2018-01-30 14:20:12.103000,32.8,32.8,32.85,45240621.0
2018-01-30 14:20:15.378000,32.8,32.8,32.85,45240621.0
2018-01-30 14:20:18.488000,32.8,32.8,32.85,45240621.0
2018-01-30 14:20:21.542000,32.8,32.8,32.85,45240621.0
2018-01-30 14:20:24.779000,32.8,32.8,32.85,45240621.0
2018-01-30 14:20:27.787000,32.8,32.8,32.85,45240621.0
2018-01-30 14:20:30.720000,32.8,32.8,32.85,45240621.0
2018-01-30 14:20:33.668000,32.8,32.8,32.85,45240621.0
2018-01-30 14:20:36.878000,32.8,32.8,32.85,45240621.0
2018-01-30 14:20:39.998000,32.8,32.8,32.85,45240621.0
2018-01-30 14:20:43.142000,32.8,32.8,32.85,45252121.0
2018-01-30 14:20:46.118000,32.8,32.8,32.85,45252121.0
2018-01-30 14:20:49.026000,32.8,32.8,32.85,45252121.0
2018-01-30 14:20:52.085000,32.8,32.8,32.85,45252121.0
2018-01-30 14:20:55.054000,32.8,32.8,32.85,45252121.0
2018-01-30 14:20:57.932000,32.8,32.8,32.85,45252121.0
2018-01-30 14:21:00.901000,32.8,32.8,32.85,45252121.0
2018-01-30 14:21:03.903000,32.8,32.8,32.85,45252121.0
2018-01-30 14:21:06.927000,32.8,32.8,32.85,45252121.0
2018-01-30 14:21:09.864000,32.8,32.8,32.85,45252121.0
2018-01-30 14:21:12.822000,32.8,32.8,32.85,45252121.0
2018-01-30 14:21:15.943000,32.8,32.8,32.85,45252121.0
2018-01-30 14:21:18.963000,32.8,32.8,32.85,45252121.0
2018-01-30 14:21:21.887000,32.8,32.8,32.85,45252121.0
2018-01-30 14:21:24.829000,32.8,32.8,32.85,45252121.0
2018-01-30 14:21:27.857000,32.8,32.8,32.85,45252121.0
2018-01-30 14:21:30.776000,32.8,32.8,32.85,45252121.0
2018-01-30 14:21:33.640000,32.8,32.8,32.85,45252121.0
2018-01-30 14:21:36.634000,32.8,32.8,32.85,45252121.0
2018-01-30 14:21:39.827000,32.8,32.8,32.85,45252121.0
2018-01-30 14:21:43.012000,32.8,32.8,32.85,45252121.0
2018-01-30 14:21:46.023000,32.8,32.8,32.85,45252121.0
2018-01-30 14:21:49.168000,32.8,32.8,32.85,45252121.0
2018-01-30 14:21:52.203000,32.8,32.8,32.85,45252121.0
2018-01-30 14:21:55.382000,32.8,32.8,32.85,45252121.0
2018-01-30 14:21:58.443000,32.8,32.8,32.85,45252121.0
2018-01-30 14:22:01.562000,32.8,32.8,32.85,45252121.0
2018-01-30 14:22:04.651000,32.8,32.8,32.85,45252121.0
2018-01-30 14:22:07.562000,32.8,32.8,32.85,45252121.0
2018-01-30 14:22:10.531000,32.8,32.8,32.85,45252121.0
2018-01-30 14:22:13.541000,32.8,32.8,32.85,45252121.0
2018-01-30 14:22:16.493000,32.85,32.8,32.85,46112121.0
2018-01-30 14:22:19.592000,32.85,32.8,32.85,46112121.0
2018-01-30 14:22:22.566000,32.85,32.8,32.85,46112121.0
2018-01-30 14:22:25.583000,32.85,32.8,32.85,46112121.0
2018-01-30 14:22:28.595000,32.85,32.8,32.85,46112121.0
2018-01-30 14:22:31.955000,32.85,32.8,32.85,46112121.0
2018-01-30 14:22:34.866000,32.85,32.8,32.85,46112121.0
2018-01-30 14:22:37.847000,32.85,32.8,32.85,47326121.0
2018-01-30 14:22:40.749000,32.85,32.8,32.85,47326121.0
2018-01-30 14:22:43.655000,32.85,32.8,32.85,47326121.0
2018-01-30 14:22:46.773000,32.85,32.8,32.85,47326121.0
2018-01-30 14:22:49.687000,32.85,32.8,32.85,47326121.0
2018-01-30 14:22:52.928000,32.85,32.8,32.85,47326121.0
2018-01-30 14:22:55.994000,32.85,32.8,32.85,48313121.0
2018-01-30 14:22:59.015000,32.85,32.8,32.85,48313121.0
2018-01-30 14:23:02.018000,32.85,32.8,32.85,48313121.0
2018-01-30 14:23:04.947000,32.85,32.8,32.85,48313121.0
2018-01-30 14:23:08.132000,32.85,32.8,32.85,48313121.0
2018-01-30 14:23:11.041000,32.85,32.8,32.85,48313121.0
2018-01-30 14:23:14.076000,32.85,32.8,32.85,48313121.0
2018-01-30 14:23:17.010000,32.85,32.8,32.85,48313121.0
2018-01-30 14:23:20.117000,32.85,32.8,32.85,48313121.0
2018-01-30 14:23:23.224000,32.85,32.8,32.85,48313121.0
2018-01-30 14:23:26.047000,32.85,32.8,32.85,48313121.0
2018-01-30 14:23:29.030000,32.85,32.8,32.85,48313121.0
2018-01-30 14:23:32.189000,32.85,32.8,32.85,48313121.0
2018-01-30 14:23:35.157000,32.85,32.8,32.9,48697121.0
2018-01-30 14:23:38.074000,32.85,32.8,32.9,48697121.0
2018-01-30 14:23:41.125000,32.85,32.8,32.9,48697121.0
2018-01-30 14:23:44.013000,32.85,32.8,32.9,48697121.0
2018-01-30 14:23:47.050000,32.85,32.8,32.9,48697121.0
2018-01-30 14:23:50.144000,32.85,32.8,32.9,48697121.0
2018-01-30 14:23:53.438000,32.85,32.8,32.9,48697121.0
2018-01-30 14:23:56.650000,32.85,32.8,32.9,48697121.0
2018-01-30 14:23:59.578000,32.85,32.8,32.9,48697121.0
2018-01-30 14:24:02.666000,32.85,32.8,32.9,48697121.0
2018-01-30 14:24:05.676000,32.85,32.8,32.9,48697121.0
2018-01-30 14:24:08.710000,32.85,32.8,32.9,48697121.0
2018-01-30 14:24:11.518000,32.85,32.8,32.9,48697121.0
2018-01-30 14:24:14.531000,32.85,32.8,32.9,48697121.0
2018-01-30 14:24:17.488000,32.85,32.8,32.9,48697121.0
2018-01-30 14:24:20.532000,32.85,32.8,32.9,48697121.0
2018-01-30 14:24:23.615000,32.85,32.8,32.9,48697121.0
2018-01-30 14:24:26.470000,32.85,32.8,32.9,48697121.0
2018-01-30 14:24:29.373000,32.85,32.8,32.9,48697121.0
2018-01-30 14:24:32.141000,32.85,32.8,32.9,48697121.0
2018-01-30 14:24:35.080000,32.85,32.8,32.9,48697121.0
2018-01-30 14:24:38.204000,32.85,32.8,32.9,48697121.0
2018-01-30 14:24:41.347000,32.85,32.8,32.9,48697121.0
2018-01-30 14:24:44.235000,32.85,32.8,32.9,48697121.0
2018-01-30 14:24:47.616000,32.85,32.8,32.9,49598621.0
2018-01-30 14:24:50.369000,32.85,32.8,32.9,49598621.0
2018-01-30 14:24:53.290000,32.85,32.8,32.9,49598621.0
2018-01-30 14:24:56.254000,32.85,32.8,32.9,49598621.0
2018-01-30 14:24:59.125000,32.85,32.8,32.9,49598621.0
2018-01-30 14:25:02.106000,32.85,32.8,32.9,49598621.0
2018-01-30 14:25:05.159000,32.85,32.8,32.9,49598621.0
2018-01-30 14:25:08.442000,32.85,32.8,32.9,49598621.0
2018-01-30 14:25:11.479000,32.85,32.8,32.9,49598621.0
2018-01-30 14:25:14.499000,32.85,32.8,32.9,49598621.0
2018-01-30 14:25:17.481000,32.85,32.8,32.9,49598621.0
2018-01-30 14:25:20.502000,32.85,32.8,32.9,49598621.0
2018-01-30 14:25:23.492000,32.85,32.85,32.9,49866621.0
2018-01-30 14:25:26.463000,32.85,32.85,32.9,49866621.0
2018-01-30 14:25:29.422000,32.85,32.85,32.9,49866621.0
2018-01-30 14:25:32.494000,32.85,32.85,32.9,49866621.0
2018-01-30 14:25:35.643000,32.85,32.85,32.9,49866621.0
2018-01-30 14:25:38.812000,32.85,32.85,32.9,49866621.0
2018-01-30 14:25:42.122000,32.85,32.85,32.9,49866621.0
2018-01-30 14:25:45.042000,32.85,32.85,32.9,49866621.0
2018-01-30 14:25:47.969000,32.85,32.85,32.9,49866621.0
2018-01-30 14:25:51.546000,32.85,32.85,32.9,49866621.0
2018-01-30 14:25:54.640000,32.85,32.85,32.9,49866621.0
2018-01-30 14:25:57.590000,32.85,32.85,32.9,49866621.0
2018-01-30 14:26:00.876000,32.85,32.85,32.9,49866621.0
2018-01-30 14:26:03.791000,32.85,32.85,32.9,49866621.0
2018-01-30 14:26:06.792000,32.85,32.85,32.9,49866621.0
2018-01-30 14:26:09.940000,32.85,32.85,32.9,49866621.0
2018-01-30 14:26:12.847000,32.85,32.85,32.9,49866621.0
2018-01-30 14:26:16.051000,32.85,32.85,32.9,49869621.0
2018-01-30 14:26:19.102000,32.85,32.85,32.9,49869621.0
2018-01-30 14:26:22.192000,32.85,32.85,32.9,49869621.0
2018-01-30 14:26:25.268000,32.85,32.85,32.9,49869621.0
2018-01-30 14:26:28.228000,32.85,32.85,32.9,49869621.0
2018-01-30 14:26:31.308000,32.85,32.85,32.9,49869621.0
2018-01-30 14:26:34.298000,32.85,32.85,32.9,49869621.0
2018-01-30 14:26:37.330000,32.85,32.85,32.9,49869621.0
2018-01-30 14:26:40.175000,32.85,32.85,32.9,49869621.0
2018-01-30 14:26:43.291000,32.85,32.85,32.9,49869621.0
2018-01-30 14:26:46.358000,32.85,32.85,32.9,49869621.0
2018-01-30 14:26:49.361000,32.85,32.85,32.9,49869621.0
2018-01-30 14:26:52.543000,32.85,32.85,32.9,49869621.0
2018-01-30 14:26:55.688000,32.85,32.85,32.9,49869621.0
2018-01-30 14:26:58.708000,32.85,32.85,32.9,49869621.0
2018-01-30 14:27:01.684000,32.85,32.85,32.9,49869621.0
2018-01-30 14:27:04.689000,32.85,32.85,32.9,49869621.0
2018-01-30 14:27:07.869000,32.85,32.85,32.9,49869621.0
2018-01-30 14:27:10.871000,32.85,32.85,32.9,49869621.0
2018-01-30 14:27:13.863000,32.85,32.85,32.9,49869621.0
2018-01-30 14:27:16.882000,32.85,32.85,32.9,49871209.0
2018-01-30 14:27:19.786000,32.85,32.85,32.9,49871209.0
2018-01-30 14:27:22.713000,32.85,32.85,32.9,49871209.0
2018-01-30 14:27:25.600000,32.85,32.85,32.9,49871209.0
2018-01-30 14:27:28.452000,32.85,32.85,32.9,49871209.0
2018-01-30 14:27:31.492000,32.85,32.85,32.9,49871209.0
2018-01-30 14:27:34.440000,32.85,32.85,32.9,49871209.0
2018-01-30 14:27:37.349000,32.85,32.85,32.9,49871209.0
2018-01-30 14:27:40.434000,32.85,32.85,32.9,49871209.0
2018-01-30 14:27:43.366000,32.85,32.85,32.9,49871209.0
2018-01-30 14:27:46.599000,32.85,32.85,32.9,49871209.0
2018-01-30 14:27:49.534000,32.85,32.85,32.9,49871209.0
2018-01-30 14:27:52.603000,32.85,32.85,32.9,49871209.0
2018-01-30 14:27:55.632000,32.85,32.85,32.9,49871209.0
2018-01-30 14:27:58.686000,32.85,32.85,32.9,49871209.0
2018-01-30 14:28:01.679000,32.85,32.85,32.9,49871209.0
2018-01-30 14:28:04.565000,32.85,32.8,32.85,50188209.0
2018-01-30 14:28:07.475000,32.85,32.8,32.85,50188209.0
2018-01-30 14:28:10.573000,32.85,32.8,32.85,50188209.0
2018-01-30 14:28:13.505000,32.85,32.8,32.85,50188209.0
2018-01-30 14:28:16.607000,32.85,32.8,32.85,50188209.0
2018-01-30 14:28:19.723000,32.85,32.8,32.85,50188209.0
2018-01-30 14:28:22.742000,32.85,32.8,32.85,50188209.0
2018-01-30 14:28:25.717000,32.85,32.8,32.85,50188209.0
2018-01-30 14:28:28.608000,32.85,32.8,32.85,50188209.0
2018-01-30 14:28:31.522000,32.85,32.8,32.85,50188209.0
2018-01-30 14:28:34.520000,32.85,32.8,32.85,50188209.0
2018-01-30 14:28:37.467000,32.85,32.8,32.85,50188209.0
2018-01-30 14:28:40.467000,32.85,32.8,32.85,50188209.0
2018-01-30 14:28:43.549000,32.85,32.8,32.85,50188209.0
2018-01-30 14:28:46.441000,32.85,32.8,32.85,50188209.0
2018-01-30 14:28:49.615000,32.85,32.8,32.9,50961709.0
2018-01-30 14:28:52.677000,32.85,32.8,32.9,50961709.0
2018-01-30 14:28:55.646000,32.85,32.8,32.9,50961709.0
2018-01-30 14:28:58.711000,32.85,32.8,32.9,50961709.0
2018-01-30 14:29:01.587000,32.85,32.8,32.9,50961709.0
2018-01-30 14:29:04.582000,32.85,32.8,32.9,50961709.0
2018-01-30 14:29:07.533000,32.85,32.8,32.9,50961709.0
2018-01-30 14:29:10.432000,32.85,32.8,32.9,50961709.0
2018-01-30 14:29:13.489000,32.85,32.8,32.9,50961709.0
2018-01-30 14:29:16.461000,32.85,32.8,32.9,50961709.0
2018-01-30 14:29:19.521000,32.85,32.8,32.9,50961709.0
2018-01-30 14:29:22.533000,32.85,32.8,32.9,50961709.0
2018-01-30 14:29:25.586000,32.85,32.8,32.9,50961709.0
2018-01-30 14:29:29.192000,32.85,32.8,32.9,50961709.0
2018-01-30 14:29:32.210000,32.85,32.8,32.85,51285709.0
2018-01-30 14:29:35.178000,32.85,32.8,32.85,51285709.0
2018-01-30 14:29:38.423000,32.85,32.8,32.85,51285709.0
2018-01-30 14:29:41.570000,32.85,32.8,32.85,51285709.0
2018-01-30 14:29:44.493000,32.85,32.8,32.85,51285709.0
2018-01-30 14:29:47.644000,32.85,32.8,32.85,51285709.0
2018-01-30 14:29:50.511000,32.85,32.8,32.85,51285709.0
2018-01-30 14:29:53.599000,32.85,32.8,32.85,51285709.0
2018-01-30 14:29:56.712000,32.85,32.8,32.85,51285709.0
2018-01-30 14:29:59.537000,32.85,32.8,32.85,51285709.0
2018-01-30 14:30:02.524000,32.85,32.8,32.85,51285709.0
2018-01-30 14:30:05.471000,32.85,32.8,32.85,51285709.0
2018-01-30 14:30:08.447000,32.85,32.8,32.85,51285709.0
2018-01-30 14:30:11.446000,32.85,32.8,32.85,51285709.0
2018-01-30 14:30:14.408000,32.85,32.8,32.85,51285709.0
2018-01-30 14:30:17.492000,32.85,32.8,32.85,51285709.0
2018-01-30 14:30:20.433000,32.85,32.8,32.85,51285709.0
2018-01-30 14:30:23.373000,32.85,32.8,32.85,51285709.0
2018-01-30 14:30:26.157000,32.85,32.8,32.85,51285709.0
2018-01-30 14:30:28.989000,32.85,32.8,32.85,51285709.0
2018-01-30 14:30:31.827000,32.85,32.8,32.85,51285709.0
2018-01-30 14:30:34.710000,32.85,32.8,32.85,51285709.0
2018-01-30 14:30:37.674000,32.85,32.8,32.85,51285709.0
2018-01-30 14:30:40.388000,32.85,32.8,32.85,51285709.0
2018-01-30 14:30:43.060000,32.85,32.8,32.85,51285709.0
2018-01-30 14:30:45.749000,32.85,32.85,32.9,51352709.0
2018-01-30 14:30:48.388000,32.85,32.85,32.9,51352709.0
2018-01-30 14:30:51.320000,32.85,32.85,32.9,51352709.0
2018-01-30 14:30:54.363000,32.85,32.85,32.9,51352709.0
2018-01-30 14:30:57.334000,32.85,32.85,32.9,51352709.0
2018-01-30 14:30:59.866000,32.85,32.85,32.9,51352709.0
2018-01-30 14:31:02.417000,32.85,32.85,32.9,51352709.0
2018-01-30 14:31:04.968000,32.85,32.85,32.9,51352709.0
2018-01-30 14:31:07.721000,32.85,32.85,32.9,51352709.0
2018-01-30 14:31:10.601000,32.85,32.85,32.9,51352709.0
2018-01-30 14:31:13.633000,32.85,32.85,32.9,51352709.0
2018-01-30 14:31:16.538000,32.85,32.85,32.9,51352709.0
2018-01-30 14:31:19.523000,32.85,32.85,32.9,51352709.0
2018-01-30 14:31:22.416000,32.85,32.85,32.9,51352709.0
2018-01-30 14:31:25.392000,32.85,32.85,32.9,51352709.0
2018-01-30 14:31:28.327000,32.85,32.85,32.9,51352709.0
2018-01-30 14:31:31.352000,32.85,32.85,32.9,51352709.0
2018-01-30 14:31:34.302000,32.85,32.85,32.9,51352709.0
2018-01-30 14:31:37.096000,32.85,32.85,32.9,51352709.0
2018-01-30 14:31:39.946000,32.85,32.85,32.9,51352709.0
2018-01-30 14:31:42.949000,32.85,32.85,32.9,51352709.0
2018-01-30 14:31:45.823000,32.85,32.85,32.9,51352709.0
2018-01-30 14:31:48.757000,32.85,32.85,32.9,51352709.0
2018-01-30 14:31:51.616000,32.85,32.85,32.9,51352709.0
2018-01-30 14:31:54.494000,32.85,32.85,32.9,51352709.0
2018-01-30 14:31:57.410000,32.85,32.85,32.9,51352709.0
2018-01-30 14:32:00.289000,32.85,32.85,32.9,51352709.0
2018-01-30 14:32:03.260000,32.85,32.85,32.9,51352709.0
2018-01-30 14:32:06.140000,32.85,32.85,32.9,51352709.0
2018-01-30 14:32:08.997000,32.85,32.85,32.9,51352709.0
2018-01-30 14:32:11.873000,32.85,32.85,32.9,51352709.0
2018-01-30 14:32:14.981000,32.85,32.85,32.9,51352709.0
2018-01-30 14:32:17.802000,32.85,32.85,32.9,51352709.0
2018-01-30 14:32:20.831000,32.85,32.85,32.9,51352709.0
2018-01-30 14:32:23.780000,32.85,32.85,32.9,51352709.0
2018-01-30 14:32:26.801000,32.85,32.85,32.9,51352709.0
2018-01-30 14:32:29.791000,32.85,32.8,32.85,51355209.0
2018-01-30 14:32:32.717000,32.85,32.8,32.85,51355209.0
2018-01-30 14:32:35.505000,32.85,32.8,32.85,51355209.0
2018-01-30 14:32:38.602000,32.85,32.8,32.85,51355209.0
2018-01-30 14:32:41.444000,32.85,32.8,32.85,51355209.0
2018-01-30 14:32:44.274000,32.85,32.8,32.85,51355209.0
2018-01-30 14:32:47.089000,32.85,32.8,32.85,51355209.0
2018-01-30 14:32:50.230000,32.85,32.8,32.85,51355209.0
2018-01-30 14:32:53.295000,32.85,32.8,32.85,51355209.0
2018-01-30 14:32:56.330000,32.85,32.8,32.85,51355209.0
2018-01-30 14:32:59.142000,32.85,32.8,32.85,51355209.0
2018-01-30 14:33:01.998000,32.85,32.8,32.85,51355209.0
2018-01-30 14:33:04.964000,32.85,32.8,32.85,51355209.0
2018-01-30 14:33:07.858000,32.85,32.8,32.85,51355209.0
2018-01-30 14:33:10.793000,32.85,32.8,32.85,51355209.0
2018-01-30 14:33:13.397000,32.85,32.8,32.85,51355209.0
2018-01-30 14:33:16.213000,32.85,32.8,32.85,51355209.0
2018-01-30 14:33:18.988000,32.85,32.8,32.85,51355209.0
2018-01-30 14:33:21.778000,32.85,32.8,32.85,51355209.0
2018-01-30 14:33:24.654000,32.85,32.8,32.85,51355209.0
2018-01-30 14:33:27.643000,32.85,32.8,32.85,51355209.0
2018-01-30 14:33:30.435000,32.85,32.8,32.85,51355209.0
2018-01-30 14:33:33.266000,32.85,32.8,32.85,51355209.0
2018-01-30 14:33:36.098000,32.85,32.8,32.85,51355209.0
2018-01-30 14:33:39.046000,32.85,32.8,32.85,51355209.0
2018-01-30 14:33:41.980000,32.85,32.8,32.85,51357709.0
2018-01-30 14:33:44.870000,32.85,32.8,32.85,51357709.0
2018-01-30 14:33:48.023000,32.85,32.8,32.85,51357709.0
2018-01-30 14:33:50.947000,32.85,32.8,32.85,51357709.0
2018-01-30 14:33:53.827000,32.85,32.8,32.85,51357709.0
2018-01-30 14:33:56.739000,32.85,32.8,32.85,51357709.0
2018-01-30 14:33:59.606000,32.85,32.8,32.85,51357709.0
2018-01-30 14:34:02.533000,32.85,32.8,32.85,51357709.0
2018-01-30 14:34:05.543000,32.85,32.8,32.85,51357709.0
2018-01-30 14:34:08.509000,32.85,32.8,32.85,51357709.0
2018-01-30 14:34:11.243000,32.85,32.8,32.85,51357709.0
2018-01-30 14:34:14.151000,32.85,32.8,32.85,51357709.0
2018-01-30 14:34:16.936000,32.85,32.8,32.85,51357709.0
2018-01-30 14:34:19.791000,32.85,32.8,32.85,51357709.0
2018-01-30 14:34:22.642000,32.85,32.8,32.85,51357709.0
2018-01-30 14:34:25.639000,32.85,32.8,32.85,51357709.0
2018-01-30 14:34:28.859000,32.85,32.8,32.85,51357709.0
2018-01-30 14:34:31.850000,32.85,32.8,32.85,51357709.0
2018-01-30 14:34:34.740000,32.85,32.8,32.85,51357709.0
2018-01-30 14:34:37.839000,32.85,32.8,32.85,51357709.0
2018-01-30 14:34:40.733000,32.85,32.8,32.85,51357709.0
2018-01-30 14:34:43.673000,32.85,32.8,32.85,51357709.0
2018-01-30 14:34:46.854000,32.85,32.8,32.85,51357709.0
2018-01-30 14:34:49.812000,32.85,32.8,32.85,51357709.0
2018-01-30 14:34:52.790000,32.85,32.8,32.85,51357709.0
2018-01-30 14:34:55.714000,32.85,32.8,32.85,51357709.0
2018-01-30 14:34:58.646000,32.85,32.8,32.85,51357709.0
2018-01-30 14:35:01.636000,32.85,32.8,32.85,51357709.0
2018-01-30 14:35:04.431000,32.85,32.8,32.85,51357709.0
2018-01-30 14:35:07.452000,32.85,32.8,32.85,51357709.0
2018-01-30 14:35:10.278000,32.85,32.8,32.85,51357709.0
2018-01-30 14:35:13.032000,32.85,32.8,32.85,51357709.0
2018-01-30 14:35:15.852000,32.85,32.8,32.85,51357709.0
2018-01-30 14:35:18.840000,32.85,32.8,32.85,51357709.0
2018-01-30 14:35:21.800000,32.85,32.8,32.85,51357709.0
2018-01-30 14:35:24.806000,32.85,32.8,32.85,51357709.0
2018-01-30 14:35:27.829000,32.85,32.8,32.85,51357709.0
2018-01-30 14:35:30.808000,32.85,32.8,32.85,51357709.0
2018-01-30 14:35:33.664000,32.85,32.8,32.85,51357709.0
2018-01-30 14:35:36.514000,32.85,32.8,32.85,51357709.0
2018-01-30 14:35:39.490000,32.85,32.8,32.85,51357709.0
2018-01-30 14:35:42.515000,32.85,32.8,32.85,51357709.0
2018-01-30 14:35:45.545000,32.85,32.8,32.85,51357709.0
2018-01-30 14:35:48.689000,32.85,32.8,32.85,51357709.0
2018-01-30 14:35:51.632000,32.85,32.8,32.85,51357709.0
2018-01-30 14:35:54.480000,32.8,32.8,32.85,51366209.0
2018-01-30 14:35:57.450000,32.8,32.8,32.85,51366209.0
2018-01-30 14:36:00.246000,32.8,32.8,32.85,51366209.0
2018-01-30 14:36:03.143000,32.8,32.8,32.85,51366209.0
2018-01-30 14:36:06.146000,32.8,32.8,32.85,51366209.0
2018-01-30 14:36:09.307000,32.8,32.8,32.85,51366209.0
2018-01-30 14:36:12.427000,32.8,32.8,32.85,51366209.0
2018-01-30 14:36:15.356000,32.8,32.8,32.85,51366209.0
2018-01-30 14:36:18.307000,32.8,32.8,32.85,51366209.0
2018-01-30 14:36:21.357000,32.8,32.8,32.85,51366209.0
2018-01-30 14:36:24.392000,32.8,32.8,32.85,51366209.0
2018-01-30 14:36:27.298000,32.8,32.8,32.85,51366209.0
2018-01-30 14:36:30.278000,32.8,32.8,32.85,51366209.0
2018-01-30 14:36:33.134000,32.8,32.8,32.85,51366209.0
2018-01-30 14:36:36.013000,32.8,32.8,32.85,51366209.0
2018-01-30 14:36:38.782000,32.8,32.8,32.85,51366209.0
2018-01-30 14:36:41.733000,32.8,32.8,32.85,51366209.0
2018-01-30 14:36:44.606000,32.8,32.8,32.85,51366209.0
2018-01-30 14:36:47.533000,32.8,32.8,32.85,51366209.0
2018-01-30 14:36:50.467000,32.85,32.8,32.85,51374709.0
2018-01-30 14:36:53.538000,32.85,32.8,32.85,51374709.0
2018-01-30 14:36:56.413000,32.85,32.8,32.85,51374709.0
2018-01-30 14:36:59.316000,32.85,32.8,32.85,51374709.0
2018-01-30 14:37:02.292000,32.85,32.8,32.85,51374709.0
2018-01-30 14:37:05.041000,32.85,32.8,32.85,51374709.0
2018-01-30 14:37:07.870000,32.85,32.8,32.85,51374709.0
