time,price,bid,ask,volume
2018-01-31 13:08:24.950000,5.01,5.0,5.02,10213400.0
2018-01-31 13:08:27.356000,5.01,5.0,5.02,10213400.0
2018-01-31 13:08:29.813000,5.01,5.0,5.02,10213400.0
2018-01-31 13:08:32.500000,5.02,5.01,5.02,10235900.0
2018-01-31 13:08:34.962000,5.02,5.01,5.02,10235900.0
2018-01-31 13:08:37.329000,5.02,5.01,5.02,10235900.0
2018-01-31 13:08:39.713000,5.02,5.01,5.02,10235900.0
2018-01-31 13:08:42.062000,5.02,5.01,5.02,10235900.0
2018-01-31 13:08:44.579000,5.02,5.01,5.02,10235900.0
2018-01-31 13:08:47.216000,5.02,5.01,5.02,10235900.0
2018-01-31 13:08:49.614000,5.02,5.01,5.02,10235900.0
2018-01-31 13:08:52.079000,5.02,5.01,5.02,10235900.0
2018-01-31 13:08:54.396000,5.02,5.01,5.02,10235900.0
2018-01-31 13:08:56.967000,5.02,5.01,5.02,10235900.0
2018-01-31 13:08:59.533000,5.02,5.01,5.02,10235900.0
2018-01-31 13:09:02.277000,5.02,5.01,5.02,10235900.0
2018-01-31 13:09:05.205000,5.02,5.01,5.02,10235900.0
2018-01-31 13:09:07.577000,5.02,5.01,5.02,10235900.0
2018-01-31 13:09:10.374000,5.02,5.01,5.02,10235900.0
2018-01-31 13:09:13.044000,5.02,5.01,5.02,10235900.0
2018-01-31 13:09:16.074000,5.02,5.01,5.02,10235900.0
2018-01-31 13:09:18.799000,5.02,5.01,5.02,10235900.0
2018-01-31 13:09:21.278000,5.02,5.01,5.02,10295900.0
2018-01-31 13:09:23.545000,5.02,5.01,5.02,10295900.0
2018-01-31 13:09:25.879000,5.02,5.01,5.02,10295900.0
2018-01-31 13:09:28.435000,5.02,5.01,5.02,10295900.0
2018-01-31 13:09:30.950000,5.02,5.01,5.02,10295900.0
2018-01-31 13:09:33.455000,5.02,5.01,5.02,10295900.0
2018-01-31 13:09:35.912000,5.02,5.01,5.02,10295900.0
2018-01-31 13:09:38.190000,5.02,5.01,5.02,10295900.0
2018-01-31 13:09:40.755000,5.02,5.01,5.02,10295900.0
2018-01-31 13:09:42.965000,5.02,5.01,5.02,10295900.0
2018-01-31 13:09:45.215000,5.02,5.01,5.02,10295900.0
2018-01-31 13:09:48.070000,5.02,5.01,5.02,10295900.0
2018-01-31 13:09:50.662000,5.02,5.01,5.02,10295900.0
2018-01-31 13:09:53.156000,5.02,5.01,5.02,10295900.0
2018-01-31 13:09:55.879000,5.02,5.01,5.02,10295900.0
2018-01-31 13:09:58.335000,5.02,5.01,5.02,10295900.0
2018-01-31 13:10:00.535000,5.02,5.01,5.02,10295900.0
2018-01-31 13:10:02.873000,5.02,5.01,5.02,10295900.0
2018-01-31 13:10:05.530000,5.02,5.01,5.02,10295900.0
2018-01-31 13:10:08.144000,5.02,5.01,5.02,10295900.0
2018-01-31 13:10:11.044000,5.02,5.01,5.02,10295900.0
2018-01-31 13:10:13.563000,5.02,5.01,5.02,10395900.0
2018-01-31 13:10:16.411000,5.02,5.01,5.02,10395900.0
2018-01-31 13:10:19.061000,5.02,5.01,5.02,10395900.0
2018-01-31 13:10:21.731000,5.02,5.01,5.02,10395900.0
2018-01-31 13:10:24.129000,5.02,5.01,5.02,10395900.0
2018-01-31 13:10:26.716000,5.02,5.01,5.02,10395900.0
2018-01-31 13:10:29.068000,5.02,5.01,5.02,10395900.0
2018-01-31 13:10:31.624000,5.02,5.01,5.02,10395900.0
2018-01-31 13:10:34.140000,5.02,5.01,5.02,10395900.0
2018-01-31 13:10:36.686000,5.02,5.01,5.02,10395900.0
2018-01-31 13:10:39.158000,5.02,5.01,5.02,10395900.0
2018-01-31 13:10:41.515000,5.02,5.01,5.02,10395900.0
2018-01-31 13:10:43.817000,5.02,5.01,5.02,10395900.0
2018-01-31 13:10:46.311000,5.02,5.01,5.02,10395900.0
2018-01-31 13:10:48.802000,5.02,5.01,5.02,10395900.0
2018-01-31 13:10:51.140000,5.02,5.01,5.02,10395900.0
2018-01-31 13:10:53.505000,5.02,5.01,5.02,10395900.0
2018-01-31 13:10:55.974000,5.02,5.01,5.02,10395900.0
2018-01-31 13:10:58.326000,5.02,5.01,5.02,10395900.0
2018-01-31 13:11:00.712000,5.02,5.01,5.02,10395900.0
2018-01-31 13:11:03.233000,5.02,5.01,5.02,10395900.0
2018-01-31 13:11:05.404000,5.02,5.01,5.02,10395900.0
2018-01-31 13:11:07.795000,5.02,5.01,5.02,10395900.0
2018-01-31 13:11:10.095000,5.02,5.01,5.02,10395900.0
2018-01-31 13:11:12.356000,5.02,5.01,5.02,10395900.0
2018-01-31 13:11:14.646000,5.02,5.01,5.02,10395900.0
2018-01-31 13:11:16.969000,5.02,5.01,5.02,10395900.0
2018-01-31 13:11:19.317000,5.02,5.01,5.02,10395900.0
2018-01-31 13:11:21.564000,5.02,5.01,5.02,10395900.0
2018-01-31 13:11:23.758000,5.02,5.01,5.02,10395900.0
2018-01-31 13:11:26.129000,5.02,5.01,5.02,10395900.0
2018-01-31 13:11:28.600000,5.02,5.01,5.02,10395900.0
2018-01-31 13:11:30.810000,5.02,5.01,5.02,10395900.0
2018-01-31 13:11:33.046000,5.02,5.01,5.02,10395900.0
2018-01-31 13:11:35.609000,5.02,5.01,5.02,10414900.0
2018-01-31 13:11:38.018000,5.02,5.01,5.02,10414900.0
2018-01-31 13:11:40.368000,5.02,5.01,5.02,10414900.0
2018-01-31 13:11:42.744000,5.02,5.01,5.02,10414900.0
2018-01-31 13:11:45.481000,5.02,5.01,5.02,10414900.0
2018-01-31 13:11:48.471000,5.02,5.01,5.02,10414900.0
2018-01-31 13:11:50.939000,5.02,5.01,5.02,10414900.0
2018-01-31 13:11:53.204000,5.02,5.01,5.02,10414900.0
2018-01-31 13:11:55.695000,5.02,5.01,5.02,10414900.0
2018-01-31 13:11:57.984000,5.02,5.01,5.02,10414900.0
2018-01-31 13:12:00.356000,5.02,5.01,5.02,10414900.0
2018-01-31 13:12:02.717000,5.02,5.01,5.02,10414900.0
2018-01-31 13:12:05.061000,5.02,5.01,5.02,10414900.0
2018-01-31 13:12:07.339000,5.02,5.01,5.02,10414900.0
2018-01-31 13:12:09.651000,5.02,5.01,5.02,10414900.0
2018-01-31 13:12:12.085000,5.02,5.01,5.02,10414900.0
2018-01-31 13:12:14.486000,5.02,5.01,5.02,10414900.0
2018-01-31 13:12:16.907000,5.02,5.01,5.02,10414900.0
2018-01-31 13:12:19.486000,5.02,5.01,5.02,10414900.0
2018-01-31 13:12:22.094000,5.02,5.01,5.02,10414900.0
2018-01-31 13:12:24.535000,5.02,5.01,5.02,10414900.0
2018-01-31 13:12:27.049000,5.02,5.01,5.02,10414900.0
2018-01-31 13:12:29.594000,5.02,5.01,5.02,10414900.0
2018-01-31 13:12:32.283000,5.02,5.01,5.02,10414900.0
2018-01-31 13:12:34.840000,5.02,5.01,5.02,10414900.0
2018-01-31 13:12:37.131000,5.02,5.01,5.03,10437800.0
2018-01-31 13:12:39.454000,5.02,5.01,5.03,10437800.0
2018-01-31 13:12:41.913000,5.02,5.01,5.03,10437800.0
2018-01-31 13:12:44.307000,5.02,5.01,5.03,10437800.0
2018-01-31 13:12:46.940000,5.02,5.01,5.03,10437800.0
2018-01-31 13:12:49.560000,5.02,5.01,5.03,10437800.0
2018-01-31 13:12:51.972000,5.02,5.01,5.03,10437800.0
2018-01-31 13:12:54.422000,5.02,5.01,5.03,10437800.0
2018-01-31 13:12:56.985000,5.02,5.01,5.03,10437800.0
2018-01-31 13:12:59.661000,5.02,5.01,5.03,10437800.0
2018-01-31 13:13:02.019000,5.02,5.01,5.03,10437800.0
2018-01-31 13:13:04.428000,5.02,5.01,5.03,10437800.0
2018-01-31 13:13:06.799000,5.02,5.01,5.03,10437800.0
2018-01-31 13:13:09.383000,5.02,5.01,5.03,10437800.0
2018-01-31 13:13:11.959000,5.02,5.01,5.03,10437800.0
2018-01-31 13:13:14.159000,5.02,5.01,5.03,10437800.0
2018-01-31 13:13:16.691000,5.02,5.01,5.03,10437800.0
2018-01-31 13:13:19.326000,5.02,5.01,5.03,10437800.0
2018-01-31 13:13:21.946000,5.02,5.01,5.03,10437800.0
2018-01-31 13:13:24.465000,5.02,5.01,5.03,10437800.0
2018-01-31 13:13:27.113000,5.02,5.01,5.03,10437800.0
2018-01-31 13:13:29.539000,5.02,5.01,5.03,10437800.0
2018-01-31 13:13:32.270000,5.02,5.01,5.03,10437800.0
2018-01-31 13:13:34.602000,5.02,5.01,5.03,10437800.0
2018-01-31 13:13:37.274000,5.02,5.01,5.03,10437800.0
2018-01-31 13:13:39.747000,5.02,5.01,5.03,10437800.0
2018-01-31 13:13:42.272000,5.02,5.01,5.03,10437800.0
2018-01-31 13:13:44.822000,5.02,5.01,5.03,10437800.0
2018-01-31 13:13:47.464000,5.02,5.01,5.03,10437800.0
2018-01-31 13:13:49.944000,5.02,5.01,5.03,10437800.0
2018-01-31 13:13:52.479000,5.02,5.01,5.03,10437800.0
2018-01-31 13:13:54.733000,5.02,5.01,5.03,10437800.0
2018-01-31 13:13:57.018000,5.02,5.01,5.03,10437800.0
2018-01-31 13:13:59.430000,5.02,5.01,5.03,10437800.0
2018-01-31 13:14:01.919000,5.02,5.01,5.03,10437800.0
2018-01-31 13:14:04.581000,5.02,5.01,5.03,10437800.0
2018-01-31 13:14:06.973000,5.02,5.01,5.03,10437800.0
2018-01-31 13:14:09.383000,5.02,5.01,5.03,10437800.0
2018-01-31 13:14:11.864000,5.02,5.01,5.03,10437800.0
2018-01-31 13:14:14.400000,5.02,5.01,5.03,10437800.0
2018-01-31 13:14:16.915000,5.02,5.01,5.03,10437800.0
2018-01-31 13:14:19.199000,5.02,5.01,5.03,10437800.0
2018-01-31 13:14:21.678000,5.02,5.01,5.03,10437800.0
2018-01-31 13:14:24.368000,5.02,5.01,5.03,10437800.0
2018-01-31 13:14:27.084000,5.02,5.01,5.03,10437800.0
2018-01-31 13:14:29.588000,5.02,5.01,5.03,10437800.0
2018-01-31 13:14:31.942000,5.02,5.01,5.03,10437800.0
2018-01-31 13:14:34.196000,5.02,5.01,5.03,10437800.0
2018-01-31 13:14:36.613000,5.02,5.01,5.03,10437800.0
2018-01-31 13:14:39.191000,5.02,5.01,5.03,10437800.0
2018-01-31 13:14:41.601000,5.02,5.01,5.03,10437800.0
2018-01-31 13:14:44.182000,5.02,5.01,5.03,10437800.0
2018-01-31 13:14:46.820000,5.02,5.01,5.03,10437800.0
2018-01-31 13:14:49.208000,5.02,5.01,5.03,10437800.0
2018-01-31 13:14:51.693000,5.02,5.01,5.03,10437800.0
2018-01-31 13:14:54.130000,5.02,5.01,5.03,10437800.0
2018-01-31 13:14:56.691000,5.02,5.01,5.03,10437800.0
2018-01-31 13:14:59.336000,5.02,5.01,5.03,10437800.0
2018-01-31 13:15:01.962000,5.02,5.01,5.03,10437800.0
2018-01-31 13:15:04.474000,5.02,5.01,5.03,10437800.0
2018-01-31 13:15:06.961000,5.02,5.01,5.03,10437800.0
2018-01-31 13:15:09.352000,5.02,5.01,5.03,10437800.0
2018-01-31 13:15:12.107000,5.02,5.01,5.03,10437800.0
2018-01-31 13:15:14.395000,5.02,5.01,5.03,10437800.0
2018-01-31 13:15:16.742000,5.02,5.01,5.03,10437800.0
2018-01-31 13:15:19.143000,5.02,5.01,5.03,10437800.0
2018-01-31 13:15:21.724000,5.02,5.02,5.03,10518800.0
2018-01-31 13:15:24.819000,5.02,5.02,5.03,10518800.0
2018-01-31 13:15:27.365000,5.02,5.02,5.03,10518800.0
2018-01-31 13:15:29.820000,5.02,5.02,5.03,10518800.0
2018-01-31 13:15:32.555000,5.02,5.02,5.03,10518800.0
2018-01-31 13:15:35.009000,5.02,5.02,5.03,10518800.0
2018-01-31 13:15:37.536000,5.02,5.02,5.03,10518800.0
2018-01-31 13:15:40.083000,5.02,5.02,5.03,10518800.0
2018-01-31 13:15:42.490000,5.02,5.02,5.03,10518800.0
2018-01-31 13:15:44.696000,5.02,5.02,5.03,10518800.0
2018-01-31 13:15:47.197000,5.02,5.02,5.03,10518800.0
2018-01-31 13:15:49.841000,5.02,5.02,5.03,10518800.0
2018-01-31 13:15:52.272000,5.02,5.02,5.03,10518800.0
2018-01-31 13:15:54.666000,5.02,5.02,5.03,10518800.0
2018-01-31 13:15:57.492000,5.02,5.02,5.03,10518800.0
2018-01-31 13:15:59.933000,5.02,5.02,5.03,10518800.0
2018-01-31 13:16:02.257000,5.02,5.02,5.03,10518800.0
2018-01-31 13:16:04.692000,5.02,5.02,5.03,10518800.0
2018-01-31 13:16:07.339000,5.02,5.02,5.03,10518800.0
2018-01-31 13:16:09.854000,5.02,5.02,5.03,10518800.0
2018-01-31 13:16:12.256000,5.02,5.02,5.03,10518800.0
2018-01-31 13:16:14.854000,5.02,5.02,5.03,10518800.0
2018-01-31 13:16:18.537000,5.02,5.02,5.03,10518800.0
2018-01-31 13:16:21.520000,5.02,5.02,5.03,10518800.0
2018-01-31 13:16:24.069000,5.02,5.02,5.03,10518800.0
2018-01-31 13:16:26.603000,5.02,5.02,5.03,10518800.0
2018-01-31 13:16:29.528000,5.02,5.02,5.03,10518800.0
2018-01-31 13:16:32.054000,5.02,5.02,5.03,10518800.0
2018-01-31 13:16:34.454000,5.02,5.02,5.03,10518800.0
2018-01-31 13:16:37.056000,5.02,5.02,5.03,10518800.0
2018-01-31 13:16:39.686000,5.02,5.02,5.03,10518800.0
2018-01-31 13:16:42.164000,5.02,5.02,5.03,10518800.0
2018-01-31 13:16:44.742000,5.02,5.02,5.03,10518800.0
2018-01-31 13:16:47.011000,5.02,5.02,5.03,10518800.0
2018-01-31 13:16:49.567000,5.02,5.02,5.03,10518800.0
2018-01-31 13:16:52.087000,5.02,5.02,5.03,10518800.0
2018-01-31 13:16:54.552000,5.02,5.02,5.03,10518800.0
2018-01-31 13:16:57.122000,5.02,5.01,5.02,10688800.0
2018-01-31 13:16:59.617000,5.02,5.01,5.02,10688800.0
2018-01-31 13:17:02.096000,5.02,5.01,5.02,10688800.0
2018-01-31 13:17:04.710000,5.02,5.01,5.02,10688800.0
2018-01-31 13:17:07.242000,5.02,5.01,5.02,10688800.0
2018-01-31 13:17:09.653000,5.02,5.01,5.02,10688800.0
2018-01-31 13:17:12.102000,5.02,5.01,5.02,10688800.0
2018-01-31 13:17:14.520000,5.02,5.01,5.02,10688800.0
2018-01-31 13:17:17.011000,5.02,5.01,5.02,10688800.0
2018-01-31 13:17:19.540000,5.02,5.01,5.02,10688800.0
2018-01-31 13:17:22.055000,5.02,5.01,5.02,10688800.0
2018-01-31 13:17:24.622000,5.02,5.01,5.02,10688800.0
2018-01-31 13:17:26.946000,5.02,5.01,5.02,10688800.0
2018-01-31 13:17:29.325000,5.02,5.01,5.02,10688800.0
2018-01-31 13:17:31.851000,5.02,5.01,5.02,10688800.0
2018-01-31 13:17:34.216000,5.02,5.01,5.02,10688800.0
2018-01-31 13:17:36.554000,5.02,5.01,5.02,10688800.0
2018-01-31 13:17:39.047000,5.02,5.01,5.02,10688800.0
2018-01-31 13:17:41.553000,5.02,5.01,5.02,10688800.0
2018-01-31 13:17:44.320000,5.02,5.01,5.02,10688800.0
2018-01-31 13:17:47.229000,5.02,5.01,5.02,10688800.0
2018-01-31 13:17:49.837000,5.02,5.01,5.02,10688800.0
2018-01-31 13:17:52.486000,5.02,5.01,5.02,10688800.0
2018-01-31 13:17:54.784000,5.02,5.01,5.02,10688800.0
2018-01-31 13:17:57.201000,5.02,5.01,5.02,10688800.0
2018-01-31 13:17:59.980000,5.02,5.01,5.02,10688800.0
2018-01-31 13:18:02.568000,5.02,5.01,5.02,10688800.0
2018-01-31 13:18:04.847000,5.02,5.01,5.02,10688800.0
2018-01-31 13:18:07.109000,5.02,5.01,5.02,10688800.0
2018-01-31 13:18:09.513000,5.02,5.01,5.02,10688800.0
2018-01-31 13:18:12.042000,5.02,5.01,5.02,10688800.0
2018-01-31 13:18:14.389000,5.02,5.01,5.02,10688800.0
2018-01-31 13:18:16.509000,5.02,5.01,5.02,10688800.0
2018-01-31 13:18:18.774000,5.02,5.01,5.02,10688800.0
2018-01-31 13:18:21.149000,5.02,5.01,5.02,10688800.0
2018-01-31 13:18:23.320000,5.02,5.01,5.02,10688800.0
2018-01-31 13:18:25.432000,5.02,5.01,5.02,10688800.0
2018-01-31 13:18:27.683000,5.02,5.01,5.02,10688800.0
2018-01-31 13:18:30.049000,5.02,5.01,5.02,10688800.0
2018-01-31 13:18:32.352000,5.02,5.01,5.02,10688800.0
2018-01-31 13:18:34.672000,5.02,5.01,5.02,10688800.0
2018-01-31 13:18:37.278000,5.02,5.01,5.02,10688800.0
2018-01-31 13:18:39.940000,5.02,5.01,5.02,10688800.0
2018-01-31 13:18:42.370000,5.02,5.01,5.02,10688800.0
2018-01-31 13:18:44.836000,5.02,5.01,5.02,10690800.0
2018-01-31 13:18:47.089000,5.02,5.01,5.02,10690800.0
2018-01-31 13:18:50.655000,5.02,5.01,5.02,10690800.0
2018-01-31 13:18:52.908000,5.02,5.01,5.02,10690800.0
2018-01-31 13:18:55.048000,5.02,5.01,5.02,10690800.0
2018-01-31 13:18:57.463000,5.02,5.01,5.02,10690800.0
2018-01-31 13:18:59.776000,5.02,5.01,5.02,10690800.0
2018-01-31 13:19:01.946000,5.02,5.01,5.02,10690800.0
2018-01-31 13:19:04.219000,5.02,5.01,5.02,10690800.0
2018-01-31 13:19:06.920000,5.02,5.01,5.02,10690800.0
2018-01-31 13:19:09.302000,5.02,5.01,5.02,10690800.0
2018-01-31 13:19:11.482000,5.02,5.01,5.02,10690800.0
2018-01-31 13:19:13.790000,5.02,5.01,5.02,10690800.0
2018-01-31 13:19:16.319000,5.02,5.01,5.02,10690800.0
2018-01-31 13:19:18.527000,5.02,5.01,5.02,10690800.0
2018-01-31 13:19:20.929000,5.02,5.01,5.02,10690800.0
2018-01-31 13:19:23.317000,5.02,5.01,5.02,10690800.0
2018-01-31 13:19:25.639000,5.02,5.01,5.02,10690800.0
2018-01-31 13:19:28.094000,5.02,5.01,5.02,10690800.0
2018-01-31 13:19:30.427000,5.02,5.01,5.02,10690800.0
2018-01-31 13:19:33.106000,5.02,5.01,5.02,10690800.0
2018-01-31 13:19:35.781000,5.02,5.01,5.02,10690800.0
2018-01-31 13:19:38.017000,5.02,5.01,5.02,10690800.0
2018-01-31 13:19:40.298000,5.02,5.01,5.02,10690800.0
2018-01-31 13:19:42.653000,5.02,5.02,5.03,10705400.0
2018-01-31 13:19:45.048000,5.02,5.02,5.03,10705400.0
2018-01-31 13:19:47.434000,5.02,5.02,5.03,10705400.0
2018-01-31 13:19:49.936000,5.02,5.02,5.03,10705400.0
2018-01-31 13:19:52.514000,5.02,5.02,5.03,10705400.0
2018-01-31 13:19:55.170000,5.02,5.02,5.03,10705400.0
2018-01-31 13:19:58.504000,5.02,5.02,5.03,10705400.0
2018-01-31 13:20:00.955000,5.02,5.02,5.03,10705400.0
2018-01-31 13:20:03.288000,5.02,5.02,5.03,10705400.0
2018-01-31 13:20:06.007000,5.02,5.02,5.03,10705400.0
2018-01-31 13:20:08.543000,5.02,5.02,5.03,10705400.0
2018-01-31 13:20:11.474000,5.02,5.02,5.03,10705400.0
2018-01-31 13:20:14.102000,5.02,5.02,5.03,10705400.0
2018-01-31 13:20:16.610000,5.02,5.02,5.03,10705400.0
2018-01-31 13:20:18.916000,5.02,5.02,5.03,10705400.0
2018-01-31 13:20:20.991000,5.02,5.02,5.03,10705400.0
2018-01-31 13:20:23.248000,5.02,5.02,5.03,10705400.0
2018-01-31 13:20:25.710000,5.02,5.02,5.03,10705400.0
2018-01-31 13:20:28.092000,5.02,5.02,5.03,10705400.0
2018-01-31 13:20:30.445000,5.02,5.02,5.03,10705400.0
2018-01-31 13:20:32.905000,5.02,5.02,5.03,10705400.0
2018-01-31 13:20:35.019000,5.02,5.02,5.03,10705400.0
2018-01-31 13:20:37.372000,5.02,5.02,5.03,10705400.0
2018-01-31 13:20:39.789000,5.02,5.02,5.03,10705400.0
2018-01-31 13:20:42.200000,5.02,5.02,5.03,10705400.0
2018-01-31 13:20:44.559000,5.02,5.02,5.03,10705400.0
2018-01-31 13:20:47.188000,5.03,5.02,5.03,10709400.0
2018-01-31 13:20:49.272000,5.03,5.02,5.03,10709400.0
2018-01-31 13:20:51.741000,5.03,5.02,5.03,10709400.0
2018-01-31 13:20:54.317000,5.03,5.02,5.03,10709400.0
2018-01-31 13:20:56.364000,5.03,5.02,5.03,10709400.0
2018-01-31 13:20:58.539000,5.03,5.02,5.03,10709400.0
2018-01-31 13:21:00.606000,5.03,5.02,5.03,10709400.0
2018-01-31 13:21:02.609000,5.03,5.02,5.03,10709400.0
2018-01-31 13:21:04.961000,5.03,5.02,5.03,10709400.0
2018-01-31 13:21:07.544000,5.03,5.02,5.03,10709400.0
2018-01-31 13:21:10.129000,5.03,5.02,5.03,10709400.0
2018-01-31 13:21:12.577000,5.03,5.02,5.03,10709400.0
2018-01-31 13:21:14.892000,5.03,5.02,5.03,10709400.0
2018-01-31 13:21:17.719000,5.03,5.02,5.03,10709400.0
2018-01-31 13:21:20.065000,5.03,5.02,5.03,10709400.0
2018-01-31 13:21:22.358000,5.03,5.02,5.03,10709400.0
2018-01-31 13:21:24.765000,5.02,5.02,5.03,10847400.0
2018-01-31 13:21:27.343000,5.02,5.02,5.03,10847400.0
2018-01-31 13:21:30.081000,5.02,5.02,5.03,10847400.0
2018-01-31 13:21:32.686000,5.02,5.02,5.03,10847400.0
2018-01-31 13:21:35.349000,5.02,5.02,5.03,10847400.0
2018-01-31 13:21:37.986000,5.02,5.02,5.03,10847400.0
2018-01-31 13:21:40.359000,5.02,5.02,5.03,10847400.0
2018-01-31 13:21:43.142000,5.02,5.02,5.03,10847400.0
2018-01-31 13:21:45.671000,5.02,5.02,5.03,10847400.0
2018-01-31 13:21:48.752000,5.02,5.02,5.03,10847400.0
2018-01-31 13:21:51.399000,5.02,5.02,5.03,10847400.0
2018-01-31 13:21:53.911000,5.02,5.02,5.03,10847400.0
2018-01-31 13:21:56.473000,5.02,5.02,5.03,10847400.0
2018-01-31 13:21:59.004000,5.02,5.02,5.03,10847400.0
2018-01-31 13:22:01.408000,5.02,5.02,5.03,10847400.0
2018-01-31 13:22:03.846000,5.02,5.02,5.03,10847400.0
2018-01-31 13:22:06.129000,5.02,5.02,5.03,10847400.0
2018-01-31 13:22:08.861000,5.02,5.02,5.03,10847400.0
2018-01-31 13:22:11.342000,5.02,5.02,5.03,10847400.0
2018-01-31 13:22:13.736000,5.02,5.02,5.03,10847400.0
2018-01-31 13:22:16.108000,5.02,5.02,5.03,10847400.0
2018-01-31 13:22:18.374000,5.02,5.02,5.03,10847400.0
2018-01-31 13:22:20.906000,5.02,5.02,5.03,10847400.0
2018-01-31 13:22:23.314000,5.02,5.02,5.03,10847400.0
2018-01-31 13:22:25.756000,5.02,5.02,5.03,10847400.0
2018-01-31 13:22:28.438000,5.02,5.02,5.03,10847400.0
2018-01-31 13:22:30.843000,5.02,5.02,5.03,10847400.0
2018-01-31 13:22:33.172000,5.02,5.02,5.03,10847400.0
2018-01-31 13:22:35.517000,5.02,5.02,5.03,10847400.0
2018-01-31 13:22:37.922000,5.02,5.02,5.03,10847400.0
2018-01-31 13:22:40.773000,5.02,5.02,5.03,10847400.0
2018-01-31 13:22:43.192000,5.02,5.02,5.03,10847400.0
2018-01-31 13:22:45.652000,5.02,5.02,5.03,10847400.0
2018-01-31 13:22:48.134000,5.02,5.02,5.03,10847400.0
2018-01-31 13:22:50.702000,5.02,5.02,5.03,10847400.0
2018-01-31 13:22:53.209000,5.02,5.02,5.03,10847400.0
2018-01-31 13:22:55.642000,5.02,5.02,5.03,10847400.0
2018-01-31 13:22:58.127000,5.02,5.02,5.03,10847400.0
2018-01-31 13:23:00.652000,5.02,5.02,5.03,10847400.0
2018-01-31 13:23:02.985000,5.02,5.02,5.03,10847400.0
2018-01-31 13:23:05.536000,5.02,5.02,5.03,10847400.0
2018-01-31 13:23:07.974000,5.02,5.02,5.03,10847400.0
2018-01-31 13:23:10.408000,5.02,5.02,5.03,10847400.0
2018-01-31 13:23:12.660000,5.02,5.02,5.03,10847400.0
2018-01-31 13:23:15.116000,5.02,5.02,5.03,10847400.0
2018-01-31 13:23:17.503000,5.02,5.02,5.03,10847400.0
2018-01-31 13:23:19.834000,5.02,5.02,5.03,10847400.0
2018-01-31 13:23:22.237000,5.02,5.02,5.03,10847400.0
2018-01-31 13:23:24.628000,5.02,5.02,5.03,10847400.0
2018-01-31 13:23:27.076000,5.02,5.02,5.03,10847400.0
2018-01-31 13:23:29.534000,5.02,5.02,5.03,10847400.0
2018-01-31 13:23:32.127000,5.02,5.02,5.03,10847400.0
2018-01-31 13:23:34.493000,5.02,5.02,5.03,10847400.0
2018-01-31 13:23:37.129000,5.02,5.02,5.03,10847400.0
2018-01-31 13:23:39.492000,5.02,5.02,5.03,10847400.0
2018-01-31 13:23:41.991000,5.02,5.02,5.03,10847400.0
2018-01-31 13:23:44.597000,5.02,5.02,5.03,10847400.0
2018-01-31 13:23:47.428000,5.02,5.02,5.03,10847400.0
2018-01-31 13:23:49.962000,5.02,5.02,5.03,10847400.0
2018-01-31 13:23:52.549000,5.02,5.02,5.03,10847400.0
2018-01-31 13:23:55.418000,5.02,5.02,5.03,10847400.0
2018-01-31 13:23:58.019000,5.02,5.02,5.03,10847400.0
2018-01-31 13:24:00.845000,5.02,5.02,5.03,10847400.0
2018-01-31 13:24:03.661000,5.02,5.02,5.03,10847400.0
2018-01-31 13:24:06.319000,5.02,5.02,5.03,10847400.0
2018-01-31 13:24:08.960000,5.02,5.02,5.03,10847400.0
2018-01-31 13:24:11.785000,5.02,5.02,5.03,10847400.0
2018-01-31 13:24:14.397000,5.02,5.02,5.03,10847400.0
2018-01-31 13:24:17.092000,5.02,5.02,5.03,10847400.0
2018-01-31 13:24:19.810000,5.02,5.02,5.03,10847400.0
2018-01-31 13:24:22.551000,5.02,5.02,5.03,10847400.0
2018-01-31 13:24:25.286000,5.02,5.02,5.03,10847400.0
2018-01-31 13:24:28.005000,5.02,5.02,5.03,10847400.0
2018-01-31 13:24:30.727000,5.02,5.02,5.03,10847400.0
2018-01-31 13:24:33.492000,5.02,5.02,5.03,10847400.0
2018-01-31 13:24:36.185000,5.02,5.02,5.03,10847400.0
2018-01-31 13:24:38.852000,5.02,5.02,5.03,10847400.0
2018-01-31 13:24:41.867000,5.02,5.02,5.03,10847400.0
2018-01-31 13:24:44.616000,5.02,5.02,5.03,10847400.0
2018-01-31 13:24:47.316000,5.02,5.02,5.03,10847400.0
2018-01-31 13:24:49.993000,5.03,5.02,5.03,11147400.0
2018-01-31 13:24:52.584000,5.03,5.02,5.03,11147400.0
2018-01-31 13:24:55.348000,5.03,5.02,5.03,11147400.0
2018-01-31 13:24:58.027000,5.03,5.02,5.03,11147400.0
2018-01-31 13:25:00.786000,5.03,5.02,5.03,11147400.0
2018-01-31 13:25:06.618000,5.03,5.02,5.03,11147400.0
2018-01-31 13:25:09.333000,5.03,5.02,5.03,11147400.0
2018-01-31 13:25:12.051000,5.03,5.02,5.03,11147400.0
2018-01-31 13:25:15.083000,5.03,5.02,5.03,11147400.0
2018-01-31 13:25:17.747000,5.03,5.02,5.03,11147400.0
2018-01-31 13:25:20.478000,5.03,5.02,5.03,11147400.0
2018-01-31 13:25:23.146000,5.03,5.02,5.03,11147400.0
2018-01-31 13:25:25.847000,5.03,5.02,5.03,11147400.0
2018-01-31 13:25:28.599000,5.03,5.02,5.03,11147400.0
2018-01-31 13:25:31.629000,5.03,5.02,5.03,11147400.0
2018-01-31 13:25:34.479000,5.03,5.02,5.03,11147400.0
2018-01-31 13:25:37.193000,5.03,5.02,5.03,11147400.0
2018-01-31 13:25:39.895000,5.03,5.02,5.03,11147400.0
2018-01-31 13:25:42.740000,5.03,5.02,5.03,11147400.0
2018-01-31 13:25:45.588000,5.03,5.02,5.03,11147400.0
2018-01-31 13:25:48.365000,5.03,5.02,5.03,11147400.0
2018-01-31 13:25:51.149000,5.03,5.02,5.03,11147400.0
2018-01-31 13:25:53.773000,5.03,5.02,5.03,11147400.0
2018-01-31 13:25:56.719000,5.03,5.02,5.03,11147400.0
2018-01-31 13:25:59.509000,5.03,5.02,5.03,11147400.0
2018-01-31 13:26:01.935000,5.03,5.02,5.03,11147400.0
2018-01-31 13:26:04.794000,5.03,5.02,5.03,11147400.0
2018-01-31 13:26:07.631000,5.03,5.02,5.03,11147400.0
2018-01-31 13:26:10.249000,5.03,5.02,5.03,11147400.0
2018-01-31 13:26:12.932000,5.03,5.02,5.03,11147400.0
2018-01-31 13:26:15.509000,5.03,5.02,5.03,11147400.0
2018-01-31 13:26:18.234000,5.03,5.02,5.03,11147400.0
2018-01-31 13:26:21.354000,5.03,5.02,5.03,11147400.0
2018-01-31 13:26:24.294000,5.03,5.02,5.03,11147400.0
2018-01-31 13:26:27.010000,5.02,5.02,5.03,11157400.0
2018-01-31 13:26:29.715000,5.02,5.02,5.03,11157400.0
2018-01-31 13:26:32.556000,5.02,5.02,5.03,11157400.0
2018-01-31 13:27:37.853000,5.02,5.02,5.03,11157400.0
2018-01-31 13:27:45.068000,5.02,5.02,5.03,11157400.0
2018-01-31 13:27:50.747000,5.02,5.02,5.03,11157400.0
2018-01-31 13:27:54.030000,5.02,5.02,5.03,11157400.0
2018-01-31 13:27:57.307000,5.02,5.02,5.03,11157400.0
2018-01-31 13:28:00.693000,5.02,5.02,5.03,11157400.0
2018-01-31 13:28:03.935000,5.02,5.02,5.03,11157400.0
2018-01-31 13:28:07.032000,5.02,5.02,5.03,11157400.0
2018-01-31 13:28:10.214000,5.02,5.02,5.03,11157400.0
2018-01-31 13:28:13.384000,5.02,5.02,5.03,11157400.0
2018-01-31 13:28:16.586000,5.02,5.02,5.03,11157400.0
2018-01-31 13:28:19.735000,5.02,5.02,5.03,11157400.0
2018-01-31 13:28:22.776000,5.02,5.02,5.03,11157400.0
2018-01-31 13:28:25.890000,5.02,5.02,5.03,11157400.0
2018-01-31 13:28:29.011000,5.02,5.02,5.03,11157400.0
2018-01-31 13:28:32.311000,5.02,5.02,5.03,11157400.0
2018-01-31 13:28:35.409000,5.02,5.01,5.02,11197400.0
2018-01-31 13:28:38.544000,5.02,5.01,5.02,11197400.0
2018-01-31 13:28:41.721000,5.02,5.01,5.02,11197400.0
2018-01-31 13:28:44.964000,5.02,5.01,5.02,11197400.0
2018-01-31 13:28:48.052000,5.02,5.01,5.02,11197400.0
2018-01-31 13:28:51.205000,5.02,5.01,5.02,11197400.0
2018-01-31 13:28:54.512000,5.02,5.01,5.02,11197400.0
2018-01-31 13:28:57.823000,5.02,5.01,5.02,11197400.0
2018-01-31 13:29:01.485000,5.02,5.01,5.02,11197400.0
2018-01-31 13:29:05.156000,5.02,5.01,5.02,11197400.0
2018-01-31 13:29:08.887000,5.02,5.01,5.02,11197400.0
2018-01-31 13:29:13.090000,5.02,5.01,5.02,11197400.0
2018-01-31 13:29:16.369000,5.02,5.01,5.02,11197400.0
2018-01-31 13:29:19.790000,5.02,5.01,5.02,11197400.0
2018-01-31 13:29:22.994000,5.02,5.01,5.02,11197400.0
2018-01-31 13:29:26.233000,5.02,5.01,5.02,11197400.0
2018-01-31 13:29:29.145000,5.02,5.01,5.02,11197400.0
2018-01-31 13:29:32.235000,5.02,5.01,5.02,11197400.0
2018-01-31 13:29:35.536000,5.02,5.01,5.02,11197400.0
2018-01-31 13:29:38.967000,5.02,5.01,5.02,11197400.0
2018-01-31 13:29:42.012000,5.02,5.01,5.02,11197400.0
2018-01-31 13:29:45.179000,5.02,5.01,5.02,11197400.0
2018-01-31 13:29:48.170000,5.02,5.01,5.02,11212400.0
2018-01-31 13:29:51.193000,5.02,5.01,5.02,11212400.0
2018-01-31 13:29:54.251000,5.02,5.01,5.02,11212400.0
2018-01-31 13:29:57.283000,5.02,5.01,5.02,11212400.0
2018-01-31 13:30:00.213000,5.02,5.01,5.02,11212400.0
2018-01-31 13:30:03.058000,5.02,5.01,5.02,11212400.0
2018-01-31 13:30:06.298000,5.02,5.01,5.02,11212400.0
2018-01-31 13:30:09.700000,5.02,5.01,5.02,11212400.0
2018-01-31 13:30:12.734000,5.02,5.01,5.02,11212400.0
2018-01-31 13:30:15.785000,5.02,5.01,5.02,11212400.0
2018-01-31 13:30:18.937000,5.02,5.01,5.02,11212400.0
2018-01-31 13:30:22.053000,5.02,5.01,5.02,11212400.0
2018-01-31 13:30:25.238000,5.02,5.01,5.02,11212400.0
2018-01-31 13:30:28.325000,5.02,5.01,5.02,11212400.0
2018-01-31 13:30:31.549000,5.02,5.01,5.02,11212400.0
2018-01-31 13:30:34.874000,5.02,5.01,5.02,11212400.0
2018-01-31 13:30:38.390000,5.02,5.01,5.02,11212400.0
2018-01-31 13:30:41.878000,5.02,5.01,5.02,11212400.0
2018-01-31 13:30:45.218000,5.02,5.01,5.02,11212400.0
2018-01-31 13:30:48.498000,5.02,5.01,5.02,11212400.0
2018-01-31 13:30:51.701000,5.02,5.01,5.02,11212400.0
2018-01-31 13:30:55.199000,5.02,5.01,5.02,11212400.0
2018-01-31 13:30:58.420000,5.02,5.01,5.02,11212400.0
2018-01-31 13:31:01.684000,5.02,5.01,5.02,11212400.0
2018-01-31 13:31:04.858000,5.02,5.01,5.02,11212400.0
2018-01-31 13:31:07.838000,5.02,5.01,5.02,11212400.0
2018-01-31 13:31:11.122000,5.02,5.01,5.02,11212400.0
2018-01-31 13:31:14.279000,5.02,5.01,5.02,11212400.0
2018-01-31 13:31:17.636000,5.02,5.01,5.02,11212400.0
2018-01-31 13:31:20.765000,5.02,5.01,5.02,11212400.0
2018-01-31 13:31:24.201000,5.02,5.01,5.02,11212400.0
2018-01-31 13:31:28.093000,5.02,5.01,5.02,11212400.0
2018-01-31 13:31:32.412000,5.02,5.01,5.02,11212400.0
2018-01-31 13:31:35.456000,5.02,5.01,5.02,11212400.0
2018-01-31 13:31:38.813000,5.02,5.01,5.02,11212400.0
2018-01-31 13:31:41.987000,5.02,5.01,5.02,11212400.0
2018-01-31 13:31:45.051000,5.02,5.01,5.02,11212400.0
2018-01-31 13:31:48.170000,5.02,5.01,5.02,11212400.0
2018-01-31 13:31:51.299000,5.02,5.01,5.02,11212400.0
2018-01-31 13:31:54.475000,5.02,5.01,5.02,11212400.0
2018-01-31 13:31:57.541000,5.02,5.01,5.02,11212400.0
2018-01-31 13:32:00.580000,5.02,5.01,5.02,11212400.0
2018-01-31 13:32:03.656000,5.02,5.01,5.02,11212400.0
2018-01-31 13:32:06.927000,5.02,5.01,5.02,11212400.0
2018-01-31 13:32:10.401000,5.02,5.01,5.02,11212400.0
2018-01-31 13:32:13.525000,5.02,5.01,5.02,11212400.0
2018-01-31 13:32:16.738000,5.02,5.01,5.02,11212400.0
2018-01-31 13:32:19.963000,5.02,5.01,5.02,11212400.0
2018-01-31 13:32:23.072000,5.02,5.01,5.02,11212400.0
2018-01-31 13:32:26.239000,5.02,5.01,5.02,11212400.0
2018-01-31 13:32:29.424000,5.02,5.01,5.02,11212400.0
2018-01-31 13:32:32.553000,5.02,5.02,5.03,11232700.0
2018-01-31 13:32:35.762000,5.02,5.02,5.03,11232700.0
2018-01-31 13:32:39.218000,5.02,5.02,5.03,11232700.0
2018-01-31 13:32:42.353000,5.02,5.02,5.03,11232700.0
2018-01-31 13:32:45.471000,5.02,5.01,5.03,11282700.0
2018-01-31 13:32:48.502000,5.02,5.01,5.03,11282700.0
2018-01-31 13:32:51.836000,5.02,5.01,5.03,11282700.0
2018-01-31 13:32:54.866000,5.02,5.01,5.03,11282700.0
2018-01-31 13:32:58.081000,5.02,5.01,5.03,11282700.0
2018-01-31 13:33:01.202000,5.02,5.01,5.03,11282700.0
2018-01-31 13:33:04.441000,5.02,5.01,5.03,11282700.0
2018-01-31 13:33:08.689000,5.02,5.01,5.03,11282700.0
2018-01-31 13:33:11.909000,5.02,5.01,5.03,11282700.0
2018-01-31 13:33:14.948000,5.02,5.01,5.03,11282700.0
2018-01-31 13:33:18.095000,5.02,5.01,5.03,11282700.0
2018-01-31 13:33:21.489000,5.02,5.01,5.03,11282700.0
2018-01-31 13:33:24.573000,5.02,5.01,5.03,11282700.0
2018-01-31 13:33:27.981000,5.02,5.01,5.03,11282700.0
2018-01-31 13:33:31.523000,5.02,5.01,5.03,11282700.0
2018-01-31 13:33:34.607000,5.02,5.01,5.03,11282700.0
2018-01-31 13:33:37.925000,5.02,5.01,5.03,11282700.0
2018-01-31 13:33:40.911000,5.02,5.01,5.03,11282700.0
2018-01-31 13:33:43.972000,5.02,5.01,5.03,11282700.0
2018-01-31 13:33:47.083000,5.02,5.01,5.03,11282700.0
2018-01-31 13:33:49.863000,5.02,5.01,5.03,11282700.0
2018-01-31 13:33:55.520000,5.02,5.01,5.03,11282700.0
2018-01-31 13:34:00.535000,5.02,5.01,5.03,11282700.0
2018-01-31 13:34:03.883000,5.02,5.01,5.03,11282700.0
2018-01-31 13:34:07.050000,5.02,5.01,5.03,11282700.0
2018-01-31 13:34:11.156000,5.02,5.01,5.03,11282700.0
2018-01-31 13:34:14.553000,5.02,5.01,5.03,11282700.0
2018-01-31 13:34:17.635000,5.02,5.01,5.03,11282700.0
2018-01-31 13:34:21.122000,5.02,5.01,5.03,11282700.0
2018-01-31 13:34:24.473000,5.02,5.01,5.03,11282700.0
2018-01-31 13:34:27.867000,5.02,5.01,5.03,11282700.0
2018-01-31 13:34:31.239000,5.02,5.01,5.03,11282700.0
2018-01-31 13:34:34.433000,5.02,5.01,5.03,11282700.0
2018-01-31 13:34:37.724000,5.03,5.02,5.03,11302700.0
2018-01-31 13:34:40.818000,5.03,5.02,5.03,11302700.0
2018-01-31 13:34:43.895000,5.03,5.02,5.03,11302700.0
2018-01-31 13:34:46.997000,5.03,5.02,5.03,11302700.0
2018-01-31 13:34:50.049000,5.03,5.02,5.03,11302700.0
2018-01-31 13:34:53.150000,5.03,5.02,5.03,11302700.0
2018-01-31 13:34:56.382000,5.03,5.02,5.03,11302700.0
2018-01-31 13:34:59.632000,5.03,5.02,5.03,11302700.0
2018-01-31 13:35:02.833000,5.03,5.02,5.03,11302700.0
2018-01-31 13:35:06.025000,5.03,5.02,5.03,11302700.0
2018-01-31 13:35:09.693000,5.03,5.02,5.03,11302700.0
2018-01-31 13:35:12.731000,5.03,5.02,5.03,11302700.0
2018-01-31 13:35:15.807000,5.03,5.02,5.03,11302700.0
2018-01-31 13:35:19.037000,5.03,5.02,5.03,11302700.0
2018-01-31 13:35:22.212000,5.03,5.02,5.03,11302700.0
2018-01-31 13:35:25.147000,5.03,5.02,5.03,11302700.0
2018-01-31 13:35:28.299000,5.03,5.02,5.03,11302700.0
2018-01-31 13:35:31.726000,5.03,5.02,5.03,11302700.0
2018-01-31 13:35:34.771000,5.03,5.02,5.03,11302700.0
2018-01-31 13:35:37.991000,5.03,5.02,5.03,11302700.0
2018-01-31 13:35:41.362000,5.03,5.02,5.03,11302700.0
2018-01-31 13:35:44.569000,5.03,5.02,5.03,11302700.0
2018-01-31 13:35:47.651000,5.03,5.02,5.03,11302700.0
2018-01-31 13:35:50.759000,5.03,5.02,5.03,11302700.0
2018-01-31 13:35:53.930000,5.03,5.02,5.03,11302700.0
2018-01-31 13:35:57.167000,5.03,5.02,5.03,11302700.0
2018-01-31 13:36:00.275000,5.03,5.02,5.03,11302700.0
2018-01-31 13:36:03.568000,5.03,5.02,5.03,11302700.0
2018-01-31 13:36:06.691000,5.03,5.02,5.03,11302700.0
2018-01-31 13:36:09.837000,5.03,5.02,5.03,11302700.0
2018-01-31 13:36:13.199000,5.03,5.02,5.03,11302700.0
2018-01-31 13:36:17.076000,5.03,5.02,5.03,11302700.0
2018-01-31 13:36:20.830000,5.03,5.02,5.03,11302700.0
2018-01-31 13:36:24.278000,5.03,5.02,5.03,11302700.0
2018-01-31 13:36:28.058000,5.03,5.02,5.03,11302700.0
2018-01-31 13:36:31.401000,5.03,5.02,5.03,11302700.0
2018-01-31 13:36:34.835000,5.03,5.02,5.03,11302700.0
2018-01-31 13:36:38.016000,5.03,5.02,5.03,11302700.0
2018-01-31 13:36:41.429000,5.03,5.02,5.03,11302700.0
2018-01-31 13:36:44.664000,5.03,5.02,5.03,11302700.0
2018-01-31 13:36:48.025000,5.03,5.02,5.03,11302700.0
2018-01-31 13:36:51.244000,5.03,5.02,5.03,11302700.0
2018-01-31 13:36:53.757000,5.03,5.02,5.03,11302700.0
2018-01-31 13:36:56.227000,5.03,5.02,5.03,11302700.0
2018-01-31 13:36:58.757000,5.03,5.02,5.03,11302700.0
2018-01-31 13:37:01.314000,5.03,5.02,5.03,11302700.0
2018-01-31 13:37:03.885000,5.03,5.02,5.03,11302700.0
2018-01-31 13:37:06.386000,5.03,5.02,5.03,11302700.0
2018-01-31 13:37:09.007000,5.03,5.02,5.03,11302700.0
2018-01-31 13:37:11.590000,5.03,5.02,5.03,11302700.0
2018-01-31 13:37:14.103000,5.03,5.02,5.03,11302700.0
2018-01-31 13:37:17.015000,5.03,5.02,5.03,11302700.0
2018-01-31 13:37:19.712000,5.03,5.02,5.03,11302700.0
2018-01-31 13:37:22.419000,5.03,5.02,5.03,11302700.0
2018-01-31 13:37:24.837000,5.03,5.02,5.03,11302700.0
2018-01-31 13:37:27.308000,5.03,5.02,5.03,11302700.0
2018-01-31 13:37:29.946000,5.03,5.02,5.03,11302700.0
2018-01-31 13:37:32.525000,5.03,5.02,5.03,11302700.0
2018-01-31 13:37:34.994000,5.03,5.02,5.03,11302700.0
2018-01-31 13:37:37.538000,5.03,5.02,5.03,11302700.0
2018-01-31 13:37:40.070000,5.03,5.02,5.03,11302700.0
2018-01-31 13:37:42.839000,5.03,5.02,5.03,11302700.0
2018-01-31 13:37:45.595000,5.03,5.02,5.03,11302700.0
2018-01-31 13:37:48.652000,5.03,5.02,5.03,11302700.0
2018-01-31 13:37:51.183000,5.03,5.02,5.03,11302700.0
2018-01-31 13:37:54.085000,5.03,5.02,5.03,11302700.0
2018-01-31 13:37:56.995000,5.03,5.02,5.03,11302700.0
2018-01-31 13:37:59.950000,5.03,5.02,5.03,11302700.0
2018-01-31 13:38:02.460000,5.03,5.02,5.03,11302700.0
2018-01-31 13:38:05.055000,5.03,5.02,5.03,11302700.0
2018-01-31 13:38:07.567000,5.03,5.02,5.03,11302700.0
2018-01-31 13:38:10.209000,5.03,5.02,5.03,11302700.0
2018-01-31 13:38:12.916000,5.03,5.02,5.03,11302700.0
2018-01-31 13:38:15.543000,5.03,5.02,5.03,11302700.0
2018-01-31 13:38:18.274000,5.03,5.02,5.03,11302700.0
2018-01-31 13:38:21.059000,5.03,5.02,5.03,11302700.0
2018-01-31 13:38:23.472000,5.03,5.02,5.03,11302700.0
2018-01-31 13:38:26.278000,5.03,5.02,5.03,11302700.0
2018-01-31 13:38:29.134000,5.03,5.02,5.03,11302700.0
2018-01-31 13:38:31.809000,5.03,5.02,5.03,11302700.0
2018-01-31 13:38:34.324000,5.03,5.02,5.03,11302700.0
2018-01-31 13:38:37.009000,5.03,5.02,5.03,11302700.0
2018-01-31 13:38:39.622000,5.03,5.02,5.03,11302700.0
2018-01-31 13:38:42.537000,5.03,5.02,5.03,11302700.0
2018-01-31 13:38:45.151000,5.03,5.02,5.03,11302700.0
2018-01-31 13:38:47.936000,5.03,5.02,5.03,11302700.0
2018-01-31 13:38:50.527000,5.03,5.02,5.03,11302700.0
2018-01-31 13:38:53.238000,5.03,5.02,5.03,11317700.0
2018-01-31 13:38:55.949000,5.03,5.02,5.03,11317700.0
2018-01-31 13:38:58.408000,5.03,5.02,5.03,11317700.0
2018-01-31 13:39:00.946000,5.03,5.02,5.03,11317700.0
2018-01-31 13:39:03.465000,5.03,5.02,5.03,11317700.0
2018-01-31 13:39:06.145000,5.03,5.02,5.03,11317700.0
2018-01-31 13:39:08.726000,5.03,5.02,5.03,11317700.0
2018-01-31 13:39:11.264000,5.03,5.02,5.03,11317700.0
2018-01-31 13:39:13.870000,5.03,5.02,5.03,11317700.0
2018-01-31 13:39:16.731000,5.03,5.02,5.03,11317700.0
2018-01-31 13:39:19.238000,5.03,5.02,5.03,11317700.0
2018-01-31 13:39:21.785000,5.03,5.02,5.03,11317700.0
2018-01-31 13:39:24.253000,5.03,5.02,5.03,11317700.0
2018-01-31 13:39:27.022000,5.03,5.02,5.03,11317700.0
2018-01-31 13:39:29.650000,5.03,5.02,5.03,11317700.0
2018-01-31 13:39:32.294000,5.03,5.02,5.03,11317700.0
2018-01-31 13:39:34.761000,5.03,5.02,5.03,11317700.0
2018-01-31 13:39:37.528000,5.03,5.02,5.03,11317700.0
2018-01-31 13:39:40.274000,5.03,5.02,5.03,11317700.0
2018-01-31 13:39:43.922000,5.03,5.02,5.03,11317700.0
2018-01-31 13:39:46.689000,5.03,5.02,5.03,11317700.0
2018-01-31 13:39:49.259000,5.03,5.02,5.03,11317700.0
2018-01-31 13:39:51.848000,5.03,5.02,5.03,11317700.0
2018-01-31 13:39:54.510000,5.03,5.02,5.03,11317700.0
2018-01-31 13:39:57.293000,5.03,5.02,5.03,11317700.0
2018-01-31 13:39:59.826000,5.03,5.02,5.03,11317700.0
2018-01-31 13:40:02.419000,5.03,5.02,5.03,11317700.0
2018-01-31 13:40:04.982000,5.03,5.02,5.03,11317700.0
2018-01-31 13:40:07.626000,5.03,5.02,5.03,11317700.0
2018-01-31 13:40:10.310000,5.03,5.02,5.03,11330700.0
2018-01-31 13:40:13.055000,5.03,5.02,5.03,11330700.0
2018-01-31 13:40:15.544000,5.03,5.02,5.03,11330700.0
2018-01-31 13:40:18.013000,5.03,5.02,5.03,11330700.0
2018-01-31 13:40:20.511000,5.03,5.02,5.03,11330700.0
2018-01-31 13:40:23.081000,5.03,5.02,5.03,11330700.0
2018-01-31 13:40:25.778000,5.03,5.02,5.03,11330700.0
2018-01-31 13:40:28.469000,5.03,5.02,5.03,11330700.0
2018-01-31 13:40:31.034000,5.03,5.02,5.03,11330700.0
2018-01-31 13:40:33.771000,5.03,5.02,5.03,11330700.0
2018-01-31 13:40:36.735000,5.03,5.02,5.03,11330700.0
2018-01-31 13:40:39.531000,5.03,5.02,5.03,11330700.0
2018-01-31 13:40:42.211000,5.03,5.02,5.03,11330700.0
2018-01-31 13:40:44.888000,5.03,5.02,5.03,11330700.0
2018-01-31 13:40:47.388000,5.03,5.02,5.03,11330700.0
2018-01-31 13:40:49.951000,5.03,5.02,5.03,11330700.0
2018-01-31 13:40:52.779000,5.03,5.02,5.03,11330700.0
2018-01-31 13:40:55.406000,5.03,5.02,5.03,11330700.0
2018-01-31 13:40:57.953000,5.03,5.02,5.03,11330700.0
2018-01-31 13:41:00.527000,5.03,5.02,5.03,11330700.0
2018-01-31 13:41:03.222000,5.03,5.02,5.03,11330700.0
2018-01-31 13:41:05.917000,5.03,5.02,5.03,11330700.0
2018-01-31 13:41:08.664000,5.03,5.02,5.03,11330700.0
2018-01-31 13:41:11.517000,5.03,5.02,5.03,11330700.0
2018-01-31 13:41:14.170000,5.03,5.02,5.03,11330700.0
2018-01-31 13:41:16.706000,5.03,5.02,5.03,11330700.0
2018-01-31 13:41:19.248000,5.03,5.02,5.03,11330700.0
2018-01-31 13:41:21.915000,5.03,5.02,5.03,11330700.0
2018-01-31 13:41:24.622000,5.03,5.02,5.03,11330700.0
2018-01-31 13:41:27.230000,5.03,5.02,5.03,11330700.0
2018-01-31 13:41:29.716000,5.03,5.02,5.03,11330700.0
2018-01-31 13:41:32.403000,5.03,5.02,5.03,11330700.0
2018-01-31 13:41:34.857000,5.03,5.02,5.03,11330700.0
2018-01-31 13:41:37.378000,5.03,5.02,5.03,11330700.0
2018-01-31 13:41:39.921000,5.03,5.02,5.03,11357700.0
2018-01-31 13:41:42.513000,5.03,5.02,5.03,11357700.0
2018-01-31 13:41:45.092000,5.03,5.02,5.03,11357700.0
2018-01-31 13:41:47.579000,5.03,5.02,5.03,11357700.0
2018-01-31 13:41:50.187000,5.03,5.02,5.03,11357700.0
2018-01-31 13:41:52.816000,5.03,5.02,5.03,11357700.0
2018-01-31 13:41:55.285000,5.03,5.02,5.03,11357700.0
2018-01-31 13:41:57.873000,5.03,5.02,5.03,11357700.0
2018-01-31 13:42:00.559000,5.03,5.02,5.03,11357700.0
2018-01-31 13:42:03.248000,5.03,5.02,5.03,11357700.0
2018-01-31 13:42:05.837000,5.03,5.02,5.03,11357700.0
2018-01-31 13:42:08.371000,5.03,5.02,5.03,11357700.0
2018-01-31 13:42:11.032000,5.03,5.02,5.03,11357700.0
2018-01-31 13:42:13.550000,5.03,5.02,5.03,11357700.0
2018-01-31 13:42:16.141000,5.03,5.02,5.03,11357700.0
2018-01-31 13:42:19.250000,5.03,5.02,5.03,11357700.0
2018-01-31 13:42:21.848000,5.03,5.02,5.03,11357700.0
2018-01-31 13:42:24.468000,5.03,5.02,5.03,11357700.0
2018-01-31 13:42:26.986000,5.03,5.02,5.03,11357700.0
2018-01-31 13:42:29.358000,5.03,5.02,5.03,11357700.0
2018-01-31 13:42:31.985000,5.03,5.02,5.03,11357700.0
2018-01-31 13:42:34.593000,5.03,5.02,5.03,11357700.0
2018-01-31 13:42:37.362000,5.03,5.02,5.03,11357700.0
2018-01-31 13:42:39.843000,5.03,5.02,5.03,11357700.0
2018-01-31 13:42:42.622000,5.03,5.02,5.03,11357700.0
2018-01-31 13:42:45.469000,5.03,5.02,5.03,11357700.0
2018-01-31 13:42:48.103000,5.03,5.02,5.03,11357700.0
2018-01-31 13:42:50.611000,5.03,5.02,5.03,11357700.0
2018-01-31 13:42:53.346000,5.03,5.02,5.03,11357700.0
2018-01-31 13:42:56.066000,5.03,5.02,5.03,11357700.0
2018-01-31 13:42:58.523000,5.03,5.02,5.03,11357700.0
2018-01-31 13:43:01.332000,5.03,5.02,5.03,11357700.0
2018-01-31 13:43:03.863000,5.03,5.02,5.03,11357700.0
2018-01-31 13:43:06.569000,5.03,5.02,5.03,11357700.0
2018-01-31 13:43:09.515000,5.03,5.02,5.03,11357700.0
2018-01-31 13:43:12.144000,5.03,5.02,5.03,11357700.0
2018-01-31 13:43:16.552000,5.03,5.02,5.03,11357700.0
2018-01-31 13:43:19.297000,5.03,5.02,5.03,11357700.0
2018-01-31 13:43:22.294000,5.03,5.02,5.03,11357700.0
2018-01-31 13:43:25,5.03,5.02,5.03,11357700.0
2018-01-31 13:43:27.829000,5.03,5.02,5.03,11357700.0
2018-01-31 13:43:30.597000,5.03,5.02,5.03,11357700.0
2018-01-31 13:43:33.288000,5.03,5.02,5.03,11357700.0
2018-01-31 13:43:35.808000,5.03,5.02,5.03,11357700.0
2018-01-31 13:43:38.401000,5.03,5.02,5.03,11357700.0
2018-01-31 13:43:40.971000,5.03,5.02,5.03,11357700.0
2018-01-31 13:43:43.560000,5.03,5.02,5.03,11357700.0
2018-01-31 13:43:48.438000,5.03,5.02,5.03,11357700.0
2018-01-31 13:43:51.800000,5.03,5.02,5.03,11357700.0
2018-01-31 13:43:54.813000,5.03,5.02,5.03,11357700.0
2018-01-31 13:43:58.539000,5.03,5.02,5.03,11357700.0
2018-01-31 13:44:01.985000,5.03,5.02,5.03,11357700.0
2018-01-31 13:44:06.574000,5.03,5.02,5.03,11357700.0
2018-01-31 13:44:09.440000,5.03,5.02,5.03,11357700.0
2018-01-31 13:44:12.159000,5.03,5.02,5.03,11357700.0
2018-01-31 13:44:14.641000,5.03,5.02,5.03,11357700.0
2018-01-31 13:44:17.192000,5.03,5.02,5.03,11357700.0
2018-01-31 13:44:20.206000,5.03,5.02,5.03,11357700.0
2018-01-31 13:44:22.814000,5.03,5.02,5.03,11357700.0
2018-01-31 13:44:25.409000,5.03,5.02,5.03,11357700.0
2018-01-31 13:44:27.912000,5.03,5.02,5.03,11357700.0
2018-01-31 13:44:30.549000,5.03,5.02,5.03,11357700.0
2018-01-31 13:44:33.212000,5.03,5.02,5.03,11357700.0
2018-01-31 13:44:35.814000,5.03,5.02,5.03,11357700.0
2018-01-31 13:44:38.335000,5.03,5.02,5.03,11357700.0
2018-01-31 13:44:40.882000,5.03,5.02,5.03,11357700.0
2018-01-31 13:44:43.231000,5.03,5.02,5.03,11357700.0
2018-01-31 13:44:45.891000,5.03,5.02,5.03,11357700.0
2018-01-31 13:44:48.498000,5.03,5.02,5.03,11357700.0
2018-01-31 13:44:51.068000,5.03,5.02,5.03,11357700.0
2018-01-31 13:44:53.753000,5.03,5.02,5.03,11357700.0
2018-01-31 13:45:06.487000,5.03,5.02,5.03,11357700.0
2018-01-31 13:45:25.606000,5.03,5.02,5.04,11375200.0
2018-01-31 13:45:46.942000,5.03,5.02,5.04,11375200.0
2018-01-31 13:46:01.883000,5.03,5.02,5.03,11375200.0
2018-01-31 13:46:09.567000,5.03,5.02,5.03,11375200.0
2018-01-31 13:46:12.946000,5.03,5.02,5.03,11375200.0
2018-01-31 13:46:16.961000,5.03,5.02,5.03,11375200.0
2018-01-31 13:46:19.802000,5.03,5.02,5.03,11375200.0
2018-01-31 13:46:22.952000,5.03,5.02,5.03,11375200.0
2018-01-31 13:46:26.014000,5.03,5.02,5.03,11375200.0
2018-01-31 13:46:32.894000,5.03,5.02,5.03,11375200.0
2018-01-31 13:46:37.915000,5.03,5.02,5.03,11375200.0
2018-01-31 13:46:40.976000,5.03,5.02,5.03,11375200.0
2018-01-31 13:46:43.930000,5.03,5.02,5.03,11375200.0
2018-01-31 13:46:46.670000,5.03,5.02,5.03,11375200.0
2018-01-31 13:46:53.261000,5.03,5.02,5.03,11375200.0
2018-01-31 13:46:56.630000,5.03,5.02,5.03,11375200.0
2018-01-31 13:47:01.789000,5.03,5.02,5.03,11375200.0
2018-01-31 13:47:05.177000,5.03,5.02,5.03,11375200.0
2018-01-31 13:47:09.585000,5.03,5.02,5.03,11375200.0
2018-01-31 13:47:13.259000,5.03,5.02,5.03,11375200.0
2018-01-31 13:47:17.609000,5.03,5.02,5.03,11375200.0
2018-01-31 13:47:21.714000,5.03,5.02,5.03,11375200.0
2018-01-31 13:47:24.818000,5.03,5.03,5.04,11386200.0
2018-01-31 13:47:27.994000,5.03,5.03,5.04,11386200.0
2018-01-31 13:47:31.301000,5.03,5.03,5.04,11386200.0
2018-01-31 13:47:34.106000,5.03,5.03,5.04,11386200.0
2018-01-31 13:47:37.055000,5.03,5.03,5.04,11386200.0
2018-01-31 13:47:40.105000,5.03,5.03,5.04,11386200.0
2018-01-31 13:47:43.109000,5.03,5.03,5.04,11386200.0
2018-01-31 13:47:45.978000,5.03,5.03,5.04,11386200.0
2018-01-31 13:47:49.108000,5.03,5.03,5.04,11386200.0
2018-01-31 13:47:52.196000,5.03,5.03,5.04,11386200.0
2018-01-31 13:47:55.243000,5.03,5.03,5.04,11386200.0
2018-01-31 13:47:58.177000,5.03,5.03,5.04,11386200.0
2018-01-31 13:48:01.082000,5.03,5.03,5.04,11386200.0
2018-01-31 13:48:04.595000,5.03,5.03,5.04,11386200.0
2018-01-31 13:48:07.697000,5.03,5.03,5.04,11386200.0
2018-01-31 13:48:10.605000,5.03,5.03,5.04,11386200.0
2018-01-31 13:48:13.445000,5.03,5.03,5.04,11386200.0
2018-01-31 13:48:16.621000,5.03,5.03,5.04,11386200.0
2018-01-31 13:48:19.514000,5.03,5.03,5.04,11386200.0
2018-01-31 13:48:22.433000,5.03,5.03,5.04,11386200.0
2018-01-31 13:48:25.555000,5.03,5.03,5.04,11386200.0
2018-01-31 13:48:28.492000,5.03,5.03,5.04,11386200.0
2018-01-31 13:48:32.090000,5.03,5.03,5.04,11386200.0
2018-01-31 13:48:35.243000,5.03,5.03,5.04,11386200.0
2018-01-31 13:48:38.329000,5.03,5.02,5.03,11398800.0
2018-01-31 13:48:41.043000,5.03,5.02,5.03,11398800.0
2018-01-31 13:48:43.883000,5.03,5.02,5.03,11398800.0
2018-01-31 13:48:46.615000,5.03,5.02,5.03,11398800.0
2018-01-31 13:48:49.713000,5.03,5.02,5.03,11398800.0
2018-01-31 13:48:52.631000,5.03,5.02,5.03,11398800.0
2018-01-31 13:48:55.518000,5.03,5.02,5.03,11398800.0
2018-01-31 13:48:58.681000,5.03,5.02,5.03,11398800.0
2018-01-31 13:49:01.571000,5.03,5.02,5.03,11398800.0
2018-01-31 13:49:04.434000,5.03,5.02,5.03,11398800.0
2018-01-31 13:49:07.415000,5.03,5.02,5.03,11398800.0
2018-01-31 13:49:10.400000,5.03,5.02,5.03,11398800.0
2018-01-31 13:49:13.358000,5.03,5.02,5.03,11398800.0
2018-01-31 13:49:16.267000,5.03,5.02,5.03,11398800.0
2018-01-31 13:49:19.260000,5.03,5.02,5.03,11398800.0
2018-01-31 13:49:22.236000,5.03,5.02,5.03,11398800.0
2018-01-31 13:49:25.323000,5.03,5.02,5.03,11398800.0
2018-01-31 13:49:28.059000,5.03,5.02,5.03,11398800.0
2018-01-31 13:49:30.950000,5.03,5.02,5.03,11398800.0
2018-01-31 13:49:33.994000,5.03,5.02,5.03,11398800.0
2018-01-31 13:49:37.055000,5.03,5.02,5.03,11398800.0
2018-01-31 13:49:40.324000,5.03,5.02,5.03,11398800.0
2018-01-31 13:49:43.337000,5.03,5.02,5.03,11398800.0
2018-01-31 13:49:46.260000,5.03,5.02,5.03,11398800.0
2018-01-31 13:49:49.591000,5.03,5.02,5.03,11398800.0
2018-01-31 13:49:52.841000,5.03,5.02,5.03,11398800.0
2018-01-31 13:49:55.700000,5.03,5.02,5.03,11398800.0
2018-01-31 13:49:58.710000,5.03,5.02,5.03,11398800.0
2018-01-31 13:50:01.557000,5.03,5.02,5.03,11398800.0
2018-01-31 13:50:04.453000,5.03,5.02,5.03,11398800.0
2018-01-31 13:50:07.091000,5.03,5.02,5.03,11398800.0
2018-01-31 13:50:10.230000,5.03,5.02,5.03,11398800.0
2018-01-31 13:50:13.198000,5.03,5.02,5.03,11398800.0
2018-01-31 13:50:16.280000,5.03,5.02,5.03,11398800.0
2018-01-31 13:50:19.260000,5.03,5.02,5.03,11398800.0
2018-01-31 13:50:22.201000,5.03,5.02,5.03,11398800.0
2018-01-31 13:50:25.031000,5.03,5.02,5.03,11398800.0
2018-01-31 13:50:27.996000,5.03,5.02,5.03,11398800.0
2018-01-31 13:50:31.219000,5.03,5.02,5.03,11398800.0
2018-01-31 13:50:34.264000,5.03,5.02,5.03,11398800.0
2018-01-31 13:50:37.164000,5.03,5.02,5.03,11398800.0
2018-01-31 13:50:40.092000,5.03,5.02,5.03,11398800.0
2018-01-31 13:50:43.044000,5.03,5.02,5.03,11398800.0
2018-01-31 13:50:46.004000,5.03,5.02,5.03,11398800.0
2018-01-31 13:50:48.904000,5.03,5.02,5.03,11398800.0
2018-01-31 13:50:51.809000,5.03,5.02,5.03,11398800.0
2018-01-31 13:50:54.701000,5.03,5.02,5.03,11398800.0
2018-01-31 13:50:57.725000,5.03,5.02,5.03,11398800.0
2018-01-31 13:51:00.670000,5.02,5.02,5.03,11498800.0
2018-01-31 13:51:03.546000,5.02,5.02,5.03,11498800.0
2018-01-31 13:51:06.452000,5.02,5.02,5.03,11498800.0
2018-01-31 13:51:09.515000,5.02,5.02,5.03,11498800.0
2018-01-31 13:51:12.502000,5.02,5.02,5.03,11498800.0
2018-01-31 13:51:15.453000,5.02,5.02,5.03,11498800.0
2018-01-31 13:51:18.613000,5.02,5.02,5.03,11498800.0
2018-01-31 13:51:21.688000,5.02,5.02,5.03,11498800.0
2018-01-31 13:51:24.772000,5.02,5.02,5.03,11498800.0
2018-01-31 13:51:27.685000,5.02,5.02,5.03,11498800.0
2018-01-31 13:51:30.530000,5.02,5.02,5.03,11498800.0
2018-01-31 13:51:33.539000,5.02,5.02,5.03,11498800.0
2018-01-31 13:51:36.559000,5.02,5.02,5.03,11498800.0
2018-01-31 13:51:39.563000,5.02,5.02,5.03,11498800.0
2018-01-31 13:51:42.689000,5.02,5.02,5.03,11498800.0
2018-01-31 13:51:45.841000,5.02,5.02,5.03,11498800.0
2018-01-31 13:51:48.720000,5.02,5.02,5.03,11498800.0
2018-01-31 13:51:51.694000,5.02,5.02,5.03,11498800.0
2018-01-31 13:51:54.594000,5.02,5.01,5.03,11525900.0
2018-01-31 13:51:57.527000,5.02,5.01,5.03,11525900.0
2018-01-31 13:52:00.295000,5.02,5.01,5.03,11525900.0
2018-01-31 13:52:03.200000,5.02,5.01,5.03,11525900.0
2018-01-31 13:52:06.129000,5.02,5.01,5.03,11525900.0
2018-01-31 13:52:08.976000,5.02,5.01,5.03,11525900.0
2018-01-31 13:52:12.189000,5.02,5.01,5.03,11525900.0
2018-01-31 13:52:15.187000,5.02,5.01,5.03,11525900.0
2018-01-31 13:52:18.034000,5.02,5.01,5.03,11525900.0
2018-01-31 13:52:21.108000,5.02,5.01,5.03,11525900.0
2018-01-31 13:52:23.968000,5.02,5.01,5.03,11525900.0
2018-01-31 13:52:26.874000,5.02,5.01,5.03,11525900.0
2018-01-31 13:52:29.836000,5.02,5.01,5.03,11525900.0
2018-01-31 13:52:32.766000,5.02,5.01,5.03,11525900.0
2018-01-31 13:52:35.766000,5.02,5.01,5.03,11525900.0
2018-01-31 13:52:38.816000,5.02,5.01,5.03,11525900.0
2018-01-31 13:52:41.721000,5.02,5.01,5.03,11525900.0
2018-01-31 13:52:44.851000,5.02,5.01,5.03,11525900.0
2018-01-31 13:52:47.758000,5.02,5.02,5.03,11527900.0
2018-01-31 13:52:50.967000,5.02,5.02,5.03,11527900.0
2018-01-31 13:52:53.983000,5.02,5.02,5.03,11527900.0
2018-01-31 13:52:56.972000,5.02,5.02,5.03,11527900.0
2018-01-31 13:52:59.821000,5.02,5.02,5.03,11527900.0
2018-01-31 13:53:02.992000,5.02,5.02,5.03,11527900.0
2018-01-31 13:53:05.970000,5.02,5.02,5.03,11527900.0
2018-01-31 13:53:08.834000,5.02,5.02,5.03,11527900.0
2018-01-31 13:53:11.815000,5.02,5.02,5.03,11527900.0
2018-01-31 13:53:14.626000,5.02,5.02,5.03,11527900.0
2018-01-31 13:53:17.396000,5.02,5.02,5.03,11527900.0
2018-01-31 13:53:20.251000,5.02,5.02,5.03,11527900.0
2018-01-31 13:53:23.332000,5.02,5.02,5.03,11527900.0
2018-01-31 13:53:26.516000,5.02,5.02,5.03,11527900.0
2018-01-31 13:53:29.469000,5.02,5.02,5.03,11527900.0
2018-01-31 13:53:32.361000,5.02,5.02,5.03,11527900.0
2018-01-31 13:53:35.328000,5.02,5.02,5.03,11527900.0
2018-01-31 13:53:38.472000,5.02,5.02,5.03,11527900.0
2018-01-31 13:53:41.389000,5.02,5.02,5.03,11527900.0
2018-01-31 13:53:44.442000,5.02,5.02,5.03,11527900.0
2018-01-31 13:53:47.378000,5.02,5.02,5.03,11527900.0
2018-01-31 13:53:50.218000,5.02,5.02,5.03,11527900.0
2018-01-31 13:53:53.182000,5.02,5.02,5.03,11527900.0
2018-01-31 13:53:56.015000,5.02,5.02,5.03,11527900.0
2018-01-31 13:53:58.942000,5.02,5.01,5.03,11527900.0
2018-01-31 13:54:02.063000,5.02,5.01,5.03,11527900.0
2018-01-31 13:54:05.038000,5.02,5.01,5.03,11527900.0
2018-01-31 13:54:07.942000,5.02,5.01,5.03,11527900.0
2018-01-31 13:54:10.791000,5.02,5.01,5.03,11527900.0
2018-01-31 13:54:14.085000,5.02,5.01,5.03,11527900.0
2018-01-31 13:54:17.097000,5.02,5.01,5.03,11527900.0
2018-01-31 13:54:20.094000,5.02,5.01,5.03,11527900.0
2018-01-31 13:54:23.299000,5.02,5.01,5.03,11527900.0
2018-01-31 13:54:26.126000,5.02,5.01,5.03,11527900.0
2018-01-31 13:54:29.046000,5.02,5.01,5.03,11527900.0
2018-01-31 13:54:32.083000,5.02,5.01,5.03,11527900.0
2018-01-31 13:54:34.929000,5.02,5.01,5.03,11527900.0
2018-01-31 13:54:38.006000,5.02,5.01,5.03,11527900.0
2018-01-31 13:54:40.988000,5.02,5.01,5.03,11527900.0
2018-01-31 13:54:43.817000,5.02,5.01,5.03,11527900.0
2018-01-31 13:54:46.818000,5.02,5.01,5.03,11527900.0
2018-01-31 13:54:49.804000,5.02,5.01,5.03,11527900.0
2018-01-31 13:54:52.846000,5.02,5.01,5.03,11527900.0
2018-01-31 13:54:55.644000,5.02,5.01,5.03,11527900.0
2018-01-31 13:54:58.760000,5.02,5.01,5.03,11527900.0
2018-01-31 13:55:01.678000,5.02,5.01,5.03,11527900.0
2018-01-31 13:55:04.525000,5.02,5.01,5.03,11527900.0
2018-01-31 13:55:07.348000,5.02,5.01,5.03,11527900.0
2018-01-31 13:55:10.361000,5.02,5.01,5.03,11527900.0
2018-01-31 13:55:13.418000,5.02,5.01,5.03,11527900.0
2018-01-31 13:55:16.350000,5.02,5.01,5.03,11527900.0
2018-01-31 13:55:19.155000,5.02,5.01,5.03,11527900.0
2018-01-31 13:55:21.982000,5.02,5.01,5.03,11527900.0
2018-01-31 13:55:25.079000,5.02,5.01,5.03,11527900.0
2018-01-31 13:55:27.956000,5.02,5.01,5.03,11527900.0
2018-01-31 13:55:31.042000,5.02,5.01,5.03,11527900.0
2018-01-31 13:55:34.096000,5.02,5.01,5.03,11527900.0
2018-01-31 13:55:37.095000,5.02,5.01,5.03,11527900.0
2018-01-31 13:55:39.988000,5.02,5.01,5.03,11527900.0
2018-01-31 13:55:43.087000,5.02,5.01,5.03,11527900.0
2018-01-31 13:55:45.988000,5.02,5.01,5.03,11527900.0
2018-01-31 13:55:48.958000,5.02,5.01,5.03,11527900.0
2018-01-31 13:55:51.757000,5.02,5.01,5.03,11527900.0
2018-01-31 13:55:54.531000,5.02,5.01,5.03,11527900.0
2018-01-31 13:55:57.555000,5.02,5.01,5.03,11527900.0
2018-01-31 13:56:00.630000,5.02,5.01,5.03,11527900.0
2018-01-31 13:56:03.629000,5.02,5.01,5.03,11527900.0
2018-01-31 13:56:06.558000,5.02,5.01,5.03,11527900.0
2018-01-31 13:56:09.499000,5.02,5.01,5.03,11527900.0
2018-01-31 13:56:12.593000,5.02,5.01,5.03,11527900.0
2018-01-31 13:56:15.521000,5.02,5.01,5.03,11527900.0
2018-01-31 13:56:18.741000,5.02,5.01,5.03,11527900.0
2018-01-31 13:56:21.659000,5.02,5.01,5.03,11527900.0
2018-01-31 13:56:24.614000,5.02,5.01,5.03,11527900.0
2018-01-31 13:56:27.650000,5.02,5.01,5.03,11527900.0
2018-01-31 13:56:30.646000,5.02,5.01,5.03,11527900.0
2018-01-31 13:56:34.053000,5.02,5.01,5.03,11527900.0
2018-01-31 13:56:36.987000,5.02,5.01,5.03,11527900.0
2018-01-31 13:56:40.034000,5.02,5.01,5.03,11527900.0
2018-01-31 13:56:42.894000,5.02,5.01,5.03,11527900.0
2018-01-31 13:56:45.982000,5.02,5.01,5.03,11527900.0
2018-01-31 13:56:48.892000,5.02,5.01,5.03,11527900.0
2018-01-31 13:56:52.069000,5.02,5.01,5.03,11527900.0
2018-01-31 13:56:55.272000,5.02,5.01,5.03,11527900.0
2018-01-31 13:56:58.172000,5.02,5.01,5.03,11527900.0
2018-01-31 13:57:01.083000,5.02,5.01,5.03,11527900.0
2018-01-31 13:57:03.899000,5.02,5.01,5.03,11527900.0
2018-01-31 13:57:06.989000,5.02,5.01,5.03,11527900.0
2018-01-31 13:57:09.868000,5.02,5.01,5.03,11527900.0
2018-01-31 13:57:12.745000,5.02,5.01,5.03,11527900.0
2018-01-31 13:57:15.584000,5.02,5.01,5.03,11527900.0
2018-01-31 13:57:18.526000,5.02,5.01,5.03,11527900.0
2018-01-31 13:57:21.537000,5.02,5.01,5.03,11527900.0
2018-01-31 13:57:24.364000,5.02,5.01,5.03,11527900.0
2018-01-31 13:57:27.506000,5.02,5.01,5.03,11527900.0
2018-01-31 13:57:30.552000,5.02,5.01,5.03,11527900.0
2018-01-31 13:57:33.699000,5.02,5.01,5.03,11527900.0
2018-01-31 13:57:36.667000,5.02,5.01,5.03,11527900.0
2018-01-31 13:57:39.601000,5.02,5.01,5.03,11527900.0
2018-01-31 13:57:42.529000,5.03,5.02,5.03,11529900.0
2018-01-31 13:57:45.568000,5.03,5.02,5.03,11529900.0
2018-01-31 13:57:48.632000,5.03,5.02,5.03,11529900.0
2018-01-31 13:57:51.746000,5.03,5.02,5.03,11529900.0
2018-01-31 13:57:54.778000,5.03,5.02,5.03,11529900.0
2018-01-31 13:57:57.884000,5.03,5.02,5.03,11529900.0
2018-01-31 13:58:00.993000,5.03,5.02,5.03,11529900.0
2018-01-31 13:58:03.947000,5.03,5.02,5.03,11529900.0
2018-01-31 13:58:06.772000,5.03,5.02,5.03,11529900.0
2018-01-31 13:58:09.491000,5.03,5.02,5.03,11529900.0
2018-01-31 13:58:12.449000,5.03,5.02,5.03,11529900.0
2018-01-31 13:58:15.357000,5.03,5.02,5.03,11529900.0
2018-01-31 13:58:18.542000,5.03,5.02,5.03,11529900.0
2018-01-31 13:58:21.743000,5.03,5.02,5.03,11529900.0
2018-01-31 13:58:24.590000,5.03,5.02,5.03,11529900.0
2018-01-31 13:58:27.507000,5.03,5.02,5.03,11529900.0
2018-01-31 13:58:30.340000,5.03,5.02,5.03,11529900.0
2018-01-31 13:58:33.425000,5.03,5.02,5.03,11529900.0
2018-01-31 13:58:36.320000,5.03,5.02,5.03,11529900.0
2018-01-31 13:58:39.330000,5.03,5.02,5.03,11529900.0
2018-01-31 13:58:42.211000,5.03,5.02,5.03,11529900.0
2018-01-31 13:58:45.261000,5.03,5.01,5.03,11529900.0
2018-01-31 13:58:48.199000,5.03,5.01,5.03,11529900.0
2018-01-31 13:58:51.382000,5.03,5.01,5.03,11529900.0
2018-01-31 13:58:54.486000,5.03,5.01,5.03,11529900.0
2018-01-31 13:58:57.509000,5.03,5.01,5.03,11529900.0
2018-01-31 13:59:00.417000,5.03,5.01,5.03,11529900.0
2018-01-31 13:59:03.511000,5.03,5.01,5.03,11529900.0
2018-01-31 13:59:06.483000,5.03,5.01,5.03,11529900.0
2018-01-31 13:59:09.318000,5.03,5.01,5.03,11529900.0
2018-01-31 13:59:12.259000,5.03,5.01,5.03,11529900.0
2018-01-31 13:59:15.293000,5.03,5.01,5.03,11529900.0
2018-01-31 13:59:18.156000,5.03,5.01,5.03,11529900.0
2018-01-31 13:59:21.086000,5.03,5.01,5.03,11529900.0
2018-01-31 13:59:23.833000,5.03,5.01,5.03,11529900.0
2018-01-31 13:59:26.658000,5.03,5.01,5.03,11529900.0
2018-01-31 13:59:29.505000,5.03,5.01,5.03,11529900.0
2018-01-31 13:59:32.353000,5.03,5.01,5.03,11529900.0
2018-01-31 13:59:35.259000,5.03,5.01,5.03,11529900.0
2018-01-31 13:59:38.196000,5.03,5.01,5.03,11529900.0
2018-01-31 13:59:41.276000,5.03,5.01,5.03,11529900.0
2018-01-31 13:59:44.212000,5.03,5.01,5.03,11529900.0
2018-01-31 13:59:47.260000,5.03,5.01,5.03,11529900.0
2018-01-31 13:59:50.537000,5.03,5.01,5.03,11529900.0
2018-01-31 13:59:53.610000,5.03,5.01,5.03,11529900.0
2018-01-31 13:59:56.387000,5.03,5.01,5.03,11529900.0
2018-01-31 13:59:59.235000,5.03,5.01,5.03,11529900.0
2018-01-31 14:00:02.763000,5.03,5.01,5.03,11529900.0
2018-01-31 14:00:05.769000,5.03,5.01,5.03,11529900.0
2018-01-31 14:00:08.876000,5.03,5.01,5.03,11529900.0
2018-01-31 14:00:11.952000,5.03,5.01,5.03,11529900.0
2018-01-31 14:00:15.135000,5.03,5.01,5.03,11529900.0
2018-01-31 14:00:17.959000,5.03,5.01,5.03,11529900.0
2018-01-31 14:00:21.044000,5.03,5.01,5.03,11529900.0
2018-01-31 14:00:24.218000,5.03,5.01,5.03,11529900.0
2018-01-31 14:00:27.418000,5.03,5.01,5.03,11529900.0
2018-01-31 14:00:30.464000,5.03,5.01,5.03,11529900.0
2018-01-31 14:00:33.451000,5.03,5.01,5.03,11529900.0
2018-01-31 14:00:36.465000,5.03,5.01,5.03,11529900.0
2018-01-31 14:00:39.421000,5.03,5.01,5.03,11529900.0
2018-01-31 14:00:42.372000,5.03,5.01,5.03,11529900.0
2018-01-31 14:00:45.674000,5.03,5.01,5.03,11529900.0
2018-01-31 14:00:48.670000,5.03,5.01,5.03,11529900.0
2018-01-31 14:00:51.574000,5.03,5.01,5.03,11529900.0
2018-01-31 14:00:54.439000,5.03,5.01,5.03,11529900.0
2018-01-31 14:00:57.218000,5.03,5.01,5.03,11529900.0
2018-01-31 14:01:00.089000,5.03,5.01,5.03,11529900.0
2018-01-31 14:01:03.081000,5.03,5.01,5.03,11529900.0
2018-01-31 14:01:05.907000,5.03,5.01,5.03,11529900.0
2018-01-31 14:01:08.916000,5.03,5.01,5.03,11529900.0
2018-01-31 14:01:11.983000,5.03,5.01,5.03,11529900.0
2018-01-31 14:01:15.112000,5.03,5.01,5.03,11529900.0
2018-01-31 14:01:17.855000,5.03,5.01,5.03,11529900.0
2018-01-31 14:01:20.714000,5.03,5.01,5.03,11529900.0
2018-01-31 14:01:23.551000,5.03,5.01,5.03,11529900.0
2018-01-31 14:01:26.671000,5.03,5.01,5.03,11529900.0
2018-01-31 14:01:29.721000,5.03,5.01,5.03,11529900.0
2018-01-31 14:01:32.825000,5.03,5.01,5.03,11529900.0
2018-01-31 14:01:35.733000,5.03,5.01,5.03,11529900.0
2018-01-31 14:01:38.610000,5.03,5.01,5.03,11529900.0
2018-01-31 14:01:41.513000,5.03,5.01,5.03,11529900.0
2018-01-31 14:01:44.766000,5.03,5.01,5.03,11529900.0
2018-01-31 14:01:47.639000,5.03,5.01,5.03,11529900.0
2018-01-31 14:01:50.474000,5.03,5.01,5.03,11529900.0
2018-01-31 14:01:53.328000,5.03,5.01,5.03,11529900.0
2018-01-31 14:01:56.340000,5.03,5.01,5.03,11529900.0
2018-01-31 14:01:59.299000,5.03,5.01,5.03,11529900.0
2018-01-31 14:02:02.326000,5.03,5.01,5.03,11529900.0
2018-01-31 14:02:05.407000,5.03,5.01,5.03,11529900.0
2018-01-31 14:02:08.456000,5.03,5.01,5.03,11529900.0
2018-01-31 14:02:11.626000,5.03,5.01,5.03,11529900.0
2018-01-31 14:02:14.656000,5.03,5.01,5.03,11529900.0
2018-01-31 14:02:17.486000,5.03,5.01,5.03,11529900.0
2018-01-31 14:02:20.429000,5.03,5.01,5.03,11529900.0
2018-01-31 14:02:23.327000,5.03,5.01,5.03,11529900.0
2018-01-31 14:02:26.169000,5.03,5.01,5.03,11529900.0
2018-01-31 14:02:28.925000,5.03,5.01,5.03,11529900.0
2018-01-31 14:02:31.953000,5.03,5.01,5.03,11529900.0
2018-01-31 14:02:34.904000,5.03,5.01,5.03,11529900.0
2018-01-31 14:02:37.800000,5.03,5.01,5.03,11529900.0
2018-01-31 14:02:40.703000,5.03,5.02,5.03,12235300.0
2018-01-31 14:02:43.707000,5.03,5.02,5.03,12235300.0
2018-01-31 14:02:46.937000,5.03,5.02,5.03,12235300.0
2018-01-31 14:02:49.858000,5.03,5.02,5.03,12235300.0
2018-01-31 14:02:52.899000,5.03,5.02,5.03,12235300.0
2018-01-31 14:02:55.871000,5.03,5.02,5.03,12235300.0
2018-01-31 14:02:58.972000,5.03,5.02,5.03,12235300.0
2018-01-31 14:03:02.217000,5.03,5.02,5.03,12235300.0
2018-01-31 14:03:05.361000,5.03,5.02,5.03,12235300.0
2018-01-31 14:03:08.227000,5.03,5.02,5.03,12235300.0
2018-01-31 14:03:11.074000,5.03,5.02,5.03,12235300.0
2018-01-31 14:03:13.925000,5.03,5.02,5.03,12235300.0
2018-01-31 14:03:16.826000,5.03,5.02,5.03,12235300.0
2018-01-31 14:03:19.695000,5.03,5.02,5.03,12235300.0
2018-01-31 14:03:23.003000,5.03,5.02,5.03,12235300.0
2018-01-31 14:03:25.885000,5.03,5.02,5.03,12235300.0
2018-01-31 14:03:28.639000,5.03,5.02,5.03,12235300.0
2018-01-31 14:03:31.673000,5.03,5.02,5.03,12235300.0
2018-01-31 14:03:34.786000,5.03,5.02,5.03,12235300.0
2018-01-31 14:03:37.738000,5.03,5.02,5.03,12235300.0
2018-01-31 14:03:40.643000,5.03,5.02,5.03,12235300.0
2018-01-31 14:03:43.649000,5.03,5.02,5.03,12235300.0
2018-01-31 14:03:46.514000,5.03,5.02,5.03,12235300.0
2018-01-31 14:03:49.488000,5.03,5.02,5.03,12235300.0
2018-01-31 14:03:52.343000,5.03,5.02,5.03,12235300.0
2018-01-31 14:03:55.268000,5.03,5.02,5.03,12235300.0
2018-01-31 14:03:58.227000,5.03,5.02,5.03,12235300.0
2018-01-31 14:04:01.103000,5.03,5.02,5.03,12235300.0
2018-01-31 14:04:03.958000,5.03,5.02,5.03,12235300.0
2018-01-31 14:04:06.894000,5.03,5.02,5.03,12235300.0
2018-01-31 14:04:09.762000,5.03,5.02,5.03,12235300.0
2018-01-31 14:04:13.135000,5.03,5.02,5.03,12235300.0
2018-01-31 14:04:16.219000,5.03,5.02,5.03,12235300.0
2018-01-31 14:04:19.332000,5.03,5.02,5.03,12235300.0
2018-01-31 14:04:22.267000,5.03,5.02,5.03,12235300.0
2018-01-31 14:04:25.261000,5.03,5.02,5.03,12235300.0
2018-01-31 14:04:31.876000,5.03,5.02,5.03,12235300.0
2018-01-31 14:04:34.735000,5.03,5.02,5.03,12235300.0
2018-01-31 14:04:37.659000,5.03,5.02,5.03,12235300.0
2018-01-31 14:04:40.499000,5.03,5.02,5.03,12235300.0
2018-01-31 14:04:43.394000,5.03,5.02,5.03,12235300.0
2018-01-31 14:04:46.190000,5.03,5.02,5.03,12235300.0
2018-01-31 14:04:49.192000,5.03,5.02,5.03,12235300.0
2018-01-31 14:04:52.083000,5.03,5.02,5.03,12235300.0
2018-01-31 14:04:54.925000,5.03,5.02,5.03,12235300.0
2018-01-31 14:04:57.894000,5.03,5.02,5.03,12235300.0
2018-01-31 14:05:00.742000,5.03,5.02,5.03,12235300.0
2018-01-31 14:05:03.741000,5.03,5.02,5.03,12235300.0
2018-01-31 14:05:06.673000,5.03,5.02,5.03,12235300.0
2018-01-31 14:05:09.533000,5.03,5.02,5.03,12235300.0
2018-01-31 14:05:12.299000,5.03,5.02,5.03,12235300.0
2018-01-31 14:05:15.150000,5.03,5.02,5.03,12235300.0
2018-01-31 14:05:18.271000,5.03,5.02,5.03,12235300.0
2018-01-31 14:05:21.503000,5.03,5.02,5.03,12235300.0
2018-01-31 14:05:24.362000,5.03,5.02,5.03,12235300.0
2018-01-31 14:05:27.267000,5.03,5.02,5.03,12235300.0
2018-01-31 14:05:30.236000,5.03,5.02,5.03,12235300.0
2018-01-31 14:05:33.206000,5.03,5.02,5.03,12235300.0
2018-01-31 14:05:36.239000,5.03,5.02,5.03,12235300.0
2018-01-31 14:05:39.242000,5.03,5.02,5.03,12235300.0
2018-01-31 14:05:42.116000,5.03,5.02,5.03,12235300.0
2018-01-31 14:05:45.027000,5.03,5.02,5.03,12235300.0
2018-01-31 14:05:48.069000,5.03,5.02,5.03,12235300.0
2018-01-31 14:05:51.005000,5.03,5.02,5.03,12235300.0
2018-01-31 14:05:54.134000,5.03,5.02,5.03,12235300.0
2018-01-31 14:05:57.126000,5.03,5.02,5.03,12235300.0
2018-01-31 14:05:59.933000,5.03,5.02,5.03,12235300.0
2018-01-31 14:06:02.785000,5.03,5.02,5.03,12235300.0
2018-01-31 14:06:05.769000,5.03,5.02,5.03,12235300.0
2018-01-31 14:06:08.662000,5.03,5.02,5.03,12235300.0
2018-01-31 14:06:11.598000,5.03,5.02,5.03,12235300.0
2018-01-31 14:06:14.790000,5.03,5.02,5.03,12235300.0
2018-01-31 14:06:17.670000,5.03,5.02,5.03,12235300.0
2018-01-31 14:06:20.571000,5.03,5.02,5.03,12235300.0
2018-01-31 14:06:23.475000,5.03,5.02,5.03,12235300.0
2018-01-31 14:06:26.378000,5.03,5.02,5.03,12235300.0
2018-01-31 14:06:29.500000,5.03,5.02,5.03,12434900.0
2018-01-31 14:06:32.410000,5.03,5.03,5.04,12434900.0
2018-01-31 14:06:35.305000,5.03,5.03,5.04,12434900.0
2018-01-31 14:06:38.350000,5.03,5.03,5.04,12434900.0
2018-01-31 14:06:41.521000,5.03,5.03,5.04,12434900.0
2018-01-31 14:06:44.305000,5.03,5.03,5.04,12434900.0
2018-01-31 14:06:47.457000,5.03,5.03,5.04,12434900.0
2018-01-31 14:06:50.476000,5.03,5.03,5.04,12434900.0
2018-01-31 14:06:53.318000,5.03,5.03,5.04,12434900.0
2018-01-31 14:06:56.378000,5.03,5.03,5.04,12434900.0
2018-01-31 14:06:59.197000,5.03,5.03,5.04,12434900.0
2018-01-31 14:07:02.286000,5.03,5.03,5.04,12434900.0
2018-01-31 14:07:05.199000,5.03,5.03,5.04,12434900.0
2018-01-31 14:07:08.208000,5.03,5.03,5.04,12434900.0
2018-01-31 14:07:11.241000,5.03,5.03,5.04,12434900.0
2018-01-31 14:07:14.212000,5.03,5.03,5.04,12434900.0
2018-01-31 14:07:17.242000,5.03,5.03,5.04,12434900.0
2018-01-31 14:07:20.148000,5.03,5.03,5.04,12434900.0
2018-01-31 14:07:23.037000,5.03,5.03,5.04,12434900.0
2018-01-31 14:07:25.895000,5.03,5.03,5.04,12434900.0
2018-01-31 14:07:29.161000,5.03,5.03,5.04,12434900.0
2018-01-31 14:07:32.292000,5.03,5.03,5.04,12434900.0
2018-01-31 14:07:35.452000,5.03,5.03,5.04,12434900.0
2018-01-31 14:07:38.608000,5.03,5.03,5.04,12434900.0
2018-01-31 14:07:41.567000,5.03,5.03,5.04,12434900.0
2018-01-31 14:07:44.701000,5.03,5.03,5.04,12434900.0
2018-01-31 14:07:47.680000,5.03,5.03,5.04,12434900.0
2018-01-31 14:07:50.740000,5.03,5.03,5.04,12434900.0
2018-01-31 14:07:53.726000,5.03,5.03,5.04,12434900.0
2018-01-31 14:07:56.646000,5.03,5.03,5.04,12434900.0
2018-01-31 14:07:59.477000,5.03,5.03,5.04,12434900.0
2018-01-31 14:08:02.382000,5.03,5.02,5.03,12443900.0
2018-01-31 14:08:05.297000,5.03,5.02,5.03,12443900.0
2018-01-31 14:08:08.321000,5.03,5.02,5.03,12443900.0
2018-01-31 14:08:11.380000,5.03,5.02,5.03,12443900.0
2018-01-31 14:08:14.565000,5.03,5.02,5.03,12443900.0
2018-01-31 14:08:17.381000,5.03,5.02,5.03,12443900.0
2018-01-31 14:08:20.128000,5.03,5.02,5.03,12443900.0
2018-01-31 14:08:23.020000,5.03,5.02,5.03,12443900.0
2018-01-31 14:08:26.167000,5.03,5.02,5.03,12443900.0
2018-01-31 14:08:28.994000,5.03,5.02,5.03,12443900.0
2018-01-31 14:08:31.929000,5.03,5.02,5.03,12443900.0
2018-01-31 14:08:34.881000,5.03,5.02,5.03,12443900.0
2018-01-31 14:08:37.724000,5.03,5.02,5.03,12443900.0
2018-01-31 14:08:40.852000,5.03,5.02,5.03,12443900.0
2018-01-31 14:08:43.733000,5.03,5.02,5.03,12443900.0
2018-01-31 14:08:46.632000,5.03,5.02,5.03,12443900.0
2018-01-31 14:08:49.912000,5.03,5.02,5.03,12443900.0
2018-01-31 14:08:52.795000,5.03,5.02,5.03,12443900.0
2018-01-31 14:08:55.608000,5.03,5.02,5.03,12443900.0
2018-01-31 14:08:58.673000,5.03,5.02,5.03,12443900.0
2018-01-31 14:09:01.601000,5.03,5.02,5.03,12443900.0
2018-01-31 14:09:04.748000,5.03,5.02,5.03,12443900.0
2018-01-31 14:09:07.663000,5.03,5.02,5.03,12443900.0
2018-01-31 14:09:10.666000,5.03,5.02,5.03,12443900.0
2018-01-31 14:09:13.574000,5.03,5.02,5.03,12443900.0
2018-01-31 14:09:16.728000,5.03,5.02,5.03,12443900.0
2018-01-31 14:09:19.631000,5.03,5.02,5.03,12443900.0
2018-01-31 14:09:22.554000,5.03,5.02,5.03,12443900.0
2018-01-31 14:09:25.651000,5.03,5.02,5.03,12443900.0
2018-01-31 14:09:28.726000,5.03,5.02,5.03,12443900.0
2018-01-31 14:09:31.726000,5.03,5.02,5.03,12443900.0
2018-01-31 14:09:34.611000,5.03,5.02,5.03,12443900.0
2018-01-31 14:09:37.633000,5.03,5.02,5.03,12443900.0
2018-01-31 14:09:40.605000,5.03,5.02,5.03,12443900.0
2018-01-31 14:09:47.307000,5.03,5.02,5.03,12443900.0
2018-01-31 14:09:50.234000,5.03,5.02,5.03,12443900.0
2018-01-31 14:09:53.056000,5.03,5.02,5.03,12443900.0
2018-01-31 14:09:56.023000,5.03,5.02,5.03,12443900.0
2018-01-31 14:09:58.932000,5.03,5.02,5.03,12443900.0
2018-01-31 14:10:01.760000,5.03,5.02,5.03,12443900.0
2018-01-31 14:10:04.731000,5.03,5.02,5.03,12443900.0
2018-01-31 14:10:07.700000,5.03,5.02,5.03,12443900.0
2018-01-31 14:10:10.695000,5.03,5.02,5.03,12443900.0
2018-01-31 14:10:13.716000,5.03,5.02,5.03,12443900.0
2018-01-31 14:10:16.584000,5.03,5.02,5.03,12443900.0
2018-01-31 14:10:19.727000,5.03,5.02,5.03,12443900.0
2018-01-31 14:10:22.697000,5.03,5.02,5.03,12443900.0
2018-01-31 14:10:25.505000,5.03,5.02,5.03,12443900.0
2018-01-31 14:10:28.497000,5.03,5.02,5.03,12443900.0
2018-01-31 14:10:31.368000,5.03,5.02,5.03,12443900.0
2018-01-31 14:10:34.308000,5.03,5.02,5.03,12443900.0
2018-01-31 14:10:37.243000,5.03,5.02,5.03,12443900.0
2018-01-31 14:10:40.257000,5.03,5.02,5.03,12443900.0
2018-01-31 14:10:43.216000,5.03,5.02,5.03,12470500.0
2018-01-31 14:10:46.309000,5.03,5.02,5.03,12470500.0
2018-01-31 14:10:49.198000,5.03,5.02,5.03,12470500.0
2018-01-31 14:10:52.167000,5.03,5.02,5.03,12470500.0
2018-01-31 14:10:55.336000,5.03,5.02,5.03,12470500.0
2018-01-31 14:10:58.701000,5.03,5.02,5.03,12470500.0
2018-01-31 14:11:01.546000,5.03,5.02,5.03,12470500.0
2018-01-31 14:11:04.467000,5.03,5.02,5.03,12470500.0
2018-01-31 14:11:07.402000,5.03,5.02,5.03,12470500.0
2018-01-31 14:11:10.515000,5.03,5.02,5.03,12470500.0
2018-01-31 14:11:13.478000,5.03,5.02,5.03,12470500.0
2018-01-31 14:11:16.372000,5.03,5.02,5.03,12470500.0
2018-01-31 14:11:19.288000,5.03,5.02,5.03,12470500.0
2018-01-31 14:11:22.091000,5.03,5.02,5.03,12470500.0
2018-01-31 14:11:25.251000,5.03,5.02,5.03,12470500.0
2018-01-31 14:11:28.269000,5.03,5.02,5.03,12470500.0
2018-01-31 14:11:31.197000,5.03,5.02,5.03,12470500.0
2018-01-31 14:11:34.107000,5.03,5.02,5.03,12470500.0
2018-01-31 14:11:37.153000,5.03,5.02,5.03,12470500.0
2018-01-31 14:11:41.154000,5.03,5.02,5.03,12470500.0
2018-01-31 14:11:44.814000,5.03,5.02,5.03,12494200.0
2018-01-31 14:11:48.013000,5.03,5.02,5.03,12494200.0
2018-01-31 14:11:51.253000,5.03,5.02,5.03,12494200.0
2018-01-31 14:11:54.283000,5.03,5.02,5.04,12494200.0
2018-01-31 14:11:57.526000,5.03,5.02,5.04,12494200.0
2018-01-31 14:12:00.800000,5.03,5.02,5.04,12494200.0
2018-01-31 14:12:03.914000,5.03,5.02,5.04,12494200.0
2018-01-31 14:12:07.245000,5.03,5.02,5.04,12494200.0
2018-01-31 14:12:10.559000,5.03,5.02,5.04,12494200.0
2018-01-31 14:12:13.967000,5.03,5.02,5.04,12494200.0
2018-01-31 14:12:16.990000,5.03,5.02,5.04,12494200.0
2018-01-31 14:12:20.171000,5.03,5.02,5.04,12494200.0
2018-01-31 14:12:23.242000,5.03,5.02,5.04,12494200.0
2018-01-31 14:12:26.480000,5.03,5.02,5.04,12494200.0
2018-01-31 14:12:29.672000,5.03,5.02,5.04,12494200.0
2018-01-31 14:12:32.917000,5.03,5.02,5.04,12494200.0
2018-01-31 14:12:36.340000,5.03,5.02,5.04,12494200.0
2018-01-31 14:12:39.436000,5.03,5.02,5.04,12494200.0
2018-01-31 14:12:42.593000,5.03,5.02,5.04,12494200.0
2018-01-31 14:12:45.668000,5.03,5.02,5.04,12494200.0
2018-01-31 14:12:48.841000,5.03,5.02,5.04,12494200.0
2018-01-31 14:12:51.873000,5.03,5.02,5.04,12494200.0
2018-01-31 14:12:54.884000,5.03,5.02,5.04,12494200.0
2018-01-31 14:12:57.966000,5.03,5.02,5.04,12494200.0
2018-01-31 14:13:01.072000,5.03,5.02,5.04,12494200.0
2018-01-31 14:13:04.341000,5.03,5.02,5.03,12494200.0
2018-01-31 14:13:07.560000,5.03,5.02,5.03,12494200.0
2018-01-31 14:13:10.870000,5.03,5.02,5.03,12494200.0
2018-01-31 14:13:14.483000,5.03,5.02,5.03,12494200.0
2018-01-31 14:13:17.637000,5.03,5.02,5.03,12494200.0
2018-01-31 14:13:20.985000,5.03,5.02,5.03,12494200.0
2018-01-31 14:13:24.206000,5.03,5.02,5.03,12494200.0
2018-01-31 14:13:27.481000,5.03,5.02,5.03,12494200.0
2018-01-31 14:13:30.625000,5.03,5.02,5.03,12494200.0
2018-01-31 14:13:33.925000,5.03,5.02,5.03,12494200.0
2018-01-31 14:13:37.078000,5.03,5.02,5.03,12494200.0
2018-01-31 14:13:40.671000,5.03,5.02,5.03,12494200.0
2018-01-31 14:13:43.771000,5.03,5.02,5.03,12494200.0
2018-01-31 14:13:48.201000,5.03,5.02,5.03,12494200.0
2018-01-31 14:13:51.604000,5.03,5.02,5.03,12494200.0
2018-01-31 14:13:54.982000,5.03,5.02,5.03,12494200.0
2018-01-31 14:13:58.288000,5.03,5.02,5.03,12494200.0
2018-01-31 14:14:01.455000,5.03,5.02,5.03,12494200.0
2018-01-31 14:14:04.563000,5.03,5.02,5.03,12494200.0
2018-01-31 14:14:07.670000,5.03,5.02,5.03,12494200.0
2018-01-31 14:14:11.236000,5.03,5.02,5.03,12494200.0
2018-01-31 14:14:15.109000,5.03,5.02,5.03,12494200.0
2018-01-31 14:14:18.409000,5.03,5.02,5.03,12494200.0
2018-01-31 14:14:21.443000,5.03,5.02,5.03,12494200.0
2018-01-31 14:14:24.818000,5.03,5.02,5.03,12494200.0
2018-01-31 14:14:28.025000,5.04,5.02,5.04,12594200.0
2018-01-31 14:14:31.159000,5.04,5.02,5.04,12594200.0
2018-01-31 14:14:34.328000,5.04,5.02,5.04,12594200.0
2018-01-31 14:14:37.564000,5.04,5.02,5.04,12594200.0
2018-01-31 14:14:40.754000,5.04,5.02,5.04,12594200.0
2018-01-31 14:14:44.389000,5.04,5.02,5.04,12594200.0
2018-01-31 14:14:47.735000,5.04,5.02,5.04,12594200.0
2018-01-31 14:14:50.959000,5.04,5.02,5.04,12594200.0
2018-01-31 14:14:54.017000,5.04,5.02,5.04,12594200.0
2018-01-31 14:14:57.074000,5.04,5.02,5.04,12594200.0
2018-01-31 14:15:00.252000,5.04,5.02,5.04,12594200.0
2018-01-31 14:15:03.546000,5.04,5.02,5.04,12594200.0
2018-01-31 14:15:06.706000,5.04,5.02,5.04,12594200.0
2018-01-31 14:15:09.781000,5.04,5.02,5.04,12594200.0
2018-01-31 14:15:12.704000,5.04,5.02,5.04,12594200.0
2018-01-31 14:15:15.684000,5.04,5.02,5.04,12594200.0
2018-01-31 14:15:18.707000,5.04,5.02,5.04,12594200.0
2018-01-31 14:15:21.814000,5.04,5.02,5.04,12594200.0
2018-01-31 14:15:24.815000,5.04,5.02,5.04,12594200.0
2018-01-31 14:15:27.768000,5.04,5.02,5.04,12594200.0
2018-01-31 14:15:30.877000,5.04,5.02,5.04,12594200.0
2018-01-31 14:15:34.381000,5.04,5.02,5.04,12594200.0
2018-01-31 14:15:37.392000,5.04,5.02,5.04,12594200.0
2018-01-31 14:15:40.723000,5.04,5.02,5.04,12594200.0
2018-01-31 14:15:43.897000,5.04,5.02,5.04,12594200.0
2018-01-31 14:15:47.019000,5.04,5.02,5.04,12594200.0
2018-01-31 14:15:50.144000,5.04,5.02,5.04,12594200.0
2018-01-31 14:15:53.166000,5.04,5.02,5.04,12594200.0
2018-01-31 14:15:56.293000,5.04,5.02,5.04,12594200.0
2018-01-31 14:15:59.972000,5.04,5.02,5.04,12594200.0
2018-01-31 14:16:02.908000,5.04,5.02,5.04,12594200.0
2018-01-31 14:16:06.071000,5.04,5.02,5.04,12594200.0
2018-01-31 14:16:09.146000,5.04,5.02,5.04,12594200.0
2018-01-31 14:16:12.253000,5.04,5.02,5.04,12594200.0
2018-01-31 14:16:15.549000,5.04,5.02,5.04,12594200.0
2018-01-31 14:16:18.800000,5.04,5.02,5.04,12594200.0
2018-01-31 14:16:22.329000,5.04,5.03,5.04,12802300.0
2018-01-31 14:16:25.629000,5.04,5.03,5.04,12802300.0
2018-01-31 14:16:28.994000,5.04,5.03,5.04,12802300.0
2018-01-31 14:16:32.228000,5.04,5.03,5.04,12802300.0
2018-01-31 14:16:35.362000,5.04,5.03,5.04,12802300.0
2018-01-31 14:16:38.534000,5.04,5.03,5.04,12802300.0
2018-01-31 14:16:41.909000,5.04,5.03,5.04,12802300.0
2018-01-31 14:16:45.280000,5.04,5.03,5.04,12802300.0
2018-01-31 14:16:48.802000,5.04,5.03,5.04,12802300.0
2018-01-31 14:16:52.097000,5.04,5.03,5.04,12802300.0
2018-01-31 14:16:55.251000,5.04,5.03,5.04,12802300.0
2018-01-31 14:16:58.339000,5.04,5.03,5.04,12802300.0
2018-01-31 14:17:01.492000,5.04,5.03,5.04,12802300.0
2018-01-31 14:17:05.475000,5.04,5.03,5.04,12802300.0
2018-01-31 14:17:08.762000,5.04,5.03,5.04,12802300.0
2018-01-31 14:17:11.852000,5.04,5.03,5.04,12802300.0
2018-01-31 14:17:15.076000,5.04,5.03,5.04,12802300.0
2018-01-31 14:17:18.416000,5.04,5.03,5.04,12802300.0
2018-01-31 14:17:21.492000,5.04,5.03,5.04,12802300.0
2018-01-31 14:17:24.708000,5.04,5.03,5.04,12818300.0
2018-01-31 14:17:28.061000,5.04,5.03,5.04,12818300.0
2018-01-31 14:17:31.303000,5.04,5.03,5.04,12818300.0
2018-01-31 14:17:34.523000,5.04,5.03,5.04,12818300.0
2018-01-31 14:17:37.597000,5.04,5.03,5.04,12818300.0
2018-01-31 14:17:40.789000,5.04,5.03,5.04,12818300.0
2018-01-31 14:17:43.909000,5.04,5.03,5.04,12818300.0
2018-01-31 14:17:47.382000,5.04,5.03,5.04,12818300.0
2018-01-31 14:17:50.570000,5.04,5.03,5.04,12818300.0
2018-01-31 14:17:53.741000,5.04,5.03,5.04,12818300.0
2018-01-31 14:17:57.104000,5.04,5.03,5.04,12818300.0
2018-01-31 14:18:00.610000,5.04,5.03,5.04,12818300.0
2018-01-31 14:18:04.821000,5.04,5.03,5.04,12818300.0
2018-01-31 14:18:08.442000,5.04,5.03,5.04,12818300.0
2018-01-31 14:18:12.042000,5.03,5.02,5.04,12831300.0
2018-01-31 14:18:15.509000,5.03,5.02,5.04,12831300.0
2018-01-31 14:18:18.504000,5.03,5.02,5.04,12831300.0
2018-01-31 14:18:21.679000,5.03,5.02,5.04,12831300.0
2018-01-31 14:18:25.048000,5.03,5.03,5.04,12831300.0
2018-01-31 14:18:28.085000,5.03,5.03,5.04,12831300.0
2018-01-31 14:18:31.279000,5.03,5.03,5.04,12831300.0
2018-01-31 14:18:34.335000,5.03,5.03,5.04,12831300.0
2018-01-31 14:18:37.562000,5.03,5.03,5.04,12831300.0
2018-01-31 14:18:41.022000,5.03,5.03,5.04,12831300.0
2018-01-31 14:18:44.351000,5.03,5.03,5.04,12831300.0
2018-01-31 14:18:47.426000,5.03,5.03,5.04,12831300.0
2018-01-31 14:18:50.358000,5.03,5.03,5.04,12831300.0
2018-01-31 14:18:53.636000,5.03,5.03,5.04,12831300.0
2018-01-31 14:18:56.780000,5.03,5.03,5.04,12831300.0
2018-01-31 14:18:59.907000,5.03,5.03,5.04,12831300.0
2018-01-31 14:19:03.164000,5.03,5.03,5.04,12831300.0
2018-01-31 14:19:06.311000,5.03,5.03,5.04,12831300.0
2018-01-31 14:19:09.321000,5.03,5.03,5.04,12831300.0
2018-01-31 14:19:12.476000,5.03,5.03,5.04,12831300.0
2018-01-31 14:19:15.913000,5.03,5.03,5.04,12831300.0
2018-01-31 14:19:19.038000,5.03,5.03,5.04,12831300.0
2018-01-31 14:19:22.185000,5.03,5.03,5.04,12831300.0
2018-01-31 14:19:25.610000,5.03,5.02,5.04,12831300.0
2018-01-31 14:19:28.727000,5.03,5.02,5.04,12831300.0
2018-01-31 14:19:31.845000,5.03,5.02,5.04,12831300.0
2018-01-31 14:19:35.150000,5.03,5.02,5.04,12831300.0
2018-01-31 14:19:38.454000,5.03,5.02,5.04,12831300.0
2018-01-31 14:19:41.552000,5.03,5.02,5.04,12831300.0
2018-01-31 14:19:44.806000,5.03,5.02,5.04,12831300.0
2018-01-31 14:19:47.866000,5.03,5.02,5.04,12831300.0
2018-01-31 14:19:50.960000,5.03,5.02,5.04,12831300.0
2018-01-31 14:19:54.041000,5.03,5.02,5.04,12831300.0
2018-01-31 14:19:57.079000,5.03,5.02,5.04,12831300.0
2018-01-31 14:20:00.341000,5.03,5.02,5.04,12831300.0
2018-01-31 14:20:03.320000,5.03,5.02,5.04,12831300.0
2018-01-31 14:20:06.392000,5.03,5.02,5.04,12831300.0
2018-01-31 14:20:09.619000,5.03,5.02,5.04,12831300.0
2018-01-31 14:20:13.587000,5.03,5.02,5.04,12831300.0
2018-01-31 14:20:18.087000,5.03,5.02,5.04,12831300.0
2018-01-31 14:20:21.266000,5.03,5.02,5.04,12831300.0
2018-01-31 14:20:24.455000,5.03,5.02,5.04,12831300.0
2018-01-31 14:20:27.434000,5.03,5.02,5.04,12831300.0
2018-01-31 14:20:30.800000,5.03,5.02,5.04,12831300.0
2018-01-31 14:20:33.925000,5.03,5.02,5.04,12831300.0
2018-01-31 14:20:37.086000,5.03,5.02,5.04,12831300.0
2018-01-31 14:20:40.356000,5.03,5.02,5.04,12831300.0
2018-01-31 14:20:43.604000,5.03,5.02,5.04,12831300.0
2018-01-31 14:20:46.868000,5.03,5.02,5.04,12831300.0
2018-01-31 14:20:49.902000,5.03,5.02,5.04,12831300.0
2018-01-31 14:20:53.119000,5.03,5.02,5.04,12831300.0
2018-01-31 14:20:56.260000,5.03,5.02,5.04,12831300.0
2018-01-31 14:20:59.418000,5.03,5.02,5.04,12831300.0
2018-01-31 14:21:02.639000,5.03,5.02,5.04,12831300.0
2018-01-31 14:21:05.913000,5.03,5.02,5.04,12831300.0
2018-01-31 14:21:09.215000,5.03,5.02,5.04,12831300.0
2018-01-31 14:21:12.346000,5.03,5.02,5.04,12831300.0
2018-01-31 14:21:15.402000,5.03,5.02,5.04,12831300.0
2018-01-31 14:21:18.479000,5.03,5.02,5.04,12831300.0
2018-01-31 14:21:21.358000,5.03,5.02,5.04,12831300.0
2018-01-31 14:21:24.487000,5.03,5.02,5.04,12831300.0
2018-01-31 14:21:27.510000,5.03,5.02,5.04,12831300.0
2018-01-31 14:21:30.762000,5.03,5.02,5.04,12831300.0
2018-01-31 14:21:33.823000,5.03,5.02,5.04,12831300.0
2018-01-31 14:21:37.075000,5.03,5.02,5.04,12831300.0
2018-01-31 14:21:40.155000,5.03,5.02,5.04,12831300.0
2018-01-31 14:21:43.261000,5.03,5.02,5.04,12831300.0
2018-01-31 14:21:46.336000,5.03,5.02,5.04,12831300.0
2018-01-31 14:21:49.552000,5.03,5.02,5.04,12831300.0
2018-01-31 14:21:52.684000,5.03,5.02,5.04,12831300.0
2018-01-31 14:21:55.936000,5.03,5.02,5.04,12831300.0
2018-01-31 14:21:59.187000,5.03,5.02,5.04,12831300.0
2018-01-31 14:22:02.294000,5.03,5.02,5.04,12831300.0
2018-01-31 14:22:05.643000,5.03,5.02,5.04,12831300.0
2018-01-31 14:22:08.822000,5.03,5.02,5.04,12831300.0
2018-01-31 14:22:12.156000,5.03,5.02,5.04,12831300.0
2018-01-31 14:22:15.368000,5.03,5.02,5.04,12831300.0
2018-01-31 14:22:18.589000,5.03,5.02,5.04,12831300.0
2018-01-31 14:22:21.743000,5.03,5.02,5.04,12831300.0
2018-01-31 14:22:24.917000,5.03,5.02,5.04,12831300.0
2018-01-31 14:22:28.058000,5.03,5.02,5.04,12831300.0
2018-01-31 14:22:31.310000,5.03,5.02,5.04,12831300.0
2018-01-31 14:22:34.545000,5.03,5.02,5.04,12831300.0
2018-01-31 14:22:37.656000,5.03,5.02,5.04,12831300.0
2018-01-31 14:22:40.605000,5.03,5.02,5.04,12831300.0
2018-01-31 14:22:43.746000,5.03,5.02,5.04,12831300.0
2018-01-31 14:22:46.777000,5.03,5.02,5.04,12831300.0
2018-01-31 14:22:49.874000,5.03,5.02,5.04,12831300.0
2018-01-31 14:22:52.902000,5.03,5.02,5.04,12831300.0
2018-01-31 14:22:56.046000,5.03,5.02,5.04,12831300.0
2018-01-31 14:22:59.202000,5.03,5.02,5.04,12831300.0
2018-01-31 14:23:02.533000,5.03,5.02,5.04,12831300.0
2018-01-31 14:23:05.685000,5.03,5.02,5.04,12831300.0
2018-01-31 14:23:08.863000,5.03,5.02,5.04,12831300.0
2018-01-31 14:23:12.030000,5.03,5.02,5.04,12831300.0
2018-01-31 14:23:16.057000,5.03,5.02,5.04,12831300.0
2018-01-31 14:23:22.323000,5.03,5.02,5.04,12831300.0
2018-01-31 14:23:25.453000,5.03,5.02,5.04,12831300.0
2018-01-31 14:23:28.625000,5.03,5.02,5.04,12831300.0
2018-01-31 14:23:31.883000,5.03,5.02,5.04,12831300.0
2018-01-31 14:23:35.076000,5.03,5.02,5.04,12831300.0
2018-01-31 14:23:38.327000,5.03,5.02,5.04,12831300.0
2018-01-31 14:23:41.388000,5.03,5.02,5.04,12831300.0
2018-01-31 14:23:48.372000,5.03,5.02,5.04,12831300.0
2018-01-31 14:23:56.130000,5.03,5.02,5.04,12831300.0
2018-01-31 14:24:06.453000,5.03,5.02,5.04,12831300.0
2018-01-31 14:24:15.141000,5.03,5.02,5.04,12831300.0
2018-01-31 14:24:23.279000,5.03,5.03,5.04,12831300.0
2018-01-31 14:24:27.178000,5.03,5.03,5.04,12831300.0
2018-01-31 14:24:31.098000,5.03,5.03,5.04,12831300.0
2018-01-31 14:24:33.986000,5.03,5.03,5.04,12831300.0
2018-01-31 14:24:37.100000,5.03,5.03,5.04,12831300.0
2018-01-31 14:24:40.450000,5.03,5.03,5.04,12831300.0
2018-01-31 14:24:44.520000,5.03,5.03,5.04,12831300.0
2018-01-31 14:24:48.640000,5.03,5.03,5.04,12831300.0
2018-01-31 14:24:55.930000,5.03,5.03,5.04,12831300.0
2018-01-31 14:24:59.346000,5.03,5.03,5.04,12831300.0
2018-01-31 14:25:02.549000,5.03,5.03,5.04,12831300.0
2018-01-31 14:25:05.706000,5.03,5.03,5.04,12831300.0
2018-01-31 14:25:09.595000,5.03,5.03,5.04,12831300.0
2018-01-31 14:25:12.723000,5.03,5.03,5.04,12831300.0
2018-01-31 14:25:15.832000,5.03,5.03,5.04,12831300.0
2018-01-31 14:25:19.253000,5.03,5.03,5.04,12831300.0
2018-01-31 14:25:22.852000,5.03,5.03,5.04,12831300.0
2018-01-31 14:25:26.242000,5.03,5.03,5.04,12831300.0
2018-01-31 14:25:29.351000,5.03,5.03,5.04,12831300.0
2018-01-31 14:25:32.723000,5.03,5.03,5.04,12831300.0
2018-01-31 14:25:36.005000,5.03,5.03,5.04,12831300.0
2018-01-31 14:25:39.162000,5.03,5.03,5.04,12831300.0
2018-01-31 14:25:42.255000,5.03,5.03,5.04,12831300.0
2018-01-31 14:25:45.943000,5.03,5.03,5.04,12831300.0
2018-01-31 14:25:49.315000,5.03,5.03,5.04,12831300.0
2018-01-31 14:25:52.443000,5.03,5.03,5.04,12831300.0
2018-01-31 14:25:55.566000,5.03,5.03,5.04,12831300.0
2018-01-31 14:25:59.206000,5.03,5.03,5.04,12831300.0
2018-01-31 14:26:02.501000,5.03,5.03,5.04,12831300.0
2018-01-31 14:26:05.694000,5.03,5.03,5.04,12831300.0
2018-01-31 14:26:08.891000,5.03,5.03,5.04,12831300.0
2018-01-31 14:26:11.967000,5.03,5.03,5.04,12831300.0
2018-01-31 14:26:15.097000,5.03,5.03,5.04,12831300.0
2018-01-31 14:26:18.120000,5.03,5.03,5.04,12831300.0
2018-01-31 14:26:21.271000,5.03,5.03,5.04,12831300.0
2018-01-31 14:26:24.783000,5.03,5.03,5.04,12831300.0
2018-01-31 14:26:27.915000,5.03,5.03,5.04,12831300.0
2018-01-31 14:26:31.096000,5.03,5.03,5.04,12831300.0
2018-01-31 14:26:34.565000,5.03,5.03,5.04,12831300.0
2018-01-31 14:26:37.772000,5.03,5.03,5.04,12831300.0
2018-01-31 14:26:40.927000,5.03,5.03,5.04,12831300.0
2018-01-31 14:26:44.199000,5.03,5.03,5.04,12831300.0
2018-01-31 14:26:47.375000,5.03,5.03,5.04,12831300.0
2018-01-31 14:26:50.397000,5.03,5.03,5.04,12831300.0
2018-01-31 14:26:53.923000,5.03,5.03,5.04,12831300.0
2018-01-31 14:26:57.117000,5.03,5.03,5.04,12833300.0
2018-01-31 14:27:00.336000,5.03,5.03,5.04,12833300.0
2018-01-31 14:27:03.425000,5.03,5.03,5.04,12833300.0
2018-01-31 14:27:06.771000,5.03,5.03,5.04,12833300.0
2018-01-31 14:27:09.990000,5.03,5.03,5.04,12833300.0
2018-01-31 14:27:13.424000,5.03,5.03,5.04,12833300.0
2018-01-31 14:27:16.451000,5.03,5.03,5.04,12835600.0
2018-01-31 14:27:19.550000,5.03,5.03,5.04,12835600.0
2018-01-31 14:27:22.873000,5.03,5.03,5.04,12835600.0
2018-01-31 14:27:26.163000,5.03,5.02,5.03,12835600.0
2018-01-31 14:27:29.286000,5.03,5.02,5.03,12835600.0
2018-01-31 14:27:32.724000,5.03,5.02,5.03,12835600.0
2018-01-31 14:27:35.930000,5.03,5.02,5.03,12835600.0
2018-01-31 14:27:39.040000,5.03,5.02,5.03,12835600.0
2018-01-31 14:27:42.324000,5.03,5.02,5.03,12835600.0
2018-01-31 14:27:45.878000,5.03,5.02,5.03,12835600.0
2018-01-31 14:27:48.990000,5.03,5.02,5.03,12835600.0
2018-01-31 14:27:52.440000,5.03,5.02,5.03,12835600.0
2018-01-31 14:27:55.773000,5.03,5.02,5.03,12835600.0
2018-01-31 14:27:59.040000,5.03,5.02,5.03,12835600.0
2018-01-31 14:28:02.149000,5.03,5.02,5.03,12835600.0
2018-01-31 14:28:05.265000,5.03,5.02,5.03,12835600.0
2018-01-31 14:28:08.355000,5.03,5.02,5.03,12835600.0
2018-01-31 14:28:11.651000,5.03,5.02,5.03,12835600.0
2018-01-31 14:28:15.042000,5.03,5.02,5.03,12835600.0
2018-01-31 14:28:18.269000,5.03,5.02,5.03,12835600.0
2018-01-31 14:28:21.601000,5.03,5.02,5.03,12835600.0
2018-01-31 14:28:24.662000,5.03,5.02,5.03,12835600.0
2018-01-31 14:28:27.684000,5.03,5.02,5.03,12835600.0
2018-01-31 14:28:30.757000,5.03,5.02,5.03,12835600.0
2018-01-31 14:28:33.973000,5.03,5.02,5.03,12835600.0
2018-01-31 14:28:36.976000,5.03,5.02,5.03,12835600.0
2018-01-31 14:28:39.899000,5.03,5.02,5.03,12835600.0
2018-01-31 14:28:42.740000,5.03,5.02,5.03,12835600.0
2018-01-31 14:28:45.709000,5.03,5.02,5.03,12835600.0
2018-01-31 14:28:48.741000,5.03,5.02,5.03,12835600.0
2018-01-31 14:28:51.763000,5.03,5.02,5.03,12835600.0
2018-01-31 14:28:54.618000,5.03,5.02,5.03,12835600.0
2018-01-31 14:28:57.507000,5.03,5.02,5.03,12835600.0
2018-01-31 14:29:00.399000,5.03,5.02,5.03,12835600.0
2018-01-31 14:29:03.335000,5.03,5.02,5.03,12835600.0
2018-01-31 14:29:06.463000,5.03,5.02,5.03,12835600.0
2018-01-31 14:29:09.523000,5.03,5.02,5.03,12835600.0
2018-01-31 14:29:12.558000,5.03,5.02,5.03,12835600.0
2018-01-31 14:29:15.640000,5.03,5.02,5.03,12835600.0
2018-01-31 14:29:18.522000,5.03,5.02,5.03,12835600.0
2018-01-31 14:29:21.540000,5.03,5.02,5.03,12835600.0
2018-01-31 14:29:24.552000,5.03,5.02,5.03,12835600.0
2018-01-31 14:29:27.722000,5.03,5.02,5.03,12835600.0
2018-01-31 14:29:30.992000,5.03,5.02,5.03,12835600.0
2018-01-31 14:29:34.085000,5.03,5.02,5.03,12835600.0
2018-01-31 14:29:37.182000,5.03,5.02,5.03,12835600.0
2018-01-31 14:29:40.068000,5.03,5.02,5.03,12835600.0
2018-01-31 14:29:43.259000,5.03,5.02,5.03,12835600.0
2018-01-31 14:29:46.206000,5.03,5.02,5.03,12835600.0
2018-01-31 14:29:49.290000,5.03,5.02,5.03,12835600.0
2018-01-31 14:29:52.450000,5.03,5.02,5.03,12835600.0
2018-01-31 14:29:55.570000,5.03,5.02,5.03,12835600.0
2018-01-31 14:29:58.554000,5.03,5.02,5.03,12835600.0
2018-01-31 14:30:01.682000,5.03,5.02,5.03,12835600.0
2018-01-31 14:30:04.743000,5.03,5.02,5.03,12835600.0
2018-01-31 14:30:07.773000,5.03,5.02,5.03,12835600.0
2018-01-31 14:30:10.640000,5.03,5.02,5.03,12835600.0
2018-01-31 14:30:13.602000,5.03,5.02,5.03,12835600.0
2018-01-31 14:30:16.543000,5.03,5.02,5.03,12835600.0
2018-01-31 14:30:19.899000,5.03,5.02,5.03,12835600.0
2018-01-31 14:30:22.791000,5.03,5.02,5.03,12835600.0
2018-01-31 14:30:26.174000,5.03,5.02,5.03,12835600.0
2018-01-31 14:30:29.137000,5.03,5.02,5.03,12835600.0
2018-01-31 14:30:32.566000,5.03,5.02,5.03,12835600.0
2018-01-31 14:30:35.774000,5.03,5.02,5.03,12835600.0
2018-01-31 14:30:38.852000,5.03,5.02,5.03,12835600.0
2018-01-31 14:30:42.621000,5.03,5.02,5.03,12835600.0
2018-01-31 14:30:45.991000,5.03,5.02,5.03,12835600.0
2018-01-31 14:30:49.134000,5.03,5.02,5.03,12835600.0
2018-01-31 14:30:52.282000,5.03,5.02,5.03,12835600.0
2018-01-31 14:30:55.334000,5.03,5.02,5.03,12835600.0
2018-01-31 14:30:58.634000,5.03,5.02,5.03,12835600.0
2018-01-31 14:31:02.110000,5.03,5.02,5.03,12835600.0
2018-01-31 14:31:05.261000,5.03,5.02,5.03,12835700.0
2018-01-31 14:31:08.431000,5.03,5.02,5.03,12835700.0
2018-01-31 14:31:11.871000,5.03,5.02,5.03,12835700.0
2018-01-31 14:31:15.162000,5.03,5.02,5.03,12835700.0
2018-01-31 14:31:18.401000,5.03,5.02,5.03,12835700.0
2018-01-31 14:31:21.526000,5.03,5.02,5.03,12835700.0
2018-01-31 14:31:24.838000,5.03,5.02,5.03,12835700.0
2018-01-31 14:31:27.999000,5.03,5.02,5.03,12835700.0
2018-01-31 14:31:31.372000,5.03,5.02,5.03,12835700.0
2018-01-31 14:31:34.574000,5.03,5.02,5.03,12835700.0
2018-01-31 14:31:37.485000,5.03,5.02,5.03,12835700.0
2018-01-31 14:31:40.544000,5.03,5.02,5.03,12835700.0
2018-01-31 14:31:43.821000,5.03,5.02,5.03,12835700.0
2018-01-31 14:31:46.932000,5.03,5.02,5.03,12835700.0
2018-01-31 14:31:50.153000,5.03,5.02,5.03,12835700.0
2018-01-31 14:31:53.553000,5.03,5.02,5.03,12835700.0
2018-01-31 14:31:56.497000,5.03,5.02,5.03,12835700.0
2018-01-31 14:31:59.714000,5.03,5.02,5.03,12835700.0
2018-01-31 14:32:02.815000,5.03,5.02,5.03,12835700.0
2018-01-31 14:32:06.045000,5.03,5.02,5.03,12835700.0
2018-01-31 14:32:08.995000,5.03,5.02,5.03,12835700.0
2018-01-31 14:32:11.982000,5.03,5.02,5.03,12835700.0
2018-01-31 14:32:15.098000,5.03,5.02,5.03,12835700.0
2018-01-31 14:32:18.532000,5.03,5.02,5.03,12835700.0
2018-01-31 14:32:21.789000,5.03,5.02,5.03,12835700.0
2018-01-31 14:32:24.913000,5.03,5.02,5.03,12835700.0
2018-01-31 14:32:27.935000,5.03,5.02,5.03,12835700.0
2018-01-31 14:32:31.198000,5.03,5.02,5.03,12835700.0
2018-01-31 14:32:34.186000,5.03,5.02,5.03,12835700.0
2018-01-31 14:32:37.626000,5.03,5.02,5.03,12835700.0
2018-01-31 14:32:40.626000,5.03,5.02,5.03,12835700.0
2018-01-31 14:32:43.629000,5.03,5.02,5.03,12835700.0
2018-01-31 14:32:46.656000,5.03,5.02,5.03,12835700.0
2018-01-31 14:32:49.950000,5.03,5.02,5.03,12835700.0
2018-01-31 14:32:53.106000,5.03,5.02,5.03,12835700.0
2018-01-31 14:32:56.172000,5.03,5.02,5.03,12835700.0
2018-01-31 14:32:59.141000,5.03,5.02,5.03,12835700.0
2018-01-31 14:33:02.390000,5.03,5.02,5.03,12835700.0
2018-01-31 14:33:05.594000,5.03,5.02,5.03,12835700.0
2018-01-31 14:33:08.679000,5.03,5.02,5.03,12835700.0
2018-01-31 14:33:11.921000,5.03,5.02,5.03,12835700.0
2018-01-31 14:33:15.032000,5.03,5.02,5.03,12835700.0
2018-01-31 14:33:18.036000,5.03,5.02,5.03,12835700.0
2018-01-31 14:33:21.312000,5.03,5.02,5.03,12835700.0
2018-01-31 14:33:24.450000,5.03,5.02,5.03,12835700.0
2018-01-31 14:33:28.010000,5.03,5.02,5.03,12835700.0
2018-01-31 14:33:31.043000,5.03,5.02,5.03,12835700.0
2018-01-31 14:33:34.281000,5.03,5.02,5.03,12835700.0
2018-01-31 14:33:37.341000,5.03,5.02,5.03,12835700.0
2018-01-31 14:33:40.389000,5.03,5.02,5.03,12835700.0
2018-01-31 14:33:44.422000,5.03,5.02,5.03,12835700.0
2018-01-31 14:33:47.629000,5.03,5.02,5.03,12835700.0
2018-01-31 14:33:50.618000,5.03,5.02,5.03,12835700.0
2018-01-31 14:33:53.712000,5.03,5.02,5.03,12835700.0
2018-01-31 14:33:57.032000,5.03,5.02,5.03,12835700.0
2018-01-31 14:34:01.567000,5.03,5.02,5.03,12835700.0
2018-01-31 14:34:04.687000,5.03,5.02,5.03,12835700.0
2018-01-31 14:34:07.975000,5.03,5.02,5.03,12835700.0
2018-01-31 14:34:10.866000,5.03,5.02,5.03,12835700.0
2018-01-31 14:34:13.839000,5.03,5.02,5.03,12835700.0
2018-01-31 14:34:17.049000,5.03,5.02,5.03,12835700.0
2018-01-31 14:34:20.109000,5.03,5.02,5.03,12835700.0
2018-01-31 14:34:23.422000,5.03,5.02,5.03,12835700.0
2018-01-31 14:34:26.611000,5.02,5.02,5.03,12845700.0
2018-01-31 14:34:29.594000,5.02,5.02,5.03,12845700.0
2018-01-31 14:34:32.889000,5.02,5.02,5.03,12845700.0
2018-01-31 14:34:36.360000,5.02,5.02,5.03,12845700.0
2018-01-31 14:34:39.577000,5.02,5.02,5.03,12845700.0
2018-01-31 14:34:43.243000,5.02,5.02,5.03,12845700.0
2018-01-31 14:34:46.324000,5.02,5.02,5.03,12845700.0
2018-01-31 14:34:49.537000,5.02,5.02,5.03,12845700.0
2018-01-31 14:34:52.604000,5.02,5.02,5.03,12845700.0
2018-01-31 14:34:55.956000,5.02,5.02,5.03,12845700.0
2018-01-31 14:34:59.015000,5.02,5.02,5.03,12845700.0
2018-01-31 14:35:02.348000,5.02,5.02,5.03,12845700.0
2018-01-31 14:35:05.503000,5.02,5.02,5.03,12845700.0
2018-01-31 14:35:09.079000,5.02,5.02,5.03,12845700.0
2018-01-31 14:35:12.066000,5.02,5.02,5.03,12845700.0
2018-01-31 14:35:15.342000,5.02,5.01,5.02,13064800.0
2018-01-31 14:35:18.365000,5.02,5.01,5.02,13064800.0
2018-01-31 14:35:21.522000,5.02,5.01,5.02,13064800.0
2018-01-31 14:35:24.640000,5.02,5.01,5.02,13064800.0
2018-01-31 14:35:28.519000,5.02,5.02,5.03,13065300.0
2018-01-31 14:35:31.702000,5.02,5.02,5.03,13065300.0
2018-01-31 14:35:34.845000,5.02,5.02,5.03,13065300.0
2018-01-31 14:35:37.786000,5.02,5.02,5.03,13065300.0
2018-01-31 14:35:40.830000,5.02,5.02,5.03,13065300.0
2018-01-31 14:35:43.971000,5.02,5.02,5.03,13065300.0
2018-01-31 14:35:47.412000,5.02,5.02,5.03,13065300.0
2018-01-31 14:35:50.565000,5.02,5.01,5.03,13065300.0
2018-01-31 14:35:53.600000,5.02,5.01,5.03,13065300.0
2018-01-31 14:35:56.690000,5.02,5.01,5.03,13065300.0
2018-01-31 14:35:59.845000,5.02,5.01,5.03,13065300.0
2018-01-31 14:36:02.910000,5.02,5.01,5.03,13065300.0
2018-01-31 14:36:06.062000,5.02,5.01,5.03,13065300.0
2018-01-31 14:36:09.313000,5.02,5.01,5.03,13065300.0
2018-01-31 14:36:12.397000,5.02,5.01,5.03,13065300.0
2018-01-31 14:36:15.603000,5.02,5.01,5.03,13065300.0
2018-01-31 14:36:18.621000,5.02,5.01,5.03,13065300.0
2018-01-31 14:36:21.684000,5.02,5.01,5.03,13065300.0
2018-01-31 14:36:24.891000,5.02,5.01,5.03,13065300.0
2018-01-31 14:36:28.047000,5.02,5.01,5.03,13065300.0
2018-01-31 14:36:30.953000,5.02,5.01,5.03,13065300.0
2018-01-31 14:36:34.157000,5.02,5.01,5.03,13065300.0
2018-01-31 14:36:37.254000,5.02,5.01,5.03,13065300.0
2018-01-31 14:36:40.314000,5.02,5.01,5.03,13065300.0
2018-01-31 14:36:43.335000,5.02,5.01,5.03,13065300.0
2018-01-31 14:36:46.376000,5.02,5.01,5.03,13065300.0
2018-01-31 14:36:49.406000,5.02,5.01,5.03,13065300.0
2018-01-31 14:36:52.554000,5.02,5.01,5.03,13065300.0
2018-01-31 14:36:55.762000,5.02,5.01,5.03,13065300.0
2018-01-31 14:36:58.785000,5.02,5.01,5.03,13065300.0
2018-01-31 14:37:01.880000,5.02,5.01,5.03,13065300.0
2018-01-31 14:37:05.095000,5.02,5.01,5.03,13065300.0
2018-01-31 14:37:08.378000,5.02,5.01,5.03,13065300.0
2018-01-31 14:37:11.176000,5.02,5.01,5.03,13065300.0
2018-01-31 14:37:14.189000,5.02,5.01,5.03,13065300.0
2018-01-31 14:37:17.352000,5.02,5.01,5.03,13065300.0
2018-01-31 14:37:20.565000,5.02,5.01,5.03,13065300.0
2018-01-31 14:37:23.474000,5.02,5.01,5.03,13065300.0
2018-01-31 14:37:26.647000,5.02,5.01,5.03,13065300.0
2018-01-31 14:37:29.813000,5.02,5.01,5.03,13065300.0
2018-01-31 14:37:32.799000,5.02,5.01,5.03,13065300.0
2018-01-31 14:37:35.958000,5.02,5.01,5.03,13065300.0
2018-01-31 14:37:39.023000,5.02,5.01,5.03,13065300.0
2018-01-31 14:37:42.019000,5.02,5.01,5.03,13065300.0
2018-01-31 14:37:45.317000,5.02,5.01,5.03,13065300.0
2018-01-31 14:37:48.383000,5.02,5.01,5.03,13071300.0
2018-01-31 14:37:51.769000,5.02,5.01,5.03,13071300.0
2018-01-31 14:37:55.144000,5.02,5.01,5.03,13071300.0
2018-01-31 14:37:58.188000,5.02,5.01,5.03,13071300.0
2018-01-31 14:38:01.205000,5.02,5.01,5.03,13071300.0
2018-01-31 14:38:04.409000,5.02,5.01,5.03,13071300.0
2018-01-31 14:38:07.568000,5.02,5.01,5.03,13071300.0
2018-01-31 14:38:10.685000,5.02,5.01,5.03,13071300.0
2018-01-31 14:38:13.724000,5.02,5.01,5.03,13071300.0
2018-01-31 14:38:16.668000,5.02,5.01,5.03,13071300.0
2018-01-31 14:38:19.784000,5.02,5.01,5.03,13071300.0
2018-01-31 14:38:22.877000,5.02,5.01,5.03,13071300.0
2018-01-31 14:38:26.054000,5.02,5.01,5.03,13071300.0
2018-01-31 14:38:29.090000,5.02,5.01,5.03,13071300.0
2018-01-31 14:38:32.153000,5.02,5.01,5.03,13071300.0
2018-01-31 14:38:35.177000,5.02,5.01,5.03,13071300.0
2018-01-31 14:38:38.456000,5.02,5.01,5.03,13071300.0
2018-01-31 14:38:41.708000,5.02,5.01,5.03,13071300.0
2018-01-31 14:38:44.658000,5.02,5.01,5.03,13071300.0
2018-01-31 14:38:47.787000,5.02,5.01,5.03,13071300.0
2018-01-31 14:38:50.818000,5.02,5.01,5.03,13071300.0
2018-01-31 14:38:53.997000,5.02,5.01,5.03,13071300.0
2018-01-31 14:38:56.884000,5.02,5.01,5.03,13071300.0
2018-01-31 14:39:00.035000,5.02,5.01,5.03,13071300.0
2018-01-31 14:39:03.023000,5.02,5.01,5.03,13071300.0
2018-01-31 14:39:06.098000,5.02,5.01,5.03,13071300.0
2018-01-31 14:39:09.024000,5.02,5.01,5.03,13071300.0
2018-01-31 14:39:12.104000,5.02,5.01,5.03,13071300.0
2018-01-31 14:39:17.388000,5.02,5.01,5.03,13071300.0
2018-01-31 14:39:20.670000,5.02,5.01,5.03,13071300.0
2018-01-31 14:39:23.837000,5.02,5.01,5.03,13071300.0
2018-01-31 14:39:26.928000,5.02,5.01,5.03,13071300.0
2018-01-31 14:39:29.816000,5.02,5.01,5.03,13071300.0
2018-01-31 14:39:33.113000,5.02,5.01,5.03,13071300.0
2018-01-31 14:39:36.172000,5.02,5.01,5.03,13071300.0
2018-01-31 14:39:39.264000,5.02,5.01,5.03,13071300.0
2018-01-31 14:39:42.338000,5.02,5.01,5.03,13071300.0
2018-01-31 14:39:45.877000,5.02,5.01,5.03,13071300.0
2018-01-31 14:39:49.083000,5.02,5.01,5.03,13071300.0
2018-01-31 14:39:52.189000,5.02,5.01,5.03,13071300.0
2018-01-31 14:39:55.147000,5.02,5.01,5.03,13071300.0
2018-01-31 14:39:58.134000,5.02,5.01,5.03,13071300.0
2018-01-31 14:40:01.084000,5.02,5.01,5.03,13071300.0
2018-01-31 14:40:04.130000,5.01,5.01,5.02,13086300.0
2018-01-31 14:40:07.310000,5.01,5.01,5.02,13086300.0
2018-01-31 14:40:10.318000,5.01,5.01,5.02,13141300.0
2018-01-31 14:40:13.365000,5.01,5.01,5.02,13141300.0
2018-01-31 14:40:16.552000,5.01,5.01,5.02,13141300.0
2018-01-31 14:40:19.680000,5.01,5.01,5.02,13141300.0
2018-01-31 14:40:22.764000,5.01,5.01,5.02,13141300.0
2018-01-31 14:40:25.696000,5.01,5.01,5.02,13141300.0
2018-01-31 14:40:28.905000,5.01,5.01,5.02,13141300.0
2018-01-31 14:40:32.163000,5.01,5.01,5.02,13141300.0
2018-01-31 14:40:35.378000,5.01,5.01,5.02,13141300.0
2018-01-31 14:40:38.431000,5.01,5.01,5.02,13141300.0
2018-01-31 14:40:41.752000,5.01,5.01,5.02,13141300.0
2018-01-31 14:40:44.851000,5.01,5.01,5.02,13141300.0
2018-01-31 14:40:47.842000,5.01,5.01,5.02,13141300.0
2018-01-31 14:40:50.944000,5.01,5.01,5.02,13141300.0
2018-01-31 14:40:54.032000,5.01,5.01,5.02,13141300.0
2018-01-31 14:40:57.099000,5.01,5.01,5.02,13141300.0
2018-01-31 14:41:00.399000,5.01,5.01,5.02,13141300.0
2018-01-31 14:41:03.403000,5.01,5.01,5.02,13141300.0
2018-01-31 14:41:06.416000,5.01,5.01,5.02,13141300.0
2018-01-31 14:41:09.616000,5.01,5.01,5.02,13141300.0
2018-01-31 14:41:13.025000,5.01,5.01,5.02,13141300.0
2018-01-31 14:41:16.241000,5.01,5.01,5.02,13141300.0
2018-01-31 14:41:19.267000,5.01,5.01,5.02,13141300.0
2018-01-31 14:41:22.217000,5.01,5.01,5.02,13141300.0
2018-01-31 14:41:25.431000,5.01,5.01,5.02,13141300.0
2018-01-31 14:41:28.500000,5.01,5.01,5.02,13141300.0
2018-01-31 14:41:31.557000,5.01,5.01,5.02,13141300.0
2018-01-31 14:41:34.712000,5.01,5.0,5.02,13145300.0
2018-01-31 14:41:37.865000,5.01,5.0,5.02,13145300.0
2018-01-31 14:41:41.185000,5.01,5.0,5.02,13145300.0
2018-01-31 14:41:44.131000,5.01,5.0,5.02,13145300.0
2018-01-31 14:41:47.370000,5.01,5.0,5.02,13145300.0
2018-01-31 14:41:50.511000,5.01,5.0,5.02,13145300.0
2018-01-31 14:41:53.577000,5.01,5.0,5.02,13145300.0
2018-01-31 14:41:56.610000,5.01,5.0,5.02,13145300.0
2018-01-31 14:41:59.821000,5.01,5.0,5.02,13145300.0
2018-01-31 14:42:02.905000,5.01,5.0,5.02,13145300.0
2018-01-31 14:42:05.806000,5.01,5.0,5.02,13145300.0
2018-01-31 14:42:09.385000,5.01,5.0,5.02,13145300.0
2018-01-31 14:42:12.937000,5.01,5.0,5.02,13145300.0
