time,price,bid,ask,volume
2018-01-30 13:03:54.009000,5.03,5.02,5.04,5880400.0
2018-01-30 13:03:56.579000,5.03,5.02,5.04,5880400.0
2018-01-30 13:03:59.404000,5.03,5.02,5.04,5880400.0
2018-01-30 13:04:01.970000,5.03,5.02,5.04,5880400.0
2018-01-30 13:04:04.653000,5.03,5.02,5.04,5880400.0
2018-01-30 13:04:07.328000,5.03,5.02,5.04,5880400.0
2018-01-30 13:04:09.934000,5.03,5.02,5.04,5880400.0
2018-01-30 13:04:12.686000,5.04,5.03,5.04,5890400.0
2018-01-30 13:04:15.299000,5.04,5.03,5.04,5890400.0
2018-01-30 13:04:18.187000,5.04,5.03,5.04,5890400.0
2018-01-30 13:04:20.762000,5.04,5.03,5.04,5890400.0
2018-01-30 13:04:23.337000,5.04,5.03,5.04,5890400.0
2018-01-30 13:04:25.863000,5.04,5.03,5.04,5890400.0
2018-01-30 13:04:28.543000,5.04,5.03,5.04,5890400.0
2018-01-30 13:04:31.115000,5.04,5.03,5.04,5890400.0
2018-01-30 13:04:33.708000,5.04,5.03,5.04,5890400.0
2018-01-30 13:04:36.383000,5.04,5.03,5.04,5890400.0
2018-01-30 13:04:39.019000,5.04,5.03,5.04,5890400.0
2018-01-30 13:04:41.397000,5.04,5.03,5.04,5890400.0
2018-01-30 13:04:44.014000,5.04,5.03,5.04,5890400.0
2018-01-30 13:04:46.790000,5.04,5.03,5.04,5890400.0
2018-01-30 13:04:49.485000,5.04,5.03,5.04,6296700.0
2018-01-30 13:04:52.391000,5.04,5.03,5.04,6296700.0
2018-01-30 13:04:55.031000,5.04,5.03,5.04,6296700.0
2018-01-30 13:04:57.611000,5.04,5.03,5.04,6296700.0
2018-01-30 13:05:00.046000,5.04,5.03,5.04,6296700.0
2018-01-30 13:05:02.530000,5.04,5.03,5.04,6296700.0
2018-01-30 13:05:05.079000,5.04,5.03,5.04,6296700.0
2018-01-30 13:05:07.657000,5.04,5.03,5.04,6296700.0
2018-01-30 13:05:10.170000,5.04,5.03,5.04,6296700.0
2018-01-30 13:05:12.581000,5.04,5.03,5.04,6296700.0
2018-01-30 13:05:15.193000,5.04,5.03,5.04,6296700.0
2018-01-30 13:05:17.704000,5.04,5.03,5.04,6296700.0
2018-01-30 13:05:20.548000,5.04,5.03,5.04,6296700.0
2018-01-30 13:05:23.074000,5.04,5.03,5.04,6296700.0
2018-01-30 13:05:25.757000,5.04,5.03,5.04,6296700.0
2018-01-30 13:05:28.411000,5.04,5.03,5.04,6296700.0
2018-01-30 13:05:31.098000,5.04,5.03,5.04,6296700.0
2018-01-30 13:05:33.737000,5.04,5.03,5.04,6296700.0
2018-01-30 13:05:36.222000,5.04,5.03,5.04,6296700.0
2018-01-30 13:05:38.963000,5.04,5.03,5.04,6296700.0
2018-01-30 13:05:41.476000,5.04,5.03,5.04,6296700.0
2018-01-30 13:05:44.001000,5.04,5.03,5.04,6296700.0
2018-01-30 13:05:46.917000,5.04,5.03,5.04,6296700.0
2018-01-30 13:05:49.550000,5.04,5.03,5.04,6296700.0
2018-01-30 13:05:52.207000,5.04,5.03,5.04,6296700.0
2018-01-30 13:05:54.978000,5.04,5.03,5.04,6296700.0
2018-01-30 13:05:57.487000,5.04,5.03,5.04,6296700.0
2018-01-30 13:06:00.091000,5.04,5.03,5.04,6296700.0
2018-01-30 13:06:02.689000,5.04,5.03,5.04,6296700.0
2018-01-30 13:06:05.236000,5.04,5.03,5.04,6296700.0
2018-01-30 13:06:07.851000,5.04,5.03,5.04,6296700.0
2018-01-30 13:06:10.521000,5.04,5.03,5.04,6296700.0
2018-01-30 13:06:13.552000,5.04,5.03,5.04,6296700.0
2018-01-30 13:06:16.596000,5.04,5.03,5.04,6296700.0
2018-01-30 13:06:19.506000,5.04,5.03,5.04,6296700.0
2018-01-30 13:06:22.268000,5.04,5.03,5.04,6296700.0
2018-01-30 13:06:24.765000,5.04,5.03,5.04,6296700.0
2018-01-30 13:06:27.536000,5.04,5.03,5.04,6296700.0
2018-01-30 13:06:30.087000,5.04,5.03,5.04,6296700.0
2018-01-30 13:06:32.627000,5.04,5.03,5.04,6296700.0
2018-01-30 13:06:35.460000,5.04,5.03,5.04,6296700.0
2018-01-30 13:06:38.044000,5.04,5.03,5.04,6296700.0
2018-01-30 13:06:40.789000,5.04,5.03,5.04,6296700.0
2018-01-30 13:06:43.521000,5.04,5.03,5.04,6296700.0
2018-01-30 13:06:46.204000,5.04,5.03,5.04,6296700.0
2018-01-30 13:06:48.630000,5.04,5.03,5.04,6296700.0
2018-01-30 13:06:51.305000,5.04,5.03,5.04,6687700.0
2018-01-30 13:06:54.061000,5.04,5.03,5.04,6687700.0
2018-01-30 13:06:56.979000,5.04,5.03,5.04,6687700.0
2018-01-30 13:06:59.639000,5.04,5.03,5.04,6687700.0
2018-01-30 13:07:02.284000,5.04,5.03,5.04,6687700.0
2018-01-30 13:07:05.094000,5.04,5.03,5.04,6687700.0
2018-01-30 13:07:07.598000,5.04,5.03,5.04,6687700.0
2018-01-30 13:07:10.471000,5.04,5.03,5.04,6687700.0
2018-01-30 13:07:12.753000,,,,
2018-01-30 13:07:15.460000,5.04,5.03,5.04,6687700.0
2018-01-30 13:07:17.987000,5.04,5.03,5.04,6687700.0
2018-01-30 13:07:20.732000,5.04,5.03,5.04,6687700.0
2018-01-30 13:07:23.496000,5.04,5.03,5.04,6687700.0
2018-01-30 13:07:26.140000,5.04,5.03,5.04,6687700.0
2018-01-30 13:07:28.934000,5.04,5.03,5.04,6687700.0
2018-01-30 13:07:31.856000,5.04,5.03,5.04,6687700.0
2018-01-30 13:07:34.528000,5.04,5.03,5.04,6687700.0
2018-01-30 13:07:37,5.04,5.03,5.04,6687700.0
2018-01-30 13:07:39.448000,5.04,5.03,5.04,6687700.0
2018-01-30 13:07:42.318000,5.04,5.03,5.04,6687700.0
2018-01-30 13:07:44.886000,5.04,5.03,5.04,6687700.0
2018-01-30 13:07:47.645000,5.04,5.03,5.04,6687700.0
2018-01-30 13:07:50.198000,5.04,5.03,5.04,6687700.0
2018-01-30 13:07:52.918000,5.04,5.03,5.04,6687700.0
2018-01-30 13:07:55.511000,5.04,5.03,5.04,6687700.0
2018-01-30 13:07:58.238000,5.04,5.03,5.04,6687700.0
2018-01-30 13:08:00.961000,5.04,5.03,5.04,6687700.0
2018-01-30 13:08:03.771000,5.04,5.03,5.04,6687700.0
2018-01-30 13:08:06.338000,5.05,5.04,5.05,6719800.0
2018-01-30 13:08:08.913000,5.05,5.04,5.05,6719800.0
2018-01-30 13:08:11.716000,5.05,5.04,5.05,6719800.0
2018-01-30 13:08:14.574000,5.05,5.04,5.05,6719800.0
2018-01-30 13:08:17.459000,5.05,5.04,5.05,6719800.0
2018-01-30 13:08:20.644000,5.05,5.04,5.05,6719800.0
2018-01-30 13:08:23.296000,5.05,5.04,5.05,6719800.0
2018-01-30 13:08:26.091000,5.05,5.04,5.05,6719800.0
2018-01-30 13:08:29.352000,5.05,5.04,5.05,6719800.0
2018-01-30 13:08:33.130000,5.05,5.04,5.05,6719800.0
2018-01-30 13:08:36.540000,5.05,5.04,5.05,6719800.0
2018-01-30 13:08:39.756000,5.05,5.04,5.05,6719800.0
2018-01-30 13:08:43.055000,5.05,5.04,5.05,6719800.0
2018-01-30 13:08:45.906000,5.05,5.04,5.05,6719800.0
2018-01-30 13:08:49.680000,5.05,5.04,5.05,6719800.0
2018-01-30 13:08:53.244000,5.05,5.04,5.05,6719800.0
2018-01-30 13:08:56.584000,5.05,5.04,5.05,6719800.0
2018-01-30 13:09:00.010000,5.04,5.04,5.05,7459800.0
2018-01-30 13:09:03.178000,5.04,5.04,5.05,7459800.0
2018-01-30 13:09:06.394000,5.04,5.04,5.05,7459800.0
2018-01-30 13:09:09.608000,5.04,5.04,5.05,7459800.0
2018-01-30 13:09:12.868000,5.04,5.04,5.05,7459800.0
2018-01-30 13:09:16.255000,5.04,5.04,5.05,7459800.0
2018-01-30 13:09:19.588000,5.04,5.04,5.05,7459800.0
2018-01-30 13:09:22.944000,5.04,5.04,5.05,7459800.0
2018-01-30 13:09:26.098000,5.04,5.04,5.05,7459800.0
2018-01-30 13:09:29.405000,5.04,5.04,5.05,7459800.0
2018-01-30 13:09:32.630000,5.04,5.04,5.05,7459800.0
2018-01-30 13:09:35.951000,5.04,5.04,5.05,7459800.0
2018-01-30 13:09:39.183000,5.04,5.04,5.05,7459800.0
2018-01-30 13:09:42.552000,5.04,5.04,5.05,7459800.0
2018-01-30 13:09:49.400000,,,,
2018-01-30 13:09:53.250000,5.03,5.03,5.04,7670800.0
2018-01-30 13:09:56.432000,5.03,5.03,5.04,7670800.0
2018-01-30 13:09:59.674000,5.03,5.03,5.04,7670800.0
2018-01-30 13:10:03.041000,5.03,5.03,5.04,7670800.0
2018-01-30 13:10:06.264000,5.03,5.03,5.04,7670800.0
2018-01-30 13:10:09.540000,5.03,5.03,5.04,7670800.0
2018-01-30 13:10:12.792000,5.03,5.03,5.04,7670800.0
2018-01-30 13:10:16.296000,5.03,5.03,5.04,7670800.0
2018-01-30 13:10:19.626000,5.03,5.03,5.04,7670800.0
2018-01-30 13:10:22.891000,5.03,5.03,5.04,7670800.0
2018-01-30 13:10:26.349000,5.03,5.03,5.04,7670800.0
2018-01-30 13:10:29.731000,5.03,5.03,5.04,7670800.0
2018-01-30 13:10:32.975000,5.03,5.03,5.04,7670800.0
2018-01-30 13:10:36.397000,5.03,5.03,5.04,7670800.0
2018-01-30 13:10:39.728000,5.03,5.03,5.04,7670800.0
2018-01-30 13:10:42.945000,5.03,5.03,5.04,7670800.0
2018-01-30 13:10:46.165000,5.03,5.03,5.04,7670800.0
2018-01-30 13:10:49.401000,5.03,5.03,5.04,7670800.0
2018-01-30 13:10:52.539000,5.03,5.03,5.04,7670800.0
2018-01-30 13:10:55.795000,5.03,5.03,5.04,7670800.0
2018-01-30 13:10:59.068000,5.03,5.03,5.04,7670800.0
2018-01-30 13:11:02.261000,5.03,5.03,5.04,7670800.0
2018-01-30 13:11:05.559000,5.03,5.03,5.04,7670800.0
2018-01-30 13:11:09.063000,5.03,5.03,5.04,7670800.0
2018-01-30 13:11:12.208000,5.03,5.03,5.04,7670800.0
2018-01-30 13:11:15.445000,5.03,5.03,5.04,7670800.0
2018-01-30 13:11:18.939000,5.03,5.03,5.04,7670800.0
2018-01-30 13:11:22.131000,5.03,5.03,5.04,7670800.0
2018-01-30 13:11:25.325000,5.03,5.03,5.04,7670800.0
2018-01-30 13:11:28.522000,5.04,5.03,5.04,7688800.0
2018-01-30 13:11:31.755000,5.04,5.03,5.04,7688800.0
2018-01-30 13:11:34.805000,5.04,5.03,5.04,7688800.0
2018-01-30 13:11:38.142000,5.04,5.03,5.04,7688800.0
2018-01-30 13:11:41.372000,5.04,5.03,5.04,7688800.0
2018-01-30 13:11:44.784000,5.04,5.03,5.04,7688800.0
2018-01-30 13:11:48.090000,5.04,5.03,5.04,7688800.0
2018-01-30 13:11:51.397000,5.04,5.03,5.04,7688800.0
2018-01-30 13:11:54.667000,5.04,5.03,5.04,7688800.0
2018-01-30 13:11:57.853000,5.04,5.03,5.04,7688800.0
2018-01-30 13:12:01.037000,5.04,5.03,5.04,7688800.0
2018-01-30 13:12:04.154000,5.04,5.03,5.04,7688800.0
2018-01-30 13:12:07.536000,5.04,5.03,5.04,7688800.0
2018-01-30 13:12:10.576000,5.04,5.03,5.04,7688800.0
2018-01-30 13:12:13.629000,5.04,5.03,5.04,7688800.0
2018-01-30 13:12:16.822000,5.04,5.03,5.04,7688800.0
2018-01-30 13:12:19.904000,5.04,5.03,5.04,7688800.0
2018-01-30 13:12:22.879000,5.04,5.03,5.04,7688800.0
2018-01-30 13:12:25.904000,5.04,5.03,5.04,7688800.0
2018-01-30 13:12:29.692000,5.04,5.03,5.04,7688800.0
2018-01-30 13:12:32.742000,5.04,5.03,5.04,7688800.0
2018-01-30 13:12:35.794000,5.04,5.03,5.04,7688800.0
2018-01-30 13:12:39.824000,5.04,5.03,5.04,7688800.0
2018-01-30 13:12:44.408000,5.04,5.03,5.04,7688800.0
2018-01-30 13:12:47.745000,5.04,5.03,5.04,7688800.0
2018-01-30 13:12:50.818000,5.04,5.03,5.04,7688800.0
2018-01-30 13:12:53.957000,5.04,5.03,5.04,7688800.0
2018-01-30 13:12:57.290000,5.04,5.03,5.04,7688800.0
2018-01-30 13:13:00.956000,5.04,5.03,5.04,7688800.0
2018-01-30 13:13:04.155000,5.04,5.03,5.04,7759800.0
2018-01-30 13:13:07.518000,5.04,5.03,5.04,7759800.0
2018-01-30 13:13:10.558000,5.04,5.03,5.04,7759800.0
2018-01-30 13:13:14.065000,5.04,5.03,5.04,7759800.0
2018-01-30 13:13:17.374000,5.04,5.03,5.04,7759800.0
2018-01-30 13:13:20.578000,5.04,5.03,5.04,7759800.0
2018-01-30 13:13:23.701000,5.04,5.03,5.04,7759800.0
2018-01-30 13:13:26.772000,5.04,5.03,5.04,7759800.0
2018-01-30 13:13:29.868000,5.04,5.03,5.04,7759800.0
2018-01-30 13:13:33.134000,5.04,5.03,5.04,7759800.0
2018-01-30 13:13:36.115000,5.04,5.03,5.04,7759800.0
2018-01-30 13:13:39.232000,5.04,5.03,5.04,7759800.0
2018-01-30 13:13:42.717000,5.04,5.03,5.04,7759800.0
2018-01-30 13:13:45.876000,5.04,5.03,5.04,7759800.0
2018-01-30 13:13:49.105000,5.04,5.03,5.04,7759800.0
2018-01-30 13:13:52.228000,5.04,5.03,5.04,7759800.0
2018-01-30 13:13:55.432000,5.04,5.03,5.04,7759800.0
2018-01-30 13:13:58.559000,5.04,5.03,5.04,7759800.0
2018-01-30 13:14:01.739000,5.04,5.03,5.04,7759800.0
2018-01-30 13:14:04.950000,5.04,5.03,5.04,7759800.0
2018-01-30 13:14:07.869000,5.04,5.03,5.04,7768300.0
2018-01-30 13:14:11.116000,5.04,5.03,5.04,7768300.0
2018-01-30 13:14:14.238000,5.04,5.03,5.04,7768300.0
2018-01-30 13:14:17.220000,5.04,5.03,5.04,7768300.0
2018-01-30 13:14:20.267000,5.04,5.03,5.04,7768300.0
2018-01-30 13:14:23.311000,5.04,5.03,5.04,7768300.0
2018-01-30 13:14:26.385000,5.04,5.03,5.04,7768300.0
2018-01-30 13:14:29.475000,5.04,5.03,5.04,7768300.0
2018-01-30 13:14:32.857000,5.04,5.03,5.04,7768300.0
2018-01-30 13:14:36.129000,5.04,5.03,5.04,7768300.0
2018-01-30 13:14:39.310000,5.04,5.03,5.04,7768300.0
2018-01-30 13:14:42.563000,5.04,5.03,5.04,7768300.0
2018-01-30 13:14:45.708000,5.04,5.03,5.04,7768300.0
2018-01-30 13:14:48.762000,5.04,5.03,5.04,7768300.0
2018-01-30 13:14:51.728000,5.04,5.03,5.04,7768300.0
2018-01-30 13:14:54.892000,5.04,5.03,5.04,7768300.0
2018-01-30 13:14:57.995000,5.04,5.03,5.04,7768300.0
2018-01-30 13:15:01.183000,5.04,5.03,5.04,7768300.0
2018-01-30 13:15:04.669000,5.04,5.03,5.04,7768300.0
2018-01-30 13:15:07.820000,5.04,5.03,5.04,7768300.0
2018-01-30 13:15:10.962000,5.03,5.02,5.04,8161000.0
2018-01-30 13:15:14.108000,5.03,5.02,5.04,8161000.0
2018-01-30 13:15:17.183000,5.03,5.02,5.04,8161000.0
2018-01-30 13:15:20.217000,5.03,5.02,5.04,8161000.0
2018-01-30 13:15:23.388000,5.03,5.02,5.04,8161000.0
2018-01-30 13:15:26.538000,5.03,5.02,5.04,8161000.0
2018-01-30 13:15:29.504000,5.03,5.02,5.04,8161000.0
2018-01-30 13:15:32.738000,5.03,5.02,5.04,8161000.0
2018-01-30 13:15:35.908000,5.03,5.02,5.04,8161000.0
2018-01-30 13:15:39.091000,5.03,5.02,5.04,8161000.0
2018-01-30 13:15:42.339000,5.03,5.02,5.04,8212000.0
2018-01-30 13:15:45.459000,5.03,5.02,5.04,8212000.0
2018-01-30 13:15:48.734000,5.03,5.02,5.04,8212000.0
2018-01-30 13:15:51.817000,5.03,5.02,5.04,8212000.0
2018-01-30 13:15:54.938000,5.03,5.02,5.04,8232000.0
2018-01-30 13:15:58.091000,5.03,5.02,5.04,8232000.0
2018-01-30 13:16:01.762000,5.03,5.02,5.04,8232000.0
2018-01-30 13:16:04.909000,5.03,5.02,5.04,8232000.0
2018-01-30 13:16:08.139000,5.03,5.02,5.04,8232000.0
2018-01-30 13:16:11.237000,5.03,5.02,5.04,8232000.0
2018-01-30 13:16:14.288000,5.03,5.02,5.04,8232000.0
2018-01-30 13:16:17.237000,5.03,5.02,5.04,8232000.0
2018-01-30 13:16:20.384000,5.03,5.02,5.04,8232000.0
2018-01-30 13:16:23.373000,5.03,5.02,5.04,8232000.0
2018-01-30 13:16:26.612000,5.03,5.02,5.04,8232000.0
2018-01-30 13:16:29.931000,5.03,5.02,5.04,8232000.0
2018-01-30 13:16:33.076000,5.03,5.02,5.04,8232000.0
2018-01-30 13:16:36.151000,5.03,5.02,5.04,8232000.0
2018-01-30 13:16:39.388000,5.03,5.02,5.04,8232000.0
2018-01-30 13:16:42.626000,5.03,5.02,5.04,8232000.0
2018-01-30 13:16:45.879000,5.03,5.02,5.04,8232000.0
2018-01-30 13:16:49.048000,5.03,5.02,5.04,8232000.0
2018-01-30 13:16:52.323000,5.03,5.02,5.04,8232000.0
2018-01-30 13:16:55.534000,5.03,5.02,5.04,8232000.0
2018-01-30 13:16:58.595000,5.03,5.02,5.04,8232000.0
2018-01-30 13:17:01.592000,5.03,5.02,5.04,8232000.0
2018-01-30 13:17:04.689000,5.03,5.02,5.04,8232000.0
2018-01-30 13:17:07.817000,5.03,5.02,5.04,8232000.0
2018-01-30 13:17:10.886000,5.03,5.02,5.04,8232000.0
2018-01-30 13:17:13.899000,5.03,5.02,5.04,8232000.0
2018-01-30 13:17:17.159000,5.03,5.02,5.04,8232000.0
2018-01-30 13:17:20.323000,5.03,5.02,5.04,8232000.0
2018-01-30 13:17:23.420000,5.03,5.02,5.04,8232000.0
2018-01-30 13:17:26.518000,5.03,5.02,5.04,8232000.0
2018-01-30 13:17:29.666000,5.03,5.02,5.04,8232000.0
2018-01-30 13:17:32.854000,5.03,5.02,5.04,8232000.0
2018-01-30 13:17:36.004000,5.03,5.02,5.04,8232000.0
2018-01-30 13:17:39.172000,5.03,5.02,5.04,8232000.0
2018-01-30 13:17:42.014000,5.03,5.02,5.04,8232000.0
2018-01-30 13:17:45.120000,5.03,5.02,5.04,8232000.0
2018-01-30 13:17:51.685000,5.03,5.02,5.04,8232000.0
2018-01-30 13:17:55.213000,5.03,5.02,5.04,8232000.0
2018-01-30 13:17:58.423000,5.03,5.02,5.04,8232000.0
2018-01-30 13:18:01.545000,5.03,5.02,5.04,8232000.0
2018-01-30 13:18:04.655000,5.03,5.02,5.04,8232000.0
2018-01-30 13:18:07.829000,5.03,5.02,5.04,8232000.0
2018-01-30 13:18:10.991000,5.03,5.02,5.04,8232000.0
2018-01-30 13:18:14.412000,5.03,5.02,5.04,8232000.0
2018-01-30 13:18:17.339000,5.03,5.02,5.04,8232000.0
2018-01-30 13:18:20.409000,5.03,5.02,5.04,8232000.0
2018-01-30 13:18:23.689000,5.03,5.02,5.04,8232000.0
2018-01-30 13:18:26.948000,5.03,5.02,5.04,8232000.0
2018-01-30 13:18:29.878000,5.03,5.02,5.04,8232000.0
2018-01-30 13:18:33.034000,5.03,5.02,5.04,8232000.0
2018-01-30 13:18:35.949000,5.03,5.02,5.04,8232000.0
2018-01-30 13:18:39.100000,5.03,5.02,5.04,8232000.0
2018-01-30 13:18:42.222000,5.03,5.02,5.04,8232000.0
2018-01-30 13:18:45.332000,5.03,5.02,5.04,8232000.0
2018-01-30 13:18:48.425000,5.03,5.02,5.04,8232000.0
2018-01-30 13:18:51.344000,5.03,5.02,5.04,8232000.0
2018-01-30 13:18:54.331000,5.03,5.02,5.04,8232000.0
2018-01-30 13:18:57.344000,5.03,5.02,5.04,8232000.0
2018-01-30 13:19:00.222000,5.03,5.02,5.04,8232000.0
2018-01-30 13:19:03.422000,5.03,5.02,5.04,8232000.0
2018-01-30 13:19:06.624000,5.03,5.02,5.04,8232000.0
2018-01-30 13:19:09.659000,5.03,5.02,5.04,8232000.0
2018-01-30 13:19:12.710000,5.03,5.02,5.04,8232000.0
2018-01-30 13:19:15.629000,5.03,5.02,5.04,8232000.0
2018-01-30 13:19:18.769000,5.03,5.02,5.04,8232000.0
2018-01-30 13:19:21.944000,5.03,5.02,5.04,8232000.0
2018-01-30 13:19:25.003000,5.03,5.02,5.04,8232000.0
2018-01-30 13:19:28.053000,5.03,5.02,5.04,8232000.0
2018-01-30 13:19:31.005000,5.03,5.02,5.04,8232000.0
2018-01-30 13:19:34.087000,5.03,5.02,5.04,8232000.0
2018-01-30 13:19:37.260000,5.03,5.02,5.04,8232000.0
2018-01-30 13:19:40.251000,5.03,5.02,5.04,8232000.0
2018-01-30 13:19:43.240000,5.03,5.02,5.04,8232000.0
2018-01-30 13:19:46.393000,5.03,5.02,5.04,8232000.0
2018-01-30 13:19:49.579000,5.03,5.02,5.04,8232000.0
2018-01-30 13:19:52.375000,5.03,5.02,5.04,8232000.0
2018-01-30 13:19:55.354000,5.03,5.02,5.04,8232000.0
2018-01-30 13:19:58.348000,5.03,5.02,5.04,8232000.0
2018-01-30 13:20:01.359000,5.03,5.02,5.04,8232000.0
2018-01-30 13:20:04.439000,5.03,5.02,5.04,8232000.0
2018-01-30 13:20:07.530000,5.03,5.02,5.04,8232000.0
2018-01-30 13:20:10.435000,5.03,5.02,5.04,8232000.0
2018-01-30 13:20:13.582000,5.03,5.02,5.04,8232000.0
2018-01-30 13:20:17.160000,5.03,5.02,5.04,8232000.0
2018-01-30 13:20:20.191000,5.03,5.02,5.04,8232000.0
2018-01-30 13:20:23.262000,5.03,5.02,5.04,8232000.0
2018-01-30 13:20:26.321000,5.03,5.02,5.04,8232000.0
2018-01-30 13:20:29.481000,5.03,5.02,5.04,8232000.0
2018-01-30 13:20:32.640000,5.03,5.02,5.04,8232000.0
2018-01-30 13:20:35.658000,5.03,5.02,5.04,8232000.0
2018-01-30 13:20:38.970000,5.03,5.02,5.04,8232000.0
2018-01-30 13:20:42.050000,5.03,5.02,5.04,8232000.0
2018-01-30 13:20:44.989000,5.02,5.02,5.03,8282000.0
2018-01-30 13:20:48.109000,5.02,5.02,5.03,8282000.0
2018-01-30 13:20:51.456000,5.02,5.02,5.03,8282000.0
2018-01-30 13:20:54.534000,5.02,5.02,5.03,8282000.0
2018-01-30 13:20:57.533000,5.02,5.02,5.03,8282000.0
2018-01-30 13:21:00.804000,5.02,5.01,5.03,8389000.0
2018-01-30 13:21:03.959000,5.02,5.01,5.03,8389000.0
2018-01-30 13:21:06.775000,5.02,5.01,5.03,8389000.0
2018-01-30 13:21:09.798000,5.02,5.01,5.03,8389000.0
2018-01-30 13:21:12.808000,5.02,5.01,5.03,8389000.0
2018-01-30 13:21:15.962000,5.02,5.01,5.03,8389000.0
2018-01-30 13:21:18.942000,5.02,5.01,5.03,8389000.0
2018-01-30 13:21:22.044000,5.02,5.01,5.03,8389000.0
2018-01-30 13:21:25.099000,5.02,5.01,5.03,8389000.0
2018-01-30 13:21:28.312000,5.02,5.01,5.03,8389000.0
2018-01-30 13:21:31.465000,5.02,5.01,5.03,8389000.0
2018-01-30 13:21:34.457000,5.02,5.01,5.03,8389000.0
2018-01-30 13:21:37.469000,5.02,5.01,5.03,8389000.0
2018-01-30 13:21:40.525000,5.02,5.01,5.03,8389000.0
2018-01-30 13:21:43.535000,5.02,5.01,5.03,8389000.0
2018-01-30 13:21:46.499000,5.02,5.01,5.03,8389000.0
2018-01-30 13:21:49.618000,5.02,5.01,5.03,8389000.0
2018-01-30 13:21:52.505000,5.02,5.01,5.03,8389000.0
2018-01-30 13:21:55.649000,5.02,5.01,5.03,8389000.0
2018-01-30 13:21:58.737000,5.02,5.01,5.03,8389000.0
2018-01-30 13:22:01.944000,5.02,5.01,5.03,8389000.0
2018-01-30 13:22:05.586000,5.02,5.01,5.03,8389000.0
2018-01-30 13:22:08.691000,5.02,5.01,5.03,8389000.0
2018-01-30 13:22:11.672000,5.02,5.01,5.03,8389000.0
2018-01-30 13:22:14.860000,5.02,5.01,5.03,8389000.0
2018-01-30 13:22:18.050000,5.02,5.01,5.02,8399000.0
2018-01-30 13:22:21.023000,5.02,5.01,5.02,8399000.0
2018-01-30 13:22:24.271000,5.02,5.01,5.02,8399000.0
2018-01-30 13:22:27.321000,5.02,5.01,5.02,8399000.0
2018-01-30 13:22:30.271000,5.02,5.01,5.02,8399000.0
2018-01-30 13:22:33.389000,5.02,5.01,5.02,8399000.0
2018-01-30 13:22:36.333000,5.02,5.01,5.02,8399000.0
2018-01-30 13:22:39.380000,5.02,5.01,5.02,8399000.0
2018-01-30 13:22:42.466000,5.02,5.01,5.02,8399000.0
2018-01-30 13:22:45.345000,5.02,5.01,5.02,8399000.0
2018-01-30 13:22:48.534000,5.02,5.01,5.02,8399000.0
2018-01-30 13:22:51.434000,5.02,5.01,5.02,8399000.0
2018-01-30 13:22:54.863000,5.02,5.01,5.02,8399000.0
2018-01-30 13:22:57.789000,5.02,5.01,5.02,8399000.0
2018-01-30 13:23:00.886000,5.02,5.01,5.02,8399000.0
2018-01-30 13:23:04.020000,5.02,5.01,5.02,8399000.0
2018-01-30 13:23:07.064000,5.02,5.01,5.02,8399000.0
2018-01-30 13:23:10.101000,5.02,5.01,5.02,8499000.0
2018-01-30 13:23:13.074000,5.02,5.01,5.02,8499000.0
2018-01-30 13:23:15.956000,5.02,5.01,5.02,8499000.0
2018-01-30 13:23:18.991000,5.02,5.01,5.02,8499000.0
2018-01-30 13:23:22.113000,5.02,5.01,5.02,8499000.0
2018-01-30 13:23:25.089000,5.02,5.01,5.02,8499000.0
2018-01-30 13:23:28.093000,5.02,5.01,5.02,8499000.0
2018-01-30 13:23:30.996000,5.02,5.01,5.02,8499000.0
2018-01-30 13:23:34.193000,5.02,5.01,5.02,8499000.0
2018-01-30 13:23:37.888000,5.02,5.01,5.02,8499000.0
2018-01-30 13:23:41.166000,5.02,5.01,5.02,8499000.0
2018-01-30 13:23:44.295000,5.02,5.01,5.02,8499000.0
2018-01-30 13:23:47.347000,5.02,5.01,5.02,8499000.0
2018-01-30 13:23:50.533000,5.02,5.01,5.02,8499000.0
2018-01-30 13:23:53.550000,5.02,5.02,5.03,8500600.0
2018-01-30 13:23:56.667000,5.02,5.02,5.03,8500600.0
2018-01-30 13:23:59.821000,5.02,5.02,5.03,8500600.0
2018-01-30 13:24:02.694000,5.02,5.02,5.03,8500600.0
2018-01-30 13:24:05.795000,5.02,5.02,5.03,8500600.0
2018-01-30 13:24:09.070000,5.02,5.02,5.03,8500600.0
2018-01-30 13:24:12.089000,5.02,5.02,5.03,8500600.0
2018-01-30 13:24:15.276000,5.02,5.02,5.03,8500600.0
2018-01-30 13:24:18.381000,5.02,5.02,5.03,8500600.0
2018-01-30 13:24:21.630000,5.02,5.02,5.03,8500600.0
2018-01-30 13:24:24.643000,5.02,5.01,5.02,8500600.0
2018-01-30 13:24:27.740000,5.02,5.01,5.02,8500600.0
2018-01-30 13:24:30.807000,5.02,5.01,5.02,8500600.0
2018-01-30 13:24:33.739000,5.02,5.01,5.02,8500600.0
2018-01-30 13:24:36.892000,5.02,5.01,5.02,8500600.0
2018-01-30 13:24:39.792000,5.02,5.01,5.02,8500600.0
2018-01-30 13:24:42.796000,5.02,5.01,5.02,8500600.0
2018-01-30 13:24:45.739000,5.02,5.01,5.02,8500600.0
2018-01-30 13:24:48.650000,5.02,5.01,5.02,8500600.0
2018-01-30 13:24:51.683000,5.02,5.01,5.02,8500600.0
2018-01-30 13:24:54.902000,5.02,5.01,5.02,8500600.0
2018-01-30 13:24:57.755000,5.02,5.01,5.02,8500600.0
2018-01-30 13:25:00.619000,5.02,5.01,5.02,8500600.0
2018-01-30 13:25:03.853000,5.02,5.01,5.02,8500600.0
2018-01-30 13:25:06.993000,5.02,5.01,5.02,8500600.0
2018-01-30 13:25:09.893000,5.02,5.01,5.02,8500600.0
2018-01-30 13:25:13.006000,5.02,5.01,5.02,8500600.0
2018-01-30 13:25:16.032000,5.02,5.01,5.02,8500600.0
2018-01-30 13:25:19.212000,5.02,5.01,5.02,8500600.0
2018-01-30 13:25:22.240000,5.02,5.01,5.02,8500600.0
2018-01-30 13:25:25.389000,5.02,5.01,5.02,8500600.0
2018-01-30 13:25:28.316000,5.02,5.01,5.02,8500600.0
2018-01-30 13:25:31.158000,5.02,5.01,5.02,8500600.0
2018-01-30 13:25:34.245000,5.02,5.01,5.02,8500600.0
2018-01-30 13:25:37.264000,5.02,5.01,5.02,8500600.0
2018-01-30 13:25:40.419000,5.02,5.01,5.02,8500600.0
2018-01-30 13:25:43.695000,5.02,5.01,5.02,8500600.0
2018-01-30 13:25:46.873000,5.02,5.01,5.02,8500600.0
2018-01-30 13:25:49.877000,5.02,5.01,5.02,8500600.0
2018-01-30 13:25:52.812000,5.02,5.01,5.02,8500600.0
2018-01-30 13:25:56.060000,5.02,5.01,5.02,8500600.0
2018-01-30 13:26:00.774000,5.02,5.01,5.03,8500600.0
2018-01-30 13:26:04.010000,5.02,5.01,5.03,8500600.0
2018-01-30 13:26:07.499000,5.02,5.01,5.02,8500600.0
2018-01-30 13:26:10.871000,5.02,5.01,5.02,8500600.0
2018-01-30 13:26:15.370000,5.02,5.01,5.02,8500600.0
2018-01-30 13:26:17.647000,5.02,5.01,5.02,8500600.0
2018-01-30 13:26:20.675000,5.02,5.01,5.02,8500600.0
2018-01-30 13:26:23.908000,5.02,5.01,5.02,8500600.0
2018-01-30 13:26:26.885000,5.02,5.01,5.02,8500600.0
2018-01-30 13:26:29.904000,5.02,5.01,5.02,8500600.0
2018-01-30 13:26:33.151000,5.02,5.01,5.02,8500600.0
2018-01-30 13:26:36.038000,5.02,5.01,5.02,8500600.0
2018-01-30 13:26:39.088000,5.02,5.01,5.02,8500600.0
2018-01-30 13:26:42.573000,5.02,5.01,5.02,8500600.0
2018-01-30 13:26:45.545000,5.02,5.01,5.02,8500600.0
2018-01-30 13:26:48.671000,5.02,5.01,5.02,8500600.0
2018-01-30 13:26:51.582000,5.02,5.01,5.02,8500600.0
2018-01-30 13:26:54.759000,5.02,5.01,5.02,8500600.0
2018-01-30 13:26:57.782000,5.02,5.01,5.02,8500600.0
2018-01-30 13:27:00.906000,5.02,5.01,5.03,8500600.0
2018-01-30 13:27:03.857000,5.02,5.01,5.03,8500600.0
2018-01-30 13:27:06.833000,5.02,5.01,5.03,8500600.0
2018-01-30 13:27:09.932000,5.02,5.01,5.03,8500600.0
2018-01-30 13:27:13.104000,5.02,5.01,5.03,8500600.0
2018-01-30 13:27:16.123000,5.02,5.01,5.03,8500600.0
2018-01-30 13:27:19.066000,5.02,5.01,5.03,8500600.0
2018-01-30 13:27:22.100000,5.02,5.01,5.03,8500600.0
2018-01-30 13:27:25.088000,5.02,5.01,5.03,8500600.0
2018-01-30 13:27:28.178000,5.02,5.01,5.03,8500600.0
2018-01-30 13:27:31.249000,5.02,5.01,5.03,8500600.0
2018-01-30 13:27:34.088000,5.02,5.01,5.03,8500600.0
2018-01-30 13:27:37.314000,5.02,5.01,5.03,8500600.0
2018-01-30 13:27:40.608000,5.02,5.01,5.03,8530600.0
2018-01-30 13:27:43.851000,5.02,5.01,5.03,8530600.0
2018-01-30 13:27:46.857000,5.02,5.01,5.03,8530600.0
2018-01-30 13:27:49.882000,5.02,5.01,5.03,8530600.0
2018-01-30 13:27:52.922000,5.02,5.01,5.03,8530600.0
2018-01-30 13:27:55.951000,5.02,5.01,5.03,8530600.0
2018-01-30 13:27:58.953000,5.02,5.01,5.03,8530600.0
2018-01-30 13:28:01.885000,5.02,5.01,5.03,8530600.0
2018-01-30 13:28:04.928000,5.02,5.01,5.03,8530600.0
2018-01-30 13:28:07.916000,5.02,5.01,5.03,8530600.0
2018-01-30 13:28:10.718000,5.02,5.01,5.03,8530600.0
2018-01-30 13:28:13.721000,5.02,5.01,5.03,8530600.0
2018-01-30 13:28:16.809000,5.02,5.01,5.03,8530600.0
2018-01-30 13:28:19.991000,5.02,5.01,5.03,8530600.0
2018-01-30 13:28:23.090000,5.02,5.01,5.03,8530600.0
2018-01-30 13:28:26.140000,5.02,5.01,5.03,8530600.0
2018-01-30 13:28:29.450000,5.02,5.01,5.03,8530600.0
2018-01-30 13:28:32.469000,5.02,5.01,5.03,8530600.0
2018-01-30 13:28:35.475000,5.02,5.01,5.03,8530600.0
2018-01-30 13:28:38.526000,5.02,5.01,5.03,8530600.0
2018-01-30 13:28:41.652000,5.02,5.01,5.03,8530600.0
2018-01-30 13:28:44.763000,5.02,5.01,5.03,8530600.0
2018-01-30 13:28:47.807000,5.02,5.01,5.03,8530600.0
2018-01-30 13:28:50.085000,,,,
2018-01-30 13:28:53.198000,5.02,5.01,5.03,8530600.0
2018-01-30 13:28:56.221000,5.02,5.01,5.03,8530600.0
2018-01-30 13:28:59.263000,5.02,5.01,5.03,8530600.0
2018-01-30 13:29:02.236000,5.02,5.01,5.03,8530600.0
2018-01-30 13:29:05.295000,5.02,5.01,5.03,8530600.0
2018-01-30 13:29:08.692000,5.02,5.01,5.03,8530600.0
2018-01-30 13:29:11.727000,5.02,5.01,5.03,8530600.0
2018-01-30 13:29:14.717000,5.02,5.01,5.03,8530600.0
2018-01-30 13:29:17.868000,5.02,5.01,5.03,8530600.0
2018-01-30 13:29:20.876000,5.02,5.01,5.03,8530600.0
2018-01-30 13:29:24.053000,5.02,5.01,5.03,8530600.0
2018-01-30 13:29:26.991000,5.02,5.01,5.03,8530600.0
2018-01-30 13:29:31.094000,5.02,5.02,5.03,8530600.0
2018-01-30 13:29:34.248000,5.02,5.02,5.03,8530600.0
2018-01-30 13:29:37.351000,5.02,5.02,5.03,8530600.0
2018-01-30 13:29:40.378000,5.02,5.02,5.03,8530600.0
2018-01-30 13:29:43.549000,5.02,5.02,5.03,8530600.0
2018-01-30 13:29:46.378000,5.02,5.02,5.03,8530600.0
2018-01-30 13:29:49.560000,5.02,5.02,5.03,8530600.0
2018-01-30 13:29:52.517000,5.02,5.02,5.03,8530600.0
2018-01-30 13:29:55.672000,5.02,5.02,5.03,8530600.0
2018-01-30 13:29:59.031000,5.02,5.02,5.03,8530600.0
2018-01-30 13:30:02.012000,5.02,5.02,5.03,8530600.0
2018-01-30 13:30:05.016000,5.02,5.02,5.03,8530600.0
2018-01-30 13:30:07.977000,5.02,5.02,5.03,8530600.0
2018-01-30 13:30:10.990000,5.02,5.02,5.03,8530600.0
2018-01-30 13:30:13.894000,5.02,5.02,5.03,8530600.0
2018-01-30 13:30:17.080000,5.02,5.02,5.03,8530600.0
2018-01-30 13:30:20.159000,5.02,5.02,5.03,8530600.0
2018-01-30 13:30:23.381000,5.02,5.02,5.03,8530600.0
2018-01-30 13:30:26.394000,5.02,5.02,5.03,8530600.0
2018-01-30 13:30:29.500000,5.02,5.02,5.03,8530600.0
2018-01-30 13:30:32.756000,5.02,5.02,5.03,8530600.0
2018-01-30 13:30:35.971000,5.02,5.02,5.03,8530600.0
2018-01-30 13:30:39.061000,5.02,5.02,5.03,8530600.0
2018-01-30 13:30:42.291000,5.02,5.02,5.03,8530600.0
2018-01-30 13:30:45.295000,5.02,5.02,5.03,8530600.0
2018-01-30 13:30:48.423000,5.02,5.02,5.03,8530600.0
2018-01-30 13:30:51.431000,5.02,5.02,5.03,8530600.0
2018-01-30 13:30:54.422000,5.02,5.02,5.03,8530600.0
2018-01-30 13:30:57.598000,5.02,5.02,5.03,8530600.0
2018-01-30 13:31:00.654000,5.02,5.02,5.03,8530600.0
2018-01-30 13:31:03.814000,5.02,5.02,5.03,8530600.0
2018-01-30 13:31:06.862000,5.02,5.02,5.03,8530600.0
2018-01-30 13:31:09.970000,5.02,5.02,5.03,8530600.0
2018-01-30 13:31:12.692000,5.02,5.02,5.03,8530600.0
2018-01-30 13:31:15.930000,5.02,5.02,5.03,8530600.0
2018-01-30 13:31:18.721000,5.02,5.02,5.03,8530600.0
2018-01-30 13:31:21.743000,5.02,5.02,5.03,8530600.0
2018-01-30 13:31:24.720000,5.02,5.02,5.03,8530600.0
2018-01-30 13:31:27.890000,5.02,5.02,5.03,8530600.0
2018-01-30 13:31:31.222000,5.02,5.02,5.03,8530600.0
2018-01-30 13:31:34.146000,5.02,5.02,5.03,8530600.0
2018-01-30 13:31:37.078000,5.02,5.02,5.03,8530600.0
2018-01-30 13:31:40.674000,5.02,5.02,5.03,8530600.0
2018-01-30 13:31:43.923000,5.02,5.02,5.03,8530600.0
2018-01-30 13:31:47.005000,5.02,5.02,5.03,8530600.0
2018-01-30 13:31:50.178000,5.02,5.02,5.03,8530600.0
2018-01-30 13:31:53.169000,5.02,5.01,5.03,8575600.0
2018-01-30 13:31:56.164000,5.02,5.01,5.03,8575600.0
2018-01-30 13:31:59.124000,5.02,5.01,5.03,8575600.0
2018-01-30 13:32:02.177000,5.02,5.01,5.03,8575600.0
2018-01-30 13:32:05.261000,5.02,5.01,5.03,8575600.0
2018-01-30 13:32:08.178000,5.02,5.01,5.03,8575600.0
2018-01-30 13:32:11.222000,5.02,5.01,5.03,8575600.0
2018-01-30 13:32:14.181000,5.02,5.01,5.03,8575600.0
2018-01-30 13:32:17.107000,5.02,5.01,5.03,8575600.0
2018-01-30 13:32:20.149000,5.02,5.01,5.03,8575600.0
2018-01-30 13:32:23.116000,5.02,5.01,5.03,8575600.0
2018-01-30 13:32:26.145000,5.02,5.01,5.03,8575600.0
2018-01-30 13:32:28.975000,5.02,5.01,5.03,8575600.0
2018-01-30 13:32:31.938000,5.02,5.01,5.03,8575600.0
2018-01-30 13:32:35.354000,5.02,5.01,5.03,8575600.0
2018-01-30 13:32:38.454000,5.02,5.01,5.03,8575600.0
2018-01-30 13:32:41.474000,5.02,5.01,5.03,8575600.0
2018-01-30 13:32:44.798000,5.02,5.01,5.03,8575600.0
2018-01-30 13:32:47.771000,5.02,5.01,5.03,8575600.0
2018-01-30 13:32:50.880000,5.02,5.01,5.03,8575600.0
2018-01-30 13:32:53.975000,5.02,5.01,5.03,8575600.0
2018-01-30 13:32:57.139000,5.02,5.01,5.03,8575600.0
2018-01-30 13:33:00.212000,5.02,5.01,5.03,8575600.0
2018-01-30 13:33:03.172000,5.02,5.01,5.03,8575600.0
2018-01-30 13:33:06.413000,5.02,5.01,5.03,8575600.0
2018-01-30 13:33:10.042000,5.02,5.01,5.03,8575600.0
2018-01-30 13:33:13.280000,5.02,5.01,5.03,8575600.0
2018-01-30 13:33:16.533000,5.02,5.01,5.03,8575600.0
2018-01-30 13:33:19.722000,5.02,5.01,5.03,8575600.0
2018-01-30 13:33:22.797000,5.02,5.01,5.03,8575600.0
2018-01-30 13:33:26.146000,5.02,5.01,5.03,8575600.0
2018-01-30 13:33:29.333000,5.02,5.01,5.03,8575600.0
2018-01-30 13:33:32.505000,5.02,5.01,5.03,8575600.0
2018-01-30 13:33:35.684000,5.02,5.01,5.03,8575600.0
2018-01-30 13:33:38.710000,5.02,5.01,5.03,8575600.0
2018-01-30 13:33:41.812000,5.02,5.01,5.03,8575600.0
2018-01-30 13:33:44.909000,5.02,5.01,5.03,8575600.0
2018-01-30 13:33:48.127000,5.02,5.01,5.03,8575600.0
2018-01-30 13:33:51.614000,5.02,5.01,5.03,8575600.0
2018-01-30 13:33:54.941000,5.02,5.01,5.03,8575600.0
2018-01-30 13:33:57.945000,5.02,5.01,5.03,8575600.0
2018-01-30 13:34:01.210000,5.02,5.01,5.03,8575600.0
2018-01-30 13:34:04.249000,5.02,5.01,5.03,8575600.0
2018-01-30 13:34:07.291000,5.02,5.01,5.03,8575600.0
2018-01-30 13:34:10.334000,5.02,5.01,5.03,8575600.0
2018-01-30 13:34:13.526000,5.02,5.01,5.03,8575600.0
2018-01-30 13:34:16.777000,5.02,5.01,5.03,8575600.0
2018-01-30 13:34:20.148000,5.02,5.01,5.03,8575600.0
2018-01-30 13:34:23.543000,5.02,5.01,5.03,8575600.0
2018-01-30 13:34:26.787000,5.02,5.01,5.03,8575600.0
2018-01-30 13:34:30.019000,5.02,5.01,5.03,8575600.0
2018-01-30 13:34:33.219000,5.02,5.01,5.03,8575600.0
2018-01-30 13:34:36.592000,5.02,5.01,5.03,8575600.0
2018-01-30 13:34:39.525000,5.02,5.01,5.03,8575600.0
2018-01-30 13:34:42.694000,5.02,5.01,5.03,8575600.0
2018-01-30 13:34:45.800000,5.02,5.01,5.03,8575600.0
2018-01-30 13:34:48.729000,5.02,5.01,5.03,8575600.0
2018-01-30 13:34:51.757000,5.02,5.01,5.03,8575600.0
2018-01-30 13:34:54.753000,5.02,5.01,5.03,8575600.0
2018-01-30 13:34:57.967000,5.02,5.01,5.03,8575600.0
2018-01-30 13:35:01.413000,5.02,5.01,5.03,8575600.0
2018-01-30 13:35:04.538000,5.02,5.01,5.03,8575600.0
2018-01-30 13:35:07.528000,5.02,5.01,5.03,8575600.0
2018-01-30 13:35:10.709000,5.02,5.01,5.03,8575600.0
2018-01-30 13:35:14.168000,5.02,5.01,5.03,8575600.0
2018-01-30 13:35:17.289000,5.02,5.01,5.03,8575600.0
2018-01-30 13:35:20.359000,5.02,5.01,5.03,8575600.0
2018-01-30 13:35:23.431000,5.02,5.01,5.03,8575600.0
2018-01-30 13:35:26.614000,5.02,5.01,5.03,8575600.0
2018-01-30 13:35:29.457000,5.02,5.01,5.03,8575600.0
2018-01-30 13:35:32.809000,5.02,5.01,5.03,8575600.0
2018-01-30 13:35:35.909000,5.02,5.01,5.03,8575600.0
2018-01-30 13:35:39.045000,5.02,5.01,5.03,8575600.0
2018-01-30 13:35:42.047000,5.02,5.01,5.03,8575600.0
2018-01-30 13:35:45.129000,5.02,5.01,5.03,8575600.0
2018-01-30 13:35:48.265000,5.02,5.01,5.03,8575600.0
2018-01-30 13:35:51.530000,5.02,5.01,5.03,8575600.0
2018-01-30 13:35:54.598000,5.02,5.01,5.03,8575600.0
2018-01-30 13:35:57.856000,5.02,5.01,5.03,8575600.0
2018-01-30 13:36:00.962000,5.02,5.01,5.03,8575600.0
2018-01-30 13:36:04.319000,5.02,5.01,5.03,8575600.0
2018-01-30 13:36:07.378000,5.02,5.01,5.03,8575600.0
2018-01-30 13:36:10.811000,5.02,5.01,5.03,8575600.0
2018-01-30 13:36:13.810000,5.02,5.01,5.03,8575600.0
2018-01-30 13:36:17.629000,5.02,5.01,5.03,8575600.0
2018-01-30 13:36:20.734000,5.02,5.01,5.03,8575600.0
2018-01-30 13:36:25.522000,5.02,5.01,5.03,8575600.0
2018-01-30 13:36:28.916000,5.02,5.01,5.03,8575600.0
2018-01-30 13:36:38.478000,5.02,5.01,5.03,8575600.0
2018-01-30 13:36:47.249000,5.02,5.01,5.03,8575600.0
2018-01-30 13:36:50.256000,5.02,5.01,5.03,8575600.0
2018-01-30 13:36:53.326000,5.02,5.01,5.03,8575600.0
2018-01-30 13:37:02.212000,5.02,5.01,5.03,8575600.0
2018-01-30 13:37:05.288000,5.02,5.01,5.03,8575600.0
2018-01-30 13:37:08.338000,5.02,5.01,5.03,8575600.0
2018-01-30 13:37:12.532000,5.02,5.01,5.03,8575600.0
2018-01-30 13:37:22.079000,5.02,5.01,5.03,8575600.0
2018-01-30 13:37:25.305000,5.02,5.01,5.03,8575600.0
2018-01-30 13:37:45.024000,5.02,5.01,5.03,8575600.0
2018-01-30 13:37:48.371000,5.03,5.02,5.03,8643600.0
2018-01-30 13:37:55.679000,5.03,5.02,5.03,8643600.0
2018-01-30 13:38:02.010000,5.03,5.02,5.03,8643600.0
2018-01-30 13:38:07.215000,5.03,5.02,5.03,8643600.0
2018-01-30 13:38:13.277000,5.03,5.02,5.03,8643600.0
2018-01-30 13:38:16.733000,5.03,5.02,5.03,8643600.0
2018-01-30 13:38:19.457000,5.03,5.02,5.03,8643600.0
2018-01-30 13:38:22.816000,5.03,5.02,5.03,8643600.0
2018-01-30 13:38:26.079000,5.03,5.02,5.03,8643600.0
2018-01-30 13:38:29.288000,5.03,5.02,5.03,8643600.0
2018-01-30 13:38:32.268000,5.03,5.02,5.03,8643600.0
2018-01-30 13:38:35.290000,5.03,5.02,5.03,8643600.0
2018-01-30 13:38:38.403000,5.03,5.02,5.03,8643600.0
2018-01-30 13:38:41.707000,5.03,5.02,5.03,8643600.0
2018-01-30 13:38:44.767000,5.03,5.02,5.03,8643600.0
2018-01-30 13:38:48.168000,5.03,5.02,5.03,8643600.0
2018-01-30 13:38:51.445000,5.03,5.02,5.03,8643600.0
2018-01-30 13:38:54.961000,5.03,5.02,5.03,8643600.0
2018-01-30 13:38:58.219000,5.03,5.02,5.03,8643600.0
2018-01-30 13:39:01.388000,5.03,5.02,5.03,8643600.0
2018-01-30 13:39:04.588000,5.03,5.02,5.03,8643600.0
2018-01-30 13:39:07.872000,5.03,5.02,5.03,8643600.0
2018-01-30 13:39:11.301000,5.03,5.02,5.03,8643600.0
2018-01-30 13:39:14.574000,5.03,5.02,5.03,8643600.0
2018-01-30 13:39:17.657000,5.03,5.02,5.03,8643600.0
2018-01-30 13:39:20.851000,5.03,5.02,5.03,8643600.0
2018-01-30 13:39:24.028000,5.03,5.02,5.03,8643600.0
2018-01-30 13:39:27.245000,5.03,5.02,5.03,8643600.0
2018-01-30 13:39:30.275000,5.03,5.02,5.03,8643600.0
2018-01-30 13:39:33.424000,5.03,5.02,5.03,8643600.0
2018-01-30 13:39:36.332000,5.03,5.02,5.03,8643600.0
2018-01-30 13:39:39.287000,5.03,5.02,5.03,8643600.0
2018-01-30 13:39:42.255000,5.03,5.02,5.03,8643600.0
2018-01-30 13:39:45.245000,5.03,5.02,5.03,8643600.0
2018-01-30 13:39:48.204000,5.03,5.02,5.03,8643600.0
2018-01-30 13:39:51.280000,5.03,5.02,5.03,8643600.0
2018-01-30 13:39:54.151000,5.03,5.02,5.03,8643600.0
2018-01-30 13:39:57.130000,5.03,5.02,5.03,8671600.0
2018-01-30 13:40:00.089000,5.03,5.02,5.03,8671600.0
2018-01-30 13:40:03.015000,5.03,5.02,5.03,8671600.0
2018-01-30 13:40:06.105000,5.03,5.02,5.03,8671600.0
2018-01-30 13:40:09.341000,5.03,5.02,5.03,8671600.0
2018-01-30 13:40:12.334000,5.03,5.02,5.03,8671600.0
2018-01-30 13:40:15.511000,5.03,5.02,5.03,8671600.0
2018-01-30 13:40:18.547000,5.03,5.02,5.03,8671600.0
2018-01-30 13:40:21.559000,5.03,5.02,5.03,8671600.0
2018-01-30 13:40:24.765000,5.03,5.02,5.03,8671600.0
2018-01-30 13:40:27.815000,5.03,5.02,5.03,8671600.0
2018-01-30 13:40:30.730000,5.03,5.02,5.03,8671600.0
2018-01-30 13:40:33.897000,5.03,5.02,5.03,8671600.0
2018-01-30 13:40:36.953000,5.03,5.02,5.03,8671600.0
2018-01-30 13:40:39.965000,5.03,5.02,5.03,8671600.0
2018-01-30 13:40:43.192000,5.03,5.02,5.03,8671600.0
2018-01-30 13:40:46.293000,5.03,5.02,5.03,8671600.0
2018-01-30 13:40:49.101000,5.03,5.02,5.03,8671600.0
2018-01-30 13:40:52.089000,5.03,5.02,5.03,8671600.0
2018-01-30 13:40:55.057000,5.03,5.02,5.03,8671600.0
2018-01-30 13:40:58.172000,5.03,5.02,5.03,8671600.0
2018-01-30 13:41:01.187000,5.03,5.02,5.03,8671600.0
2018-01-30 13:41:04.201000,5.03,5.02,5.03,8671600.0
2018-01-30 13:41:07.204000,5.03,5.02,5.03,8671600.0
2018-01-30 13:41:10.358000,5.03,5.02,5.03,8671600.0
2018-01-30 13:41:13.374000,5.03,5.02,5.03,8671600.0
2018-01-30 13:41:16.620000,5.03,5.02,5.03,8671600.0
2018-01-30 13:41:19.685000,5.03,5.02,5.03,8671600.0
2018-01-30 13:41:22.755000,5.03,5.02,5.03,8671600.0
2018-01-30 13:41:25.805000,5.03,5.02,5.03,8671600.0
2018-01-30 13:41:28.829000,5.03,5.02,5.03,8671600.0
2018-01-30 13:41:31.948000,5.03,5.02,5.03,8671600.0
2018-01-30 13:41:34.904000,5.03,5.02,5.03,8671600.0
2018-01-30 13:41:37.798000,5.03,5.02,5.03,8671600.0
2018-01-30 13:41:40.796000,5.03,5.02,5.03,8671600.0
2018-01-30 13:41:43.793000,5.03,5.02,5.03,8671600.0
2018-01-30 13:41:46.716000,5.03,5.02,5.03,8671600.0
2018-01-30 13:41:49.755000,5.03,5.02,5.03,8671600.0
2018-01-30 13:41:52.857000,5.03,5.02,5.03,8671600.0
2018-01-30 13:41:55.960000,5.03,5.02,5.03,8671600.0
2018-01-30 13:41:58.908000,5.03,5.02,5.03,8671600.0
2018-01-30 13:42:02.080000,5.03,5.02,5.03,8671600.0
2018-01-30 13:42:05.418000,5.03,5.02,5.03,8671600.0
2018-01-30 13:42:08.508000,5.03,5.02,5.03,8671600.0
2018-01-30 13:42:11.391000,5.03,5.02,5.03,8671600.0
2018-01-30 13:42:14.781000,5.02,5.02,5.03,8693600.0
2018-01-30 13:42:17.666000,5.02,5.02,5.03,8693600.0
2018-01-30 13:42:20.669000,5.02,5.02,5.03,8693600.0
2018-01-30 13:42:23.667000,5.02,5.02,5.03,8693600.0
2018-01-30 13:42:26.703000,5.02,5.02,5.03,8693600.0
2018-01-30 13:42:29.799000,5.02,5.02,5.03,8693600.0
2018-01-30 13:42:32.823000,5.02,5.02,5.03,8693600.0
2018-01-30 13:42:35.996000,5.02,5.02,5.03,8693600.0
2018-01-30 13:42:38.946000,5.02,5.02,5.03,8693600.0
2018-01-30 13:42:42.032000,5.02,5.02,5.03,8693600.0
2018-01-30 13:42:46.149000,5.02,5.02,5.03,8693600.0
2018-01-30 13:42:49.888000,5.02,5.02,5.03,8693600.0
2018-01-30 13:42:52.924000,5.02,5.02,5.03,8693600.0
2018-01-30 13:42:55.929000,5.02,5.02,5.03,8693600.0
2018-01-30 13:42:58.942000,5.02,5.02,5.03,8693600.0
2018-01-30 13:43:02.104000,5.02,5.02,5.03,8693600.0
2018-01-30 13:43:05.043000,5.02,5.02,5.03,8693600.0
2018-01-30 13:43:07.956000,5.02,5.02,5.03,8693600.0
2018-01-30 13:43:10.922000,5.02,5.02,5.03,8693600.0
2018-01-30 13:43:13.810000,5.02,5.02,5.03,8693600.0
2018-01-30 13:43:16.626000,5.02,5.02,5.03,8693600.0
2018-01-30 13:43:19.612000,5.02,5.02,5.03,8693600.0
2018-01-30 13:43:22.691000,5.02,5.02,5.03,8693600.0
2018-01-30 13:43:25.671000,5.02,5.02,5.03,8693600.0
2018-01-30 13:43:28.581000,5.02,5.02,5.03,8693600.0
2018-01-30 13:43:31.515000,5.02,5.02,5.03,8693600.0
2018-01-30 13:43:34.519000,5.02,5.02,5.03,8693600.0
2018-01-30 13:43:37.570000,5.02,5.02,5.03,8693600.0
2018-01-30 13:43:40.703000,5.02,5.02,5.03,8693600.0
2018-01-30 13:43:43.957000,5.02,5.02,5.03,8693600.0
2018-01-30 13:43:47.063000,5.02,5.02,5.03,8693600.0
2018-01-30 13:43:50.198000,5.02,5.02,5.03,8693600.0
2018-01-30 13:43:53.113000,5.02,5.02,5.03,8693600.0
2018-01-30 13:43:56.158000,5.02,5.02,5.03,8693600.0
2018-01-30 13:43:59.156000,5.02,5.02,5.03,8693600.0
2018-01-30 13:44:02.329000,5.02,5.02,5.03,8693600.0
2018-01-30 13:44:05.263000,5.02,5.02,5.03,8693600.0
2018-01-30 13:44:08.240000,5.02,5.02,5.03,8693600.0
2018-01-30 13:44:11.384000,5.02,5.02,5.03,8693600.0
2018-01-30 13:44:14.394000,5.02,5.02,5.03,8693600.0
2018-01-30 13:44:17.511000,5.02,5.01,5.02,8718600.0
2018-01-30 13:44:20.797000,5.02,5.01,5.02,8718600.0
2018-01-30 13:44:23.902000,5.02,5.01,5.02,8718600.0
2018-01-30 13:44:27.342000,5.02,5.01,5.02,8718600.0
2018-01-30 13:44:30.735000,5.02,5.01,5.02,8718600.0
2018-01-30 13:44:34.004000,5.02,5.01,5.02,8718600.0
2018-01-30 13:44:37.332000,5.02,5.01,5.02,8718600.0
2018-01-30 13:44:40.461000,5.02,5.01,5.02,8718600.0
2018-01-30 13:44:43.945000,5.02,5.01,5.02,8718600.0
2018-01-30 13:44:47.197000,5.02,5.01,5.02,8718600.0
2018-01-30 13:44:50.447000,5.02,5.01,5.02,8718600.0
2018-01-30 13:44:53.614000,5.02,5.01,5.02,8718600.0
2018-01-30 13:44:56.681000,5.02,5.01,5.02,8718600.0
2018-01-30 13:44:59.785000,5.02,5.01,5.02,8718600.0
2018-01-30 13:45:03.081000,5.02,5.01,5.02,8718600.0
2018-01-30 13:45:06.614000,5.02,5.01,5.02,8718600.0
2018-01-30 13:45:09.539000,5.02,5.01,5.02,8718600.0
2018-01-30 13:45:12.786000,5.02,5.01,5.02,8718600.0
2018-01-30 13:45:15.766000,5.02,5.01,5.02,8718600.0
2018-01-30 13:45:18.906000,5.02,5.01,5.02,8718600.0
2018-01-30 13:45:22.065000,5.02,5.01,5.02,8718600.0
2018-01-30 13:45:25.065000,5.02,5.01,5.02,8718600.0
2018-01-30 13:45:28.211000,5.02,5.01,5.02,8718600.0
2018-01-30 13:45:31.315000,5.02,5.01,5.02,8718600.0
2018-01-30 13:45:34.318000,5.02,5.01,5.02,8718600.0
2018-01-30 13:45:37.457000,5.02,5.01,5.02,8718600.0
2018-01-30 13:45:40.627000,5.02,5.01,5.02,8718600.0
2018-01-30 13:45:43.634000,5.02,5.01,5.02,8718600.0
2018-01-30 13:45:46.834000,5.02,5.01,5.02,8718600.0
2018-01-30 13:45:49.900000,5.02,5.01,5.02,8718600.0
2018-01-30 13:45:53.098000,5.02,5.01,5.02,8718600.0
2018-01-30 13:45:56.091000,5.02,5.01,5.02,8718600.0
2018-01-30 13:45:59.322000,5.02,5.01,5.02,8718600.0
2018-01-30 13:46:02.423000,5.02,5.01,5.02,8718600.0
2018-01-30 13:46:05.504000,5.02,5.01,5.02,8718600.0
2018-01-30 13:46:08.811000,5.02,5.01,5.02,8718600.0
2018-01-30 13:46:11.849000,5.02,5.01,5.02,8718600.0
2018-01-30 13:46:14.905000,5.02,5.01,5.02,8718600.0
2018-01-30 13:46:18.144000,5.02,5.01,5.02,8718600.0
2018-01-30 13:46:21.018000,5.02,5.01,5.02,8718600.0
2018-01-30 13:46:23.946000,5.02,5.01,5.02,8718600.0
2018-01-30 13:46:27.194000,5.02,5.01,5.02,8718600.0
2018-01-30 13:46:30.257000,5.02,5.01,5.02,8718600.0
2018-01-30 13:46:33.386000,5.02,5.01,5.02,8718600.0
2018-01-30 13:46:36.269000,5.02,5.01,5.02,8718600.0
2018-01-30 13:46:39.222000,5.02,5.01,5.02,8718600.0
2018-01-30 13:46:42.252000,5.02,5.01,5.02,8718600.0
2018-01-30 13:46:45.198000,5.02,5.01,5.02,8718600.0
2018-01-30 13:46:48.568000,5.02,5.01,5.02,8718600.0
2018-01-30 13:46:51.470000,5.02,5.01,5.02,8718600.0
2018-01-30 13:46:54.523000,5.02,5.01,5.02,8718600.0
2018-01-30 13:46:57.458000,5.02,5.01,5.02,8718600.0
2018-01-30 13:47:00.427000,5.02,5.01,5.02,8718600.0
2018-01-30 13:47:03.257000,5.02,5.01,5.02,8718600.0
2018-01-30 13:47:06.268000,5.03,5.02,5.03,8728600.0
2018-01-30 13:47:09.283000,5.03,5.02,5.03,8728600.0
2018-01-30 13:47:12.340000,5.03,5.02,5.03,8728600.0
2018-01-30 13:47:15.393000,5.03,5.02,5.03,8728600.0
2018-01-30 13:47:18.570000,5.03,5.02,5.03,8728600.0
2018-01-30 13:47:21.567000,5.03,5.02,5.03,8728600.0
2018-01-30 13:47:24.461000,5.03,5.02,5.03,8728600.0
2018-01-30 13:47:27.606000,5.03,5.02,5.03,8728600.0
2018-01-30 13:47:30.667000,5.03,5.02,5.03,8728600.0
2018-01-30 13:47:33.640000,5.03,5.02,5.03,8728600.0
2018-01-30 13:47:36.819000,5.03,5.02,5.03,8728600.0
2018-01-30 13:47:39.899000,5.03,5.02,5.03,8728600.0
2018-01-30 13:47:43.151000,5.03,5.02,5.03,8728600.0
2018-01-30 13:47:46.179000,5.03,5.02,5.03,8728600.0
2018-01-30 13:47:49.174000,5.03,5.02,5.03,8728600.0
2018-01-30 13:47:52.195000,5.03,5.02,5.03,8728600.0
2018-01-30 13:47:55.162000,5.03,5.02,5.03,8728600.0
2018-01-30 13:47:58.259000,5.03,5.02,5.03,8728600.0
2018-01-30 13:48:01.300000,5.03,5.02,5.03,8728600.0
2018-01-30 13:48:04.196000,5.03,5.02,5.03,8728600.0
2018-01-30 13:48:07.256000,5.03,5.02,5.03,8728600.0
2018-01-30 13:48:10.343000,5.03,5.02,5.03,8728600.0
2018-01-30 13:48:13.374000,5.03,5.02,5.03,8728600.0
2018-01-30 13:48:16.396000,5.03,5.02,5.03,8729600.0
2018-01-30 13:48:19.505000,5.03,5.02,5.03,8729600.0
2018-01-30 13:48:22.669000,5.03,5.02,5.03,8729600.0
2018-01-30 13:48:25.668000,5.03,5.02,5.03,8729600.0
2018-01-30 13:48:28.765000,5.03,5.02,5.03,8729600.0
2018-01-30 13:48:31.794000,5.03,5.02,5.03,8729600.0
2018-01-30 13:48:34.698000,5.03,5.02,5.03,8729600.0
2018-01-30 13:48:37.582000,5.03,5.02,5.03,8729600.0
2018-01-30 13:48:40.562000,5.03,5.02,5.03,8729600.0
2018-01-30 13:48:43.401000,5.03,5.02,5.03,8729600.0
2018-01-30 13:48:46.425000,5.03,5.02,5.03,8729600.0
2018-01-30 13:48:49.470000,5.03,5.02,5.03,8729600.0
2018-01-30 13:48:52.457000,5.03,5.02,5.03,8729600.0
2018-01-30 13:48:55.566000,5.03,5.02,5.03,8729600.0
2018-01-30 13:48:58.853000,5.03,5.02,5.03,8729600.0
2018-01-30 13:49:01.813000,5.03,5.02,5.03,8729600.0
2018-01-30 13:49:04.835000,5.03,5.02,5.03,8729600.0
2018-01-30 13:49:07.801000,5.03,5.02,5.03,8729600.0
2018-01-30 13:49:10.850000,5.03,5.02,5.03,8729600.0
2018-01-30 13:49:13.885000,5.03,5.02,5.03,8729600.0
2018-01-30 13:49:16.967000,5.03,5.02,5.03,8729600.0
2018-01-30 13:49:19.934000,5.03,5.02,5.03,8729600.0
2018-01-30 13:49:23.086000,5.03,5.02,5.03,8729600.0
2018-01-30 13:49:26.130000,5.03,5.02,5.03,8729600.0
2018-01-30 13:49:29.244000,5.03,5.02,5.03,8743800.0
2018-01-30 13:49:32.239000,5.03,5.02,5.03,8743800.0
2018-01-30 13:49:35.253000,5.03,5.02,5.03,8743800.0
2018-01-30 13:49:38.227000,5.03,5.02,5.03,8743800.0
2018-01-30 13:49:41.287000,5.03,5.02,5.03,8743800.0
2018-01-30 13:49:44.203000,5.03,5.02,5.03,8743800.0
2018-01-30 13:49:47.088000,5.03,5.02,5.03,8743800.0
2018-01-30 13:49:50.046000,5.03,5.02,5.03,8743800.0
2018-01-30 13:49:53.266000,5.03,5.02,5.03,8743800.0
2018-01-30 13:49:56.568000,5.03,5.02,5.03,8743800.0
2018-01-30 13:49:59.746000,5.03,5.02,5.03,8743800.0
2018-01-30 13:50:02.603000,5.03,5.02,5.03,8743800.0
2018-01-30 13:50:05.576000,5.03,5.02,5.03,8743800.0
2018-01-30 13:50:08.865000,5.03,5.02,5.03,8743800.0
2018-01-30 13:50:11.990000,5.03,5.02,5.03,8743800.0
2018-01-30 13:50:14.886000,5.03,5.02,5.03,8743800.0
2018-01-30 13:50:17.890000,5.03,5.02,5.03,8743800.0
2018-01-30 13:50:20.914000,5.03,5.02,5.03,8743800.0
2018-01-30 13:50:23.952000,5.03,5.02,5.03,8743800.0
2018-01-30 13:50:27.008000,5.03,5.02,5.03,8743800.0
2018-01-30 13:50:30.402000,5.03,5.02,5.03,8743800.0
2018-01-30 13:50:33.424000,5.03,5.02,5.03,8743800.0
2018-01-30 13:50:36.507000,5.03,5.02,5.03,8743800.0
2018-01-30 13:50:39.714000,5.03,5.02,5.03,8743800.0
2018-01-30 13:50:42.809000,5.03,5.02,5.03,8743800.0
2018-01-30 13:50:45.862000,5.03,5.02,5.03,8743800.0
2018-01-30 13:50:48.964000,5.03,5.02,5.03,8743800.0
2018-01-30 13:50:52.414000,5.03,5.02,5.03,8743800.0
2018-01-30 13:50:56.817000,5.03,5.02,5.03,8743800.0
2018-01-30 13:51:00.384000,5.03,5.02,5.03,8743800.0
2018-01-30 13:51:03.251000,5.03,5.02,5.03,8743800.0
2018-01-30 13:51:06.100000,5.03,5.02,5.03,8743800.0
2018-01-30 13:51:08.962000,5.03,5.02,5.03,8743800.0
2018-01-30 13:51:11.888000,5.03,5.02,5.03,8743800.0
2018-01-30 13:51:14.732000,5.02,5.02,5.03,8763800.0
2018-01-30 13:51:17.735000,5.02,5.02,5.03,8763800.0
2018-01-30 13:51:20.878000,5.02,5.02,5.03,8763800.0
2018-01-30 13:51:24.029000,5.02,5.02,5.03,8763800.0
2018-01-30 13:51:26.994000,5.02,5.02,5.03,8763800.0
2018-01-30 13:51:30.038000,5.02,5.02,5.03,8763800.0
2018-01-30 13:51:33.050000,5.02,5.02,5.03,8763800.0
2018-01-30 13:51:36.126000,5.02,5.02,5.03,8763800.0
2018-01-30 13:51:39.239000,5.02,5.02,5.03,8763800.0
2018-01-30 13:51:42.307000,5.02,5.02,5.03,8763800.0
2018-01-30 13:51:45.156000,5.02,5.02,5.03,8763800.0
2018-01-30 13:51:48.236000,5.02,5.02,5.03,8763800.0
2018-01-30 13:51:51.125000,5.02,5.02,5.03,8763800.0
2018-01-30 13:51:54.098000,5.02,5.02,5.03,8763800.0
2018-01-30 13:51:57.151000,5.02,5.02,5.03,8763800.0
2018-01-30 13:52:00.023000,5.02,5.02,5.03,8763800.0
2018-01-30 13:52:03.065000,5.02,5.02,5.03,8763800.0
2018-01-30 13:52:06.032000,5.02,5.02,5.03,8763800.0
2018-01-30 13:52:09,5.02,5.02,5.03,8763800.0
2018-01-30 13:52:12.166000,5.02,5.02,5.03,8763800.0
2018-01-30 13:52:15.390000,5.02,5.02,5.03,8763800.0
2018-01-30 13:52:18.154000,5.02,5.02,5.03,8763800.0
2018-01-30 13:52:21.274000,5.02,5.02,5.03,8763800.0
2018-01-30 13:52:24.364000,5.02,5.02,5.03,8763800.0
2018-01-30 13:52:27.379000,5.02,5.02,5.03,8763800.0
2018-01-30 13:52:30.391000,5.02,5.02,5.03,8763800.0
2018-01-30 13:52:33.396000,5.02,5.02,5.03,8763800.0
2018-01-30 13:52:36.464000,5.02,5.02,5.03,8763800.0
2018-01-30 13:52:39.289000,5.02,5.02,5.03,8763800.0
2018-01-30 13:52:42.155000,5.02,5.02,5.03,8763800.0
2018-01-30 13:52:45.084000,5.02,5.02,5.03,8763800.0
2018-01-30 13:52:48.174000,5.02,5.02,5.03,8763800.0
2018-01-30 13:52:51.210000,5.02,5.02,5.03,8763800.0
2018-01-30 13:52:54.108000,5.02,5.02,5.03,8763800.0
2018-01-30 13:52:56.995000,5.02,5.02,5.03,8763800.0
2018-01-30 13:53:00.001000,5.02,5.02,5.03,8763800.0
2018-01-30 13:53:03.156000,5.02,5.02,5.03,8763800.0
2018-01-30 13:53:06.557000,5.02,5.02,5.03,8763800.0
2018-01-30 13:53:09.215000,5.02,5.02,5.03,8763800.0
2018-01-30 13:53:12.136000,5.02,5.02,5.03,8763800.0
2018-01-30 13:53:15.097000,5.02,5.02,5.03,8763800.0
2018-01-30 13:53:18.053000,5.02,5.02,5.03,8763800.0
2018-01-30 13:53:21.250000,5.02,5.02,5.03,8763800.0
2018-01-30 13:53:24.202000,5.02,5.02,5.03,8763800.0
2018-01-30 13:53:27.184000,5.02,5.02,5.03,8763800.0
2018-01-30 13:53:29.939000,5.02,5.02,5.03,8763800.0
2018-01-30 13:53:32.781000,5.02,5.02,5.03,8763800.0
2018-01-30 13:53:35.787000,5.02,5.02,5.03,8763800.0
2018-01-30 13:53:38.576000,5.02,5.02,5.03,8763800.0
2018-01-30 13:53:41.760000,5.02,5.02,5.03,8763800.0
2018-01-30 13:53:44.813000,5.03,5.02,5.03,8773800.0
2018-01-30 13:53:47.904000,5.03,5.02,5.03,8773800.0
2018-01-30 13:53:50.990000,5.03,5.02,5.03,8773800.0
2018-01-30 13:53:54.154000,5.03,5.02,5.03,8773800.0
2018-01-30 13:53:57.182000,5.03,5.02,5.03,8773800.0
2018-01-30 13:54:00.046000,5.03,5.02,5.03,8773800.0
2018-01-30 13:54:03.114000,5.03,5.02,5.03,8773800.0
2018-01-30 13:54:06.080000,5.03,5.02,5.03,8773800.0
2018-01-30 13:54:09.106000,5.03,5.02,5.03,8773800.0
2018-01-30 13:54:11.986000,5.03,5.02,5.03,8773800.0
2018-01-30 13:54:15.250000,5.03,5.02,5.03,8773800.0
2018-01-30 13:54:18.363000,5.03,5.02,5.03,8773800.0
2018-01-30 13:54:21.370000,5.03,5.02,5.03,8773800.0
2018-01-30 13:54:24.258000,5.03,5.02,5.03,8773800.0
2018-01-30 13:54:27.155000,5.03,5.02,5.03,8773800.0
2018-01-30 13:54:30.202000,5.03,5.02,5.03,8773800.0
2018-01-30 13:54:33.393000,5.03,5.02,5.03,8773800.0
2018-01-30 13:54:36.402000,5.03,5.02,5.03,8773800.0
2018-01-30 13:54:39.908000,5.03,5.02,5.03,8773800.0
2018-01-30 13:54:42.891000,5.03,5.02,5.03,8773800.0
2018-01-30 13:54:46.100000,5.03,5.02,5.03,8773800.0
2018-01-30 13:54:50.085000,5.03,5.02,5.03,8773800.0
2018-01-30 13:54:53.080000,5.03,5.02,5.03,8773800.0
2018-01-30 13:54:56.033000,5.03,5.02,5.03,8773800.0
2018-01-30 13:54:58.983000,5.03,5.02,5.03,8773800.0
2018-01-30 13:55:02.038000,5.03,5.02,5.03,8773800.0
2018-01-30 13:55:05,5.03,5.02,5.03,8773800.0
2018-01-30 13:55:08.042000,5.03,5.02,5.03,8773800.0
2018-01-30 13:55:11.106000,5.03,5.02,5.03,8773800.0
2018-01-30 13:55:14.120000,5.03,5.02,5.03,8773800.0
2018-01-30 13:55:17.077000,5.03,5.02,5.03,8773800.0
2018-01-30 13:55:20.168000,5.03,5.02,5.03,8773800.0
2018-01-30 13:55:22.985000,5.03,5.02,5.03,8773800.0
2018-01-30 13:55:26.135000,5.03,5.02,5.03,8773800.0
2018-01-30 13:55:29.033000,5.03,5.02,5.03,8773800.0
2018-01-30 13:55:32.107000,5.03,5.02,5.03,8773800.0
2018-01-30 13:55:34.927000,5.03,5.02,5.03,8773800.0
2018-01-30 13:55:37.891000,5.03,5.02,5.03,8773800.0
2018-01-30 13:55:40.988000,5.03,5.02,5.03,8773800.0
2018-01-30 13:55:44.135000,5.03,5.02,5.03,8773800.0
2018-01-30 13:55:47.491000,5.03,5.02,5.03,8773800.0
2018-01-30 13:55:50.815000,5.03,5.02,5.03,8773800.0
2018-01-30 13:55:53.730000,5.03,5.02,5.03,8773800.0
2018-01-30 13:55:56.590000,5.03,5.02,5.03,8773800.0
2018-01-30 13:55:59.427000,5.03,5.02,5.03,8773800.0
2018-01-30 13:56:02.428000,5.03,5.02,5.03,8773800.0
2018-01-30 13:56:05.395000,5.03,5.02,5.03,8773800.0
2018-01-30 13:56:08.642000,5.03,5.02,5.03,8773800.0
2018-01-30 13:56:11.720000,5.03,5.02,5.03,8773800.0
2018-01-30 13:56:14.545000,5.03,5.02,5.03,8773800.0
2018-01-30 13:56:17.560000,5.03,5.02,5.03,8773800.0
2018-01-30 13:56:20.641000,5.03,5.02,5.03,8773800.0
2018-01-30 13:56:23.668000,5.03,5.02,5.03,8773800.0
2018-01-30 13:56:26.825000,5.03,5.02,5.03,8773800.0
2018-01-30 13:56:29.892000,5.03,5.02,5.03,8773800.0
2018-01-30 13:56:32.835000,5.03,5.02,5.03,8773800.0
2018-01-30 13:56:35.683000,5.03,5.02,5.03,8773800.0
2018-01-30 13:56:38.581000,5.03,5.02,5.03,8773800.0
2018-01-30 13:56:41.490000,5.03,5.02,5.03,8773800.0
2018-01-30 13:56:44.653000,5.03,5.02,5.03,8773800.0
2018-01-30 13:56:47.633000,5.03,5.02,5.03,8773800.0
2018-01-30 13:56:50.706000,5.03,5.02,5.03,8773800.0
2018-01-30 13:56:53.667000,5.03,5.02,5.03,8773800.0
2018-01-30 13:56:56.519000,5.03,5.02,5.03,8773800.0
2018-01-30 13:56:59.515000,5.03,5.02,5.03,8773800.0
2018-01-30 13:57:02.600000,5.03,5.02,5.03,8773800.0
2018-01-30 13:57:05.560000,5.03,5.02,5.03,8773800.0
2018-01-30 13:57:08.618000,5.03,5.02,5.03,8773800.0
2018-01-30 13:57:11.585000,5.03,5.02,5.03,8773800.0
2018-01-30 13:57:14.441000,5.03,5.02,5.03,8773800.0
2018-01-30 13:57:17.503000,5.03,5.02,5.03,8773800.0
2018-01-30 13:57:20.316000,5.03,5.02,5.03,8773800.0
2018-01-30 13:57:23.185000,5.03,5.02,5.03,8773800.0
2018-01-30 13:57:25.989000,5.03,5.02,5.03,8773800.0
2018-01-30 13:57:28.987000,5.02,5.01,5.02,8781800.0
2018-01-30 13:57:32.167000,5.02,5.01,5.02,8781800.0
2018-01-30 13:57:35.221000,5.02,5.01,5.02,8781800.0
2018-01-30 13:57:38.321000,5.02,5.01,5.02,8781800.0
2018-01-30 13:57:41.330000,5.02,5.01,5.02,8781800.0
2018-01-30 13:57:44.217000,5.02,5.01,5.02,8781800.0
2018-01-30 13:57:47.311000,5.02,5.01,5.02,8781800.0
2018-01-30 13:57:51.581000,5.02,5.01,5.02,8781800.0
2018-01-30 13:57:54.762000,5.02,5.01,5.02,8781800.0
2018-01-30 13:57:57.768000,5.02,5.01,5.02,8781800.0
2018-01-30 13:58:01.102000,5.02,5.01,5.02,8781800.0
2018-01-30 13:58:04.022000,5.02,5.01,5.02,8781800.0
2018-01-30 13:58:07.172000,5.02,5.01,5.02,8781800.0
2018-01-30 13:58:10.028000,5.02,5.01,5.02,8781800.0
2018-01-30 13:58:12.925000,5.02,5.01,5.02,8781800.0
2018-01-30 13:58:15.545000,5.02,5.01,5.02,8781800.0
2018-01-30 13:58:18.333000,5.02,5.01,5.02,8781800.0
2018-01-30 13:58:20.977000,5.02,5.01,5.02,8781800.0
2018-01-30 13:58:23.516000,5.02,5.01,5.02,8781800.0
2018-01-30 13:58:26.045000,5.02,5.01,5.02,8781800.0
2018-01-30 13:58:28.595000,5.02,5.01,5.02,8781800.0
2018-01-30 13:58:31.118000,5.02,5.01,5.02,8781800.0
2018-01-30 13:58:33.835000,5.02,5.01,5.02,8781800.0
2018-01-30 13:58:36.307000,5.02,5.01,5.02,8781800.0
2018-01-30 13:58:38.630000,5.02,5.01,5.02,8781800.0
2018-01-30 13:58:41.165000,5.02,5.01,5.02,8781800.0
2018-01-30 13:58:43.655000,5.02,5.01,5.02,8781800.0
2018-01-30 13:58:46.135000,5.02,5.01,5.02,8781800.0
2018-01-30 13:58:48.791000,5.02,5.01,5.02,8781800.0
2018-01-30 13:58:51.374000,5.02,5.01,5.02,8781800.0
2018-01-30 13:58:53.828000,5.02,5.01,5.02,8781800.0
2018-01-30 13:58:56.509000,5.02,5.01,5.02,8781800.0
2018-01-30 13:58:59.186000,5.02,5.01,5.02,8781800.0
2018-01-30 13:59:01.655000,5.02,5.01,5.02,8781800.0
2018-01-30 13:59:04.053000,5.02,5.01,5.02,8781800.0
2018-01-30 13:59:06.782000,5.02,5.01,5.02,8781800.0
2018-01-30 13:59:09.235000,5.02,5.01,5.02,8781800.0
2018-01-30 13:59:11.968000,5.02,5.01,5.02,8781800.0
2018-01-30 13:59:14.482000,5.02,5.01,5.02,8781800.0
2018-01-30 13:59:17.146000,5.02,5.01,5.02,8781800.0
2018-01-30 13:59:19.850000,5.02,5.01,5.02,8781800.0
2018-01-30 13:59:22.663000,5.02,5.01,5.02,8781800.0
2018-01-30 13:59:25.213000,5.02,5.01,5.02,8781800.0
2018-01-30 13:59:27.742000,5.02,5.01,5.02,8781800.0
2018-01-30 13:59:30.356000,5.02,5.01,5.02,8781800.0
2018-01-30 13:59:32.989000,5.02,5.01,5.02,8781800.0
2018-01-30 13:59:35.596000,5.02,5.01,5.02,8781800.0
2018-01-30 13:59:38.246000,5.02,5.01,5.02,8781800.0
2018-01-30 13:59:40.911000,5.02,5.01,5.02,8781800.0
2018-01-30 13:59:43.440000,5.02,5.01,5.02,8781800.0
2018-01-30 13:59:45.799000,5.02,5.01,5.02,8781800.0
2018-01-30 13:59:48.375000,5.02,5.01,5.02,8781800.0
2018-01-30 13:59:51.135000,5.02,5.01,5.02,8781800.0
2018-01-30 13:59:53.759000,5.02,5.01,5.02,8781800.0
2018-01-30 13:59:56.298000,5.02,5.01,5.02,8781800.0
2018-01-30 13:59:58.942000,5.02,5.01,5.02,8781800.0
2018-01-30 14:00:01.753000,5.02,5.01,5.02,8781800.0
2018-01-30 14:00:04.447000,5.02,5.01,5.02,8781800.0
2018-01-30 14:00:07.277000,5.02,5.01,5.02,8781800.0
2018-01-30 14:00:09.728000,5.02,5.01,5.02,8781800.0
2018-01-30 14:00:12.527000,5.02,5.01,5.02,8781800.0
2018-01-30 14:00:15.173000,5.02,5.01,5.03,8782700.0
2018-01-30 14:00:17.865000,5.02,5.01,5.03,8782700.0
2018-01-30 14:00:20.477000,5.02,5.01,5.03,8782700.0
2018-01-30 14:00:22.990000,5.02,5.01,5.03,8782700.0
2018-01-30 14:00:26.985000,5.02,5.01,5.03,8782700.0
2018-01-30 14:00:30.338000,5.02,5.01,5.03,8782700.0
2018-01-30 14:00:33.660000,5.02,5.01,5.03,8782700.0
2018-01-30 14:00:37.127000,5.02,5.01,5.03,8782700.0
2018-01-30 14:00:40.233000,5.02,5.01,5.03,8782700.0
2018-01-30 14:00:43.534000,5.02,5.01,5.03,8782700.0
2018-01-30 14:00:47.034000,5.02,5.01,5.03,8782700.0
2018-01-30 14:00:50.630000,5.02,5.01,5.03,8782700.0
2018-01-30 14:00:53.835000,5.02,5.01,5.03,8782700.0
2018-01-30 14:00:57.221000,5.02,5.01,5.03,8782700.0
2018-01-30 14:01:00.305000,5.02,5.01,5.03,8782700.0
2018-01-30 14:01:04.117000,5.02,5.01,5.03,8782700.0
2018-01-30 14:01:07.660000,5.02,5.01,5.03,8782700.0
2018-01-30 14:01:10.950000,5.02,5.01,5.03,8782700.0
2018-01-30 14:01:13.938000,5.02,5.01,5.03,8782700.0
2018-01-30 14:01:17.424000,5.02,5.01,5.03,8782700.0
2018-01-30 14:01:20.602000,5.02,5.01,5.03,8782700.0
2018-01-30 14:01:23.823000,5.02,5.01,5.03,8782700.0
2018-01-30 14:01:27.082000,5.02,5.01,5.03,8782700.0
2018-01-30 14:01:30.438000,5.02,5.01,5.03,8782700.0
2018-01-30 14:01:33.539000,5.02,5.01,5.03,8782700.0
2018-01-30 14:01:36.751000,5.02,5.01,5.03,8782700.0
2018-01-30 14:01:39.594000,5.02,5.01,5.03,8782700.0
2018-01-30 14:01:42.692000,5.02,5.01,5.03,8782700.0
2018-01-30 14:01:46.203000,5.02,5.01,5.03,8782700.0
2018-01-30 14:01:49.145000,5.02,5.01,5.03,8782700.0
2018-01-30 14:01:52.302000,5.02,5.01,5.03,8782700.0
2018-01-30 14:01:55.745000,5.02,5.01,5.03,8782700.0
2018-01-30 14:01:59.066000,5.02,5.01,5.03,8782700.0
2018-01-30 14:02:03.310000,5.02,5.01,5.03,8782700.0
2018-01-30 14:02:06.849000,5.02,5.01,5.03,8782700.0
2018-01-30 14:02:09.822000,5.02,5.01,5.03,8782700.0
2018-01-30 14:02:12.817000,5.02,5.01,5.03,8782700.0
2018-01-30 14:02:16.121000,5.02,5.01,5.03,8782700.0
2018-01-30 14:02:19.214000,5.02,5.01,5.03,8782700.0
2018-01-30 14:02:22.332000,5.02,5.01,5.03,8782700.0
2018-01-30 14:02:25.779000,5.02,5.01,5.03,8782700.0
2018-01-30 14:02:28.890000,5.02,5.01,5.03,8782700.0
2018-01-30 14:02:32.600000,5.02,5.01,5.03,8782700.0
2018-01-30 14:02:35.706000,5.02,5.01,5.03,8782700.0
2018-01-30 14:02:38.741000,5.02,5.01,5.03,8782700.0
2018-01-30 14:02:41.815000,5.02,5.01,5.03,8782700.0
2018-01-30 14:02:44.967000,5.02,5.01,5.03,8782700.0
2018-01-30 14:02:47.991000,5.02,5.01,5.03,8782700.0
2018-01-30 14:02:51.289000,5.02,5.01,5.03,8782700.0
2018-01-30 14:02:54.532000,5.02,5.01,5.03,8782700.0
2018-01-30 14:02:57.863000,5.02,5.01,5.03,8782700.0
2018-01-30 14:03:00.875000,5.02,5.01,5.03,8782700.0
2018-01-30 14:03:03.917000,5.02,5.01,5.03,8782700.0
2018-01-30 14:03:06.943000,5.02,5.01,5.03,8782700.0
2018-01-30 14:03:09.961000,5.02,5.01,5.03,8782700.0
2018-01-30 14:03:12.848000,5.02,5.01,5.03,8782700.0
2018-01-30 14:03:15.814000,5.02,5.01,5.03,8782700.0
2018-01-30 14:03:18.941000,5.02,5.01,5.03,8782700.0
2018-01-30 14:03:21.932000,5.02,5.01,5.03,8782700.0
2018-01-30 14:03:24.924000,5.02,5.01,5.03,8782700.0
2018-01-30 14:03:28.038000,5.02,5.01,5.03,8782700.0
2018-01-30 14:03:31.232000,5.02,5.01,5.03,8782700.0
2018-01-30 14:03:34.680000,5.02,5.01,5.03,8782700.0
2018-01-30 14:03:37.786000,5.02,5.01,5.03,8782700.0
2018-01-30 14:03:40.931000,5.02,5.01,5.03,8782700.0
2018-01-30 14:03:44.029000,5.02,5.01,5.03,8782700.0
2018-01-30 14:03:47.063000,5.02,5.01,5.03,8782700.0
2018-01-30 14:03:50.225000,5.02,5.01,5.03,8782700.0
2018-01-30 14:03:53.221000,5.02,5.01,5.03,8782700.0
2018-01-30 14:03:56.138000,5.02,5.01,5.03,8782700.0
2018-01-30 14:03:59.171000,5.02,5.01,5.03,8782700.0
2018-01-30 14:04:02.126000,5.02,5.01,5.03,8782700.0
2018-01-30 14:04:05.101000,5.02,5.01,5.03,8782700.0
2018-01-30 14:04:07.948000,5.02,5.01,5.03,8782700.0
2018-01-30 14:04:11.031000,5.02,5.01,5.03,8782700.0
2018-01-30 14:04:13.913000,5.02,5.01,5.03,8782700.0
2018-01-30 14:04:17.159000,5.02,5.01,5.03,8782700.0
2018-01-30 14:04:20.096000,5.02,5.01,5.03,8782700.0
2018-01-30 14:04:23.189000,5.02,5.01,5.03,8782700.0
2018-01-30 14:04:26.441000,5.02,5.01,5.03,8782700.0
2018-01-30 14:04:29.379000,5.02,5.01,5.03,8782700.0
2018-01-30 14:04:32.305000,5.02,5.01,5.03,8782700.0
2018-01-30 14:04:35.344000,5.02,5.01,5.03,8782700.0
2018-01-30 14:04:38.277000,5.02,5.01,5.03,8782700.0
2018-01-30 14:04:41.313000,5.02,5.01,5.03,8782700.0
2018-01-30 14:04:44.784000,5.02,5.01,5.03,8782700.0
2018-01-30 14:04:48.136000,5.02,5.01,5.03,8782700.0
2018-01-30 14:04:51.215000,5.02,5.01,5.03,8782700.0
2018-01-30 14:04:54.552000,5.02,5.01,5.03,8782700.0
2018-01-30 14:04:57.477000,5.02,5.01,5.03,8782700.0
2018-01-30 14:05:00.787000,5.02,5.01,5.03,8782700.0
2018-01-30 14:05:03.870000,5.02,5.01,5.02,8791200.0
2018-01-30 14:05:06.906000,5.02,5.01,5.02,8791200.0
2018-01-30 14:05:10.001000,5.02,5.01,5.02,8791200.0
2018-01-30 14:05:13.103000,5.02,5.01,5.02,8791200.0
2018-01-30 14:05:15.969000,5.02,5.01,5.02,8791200.0
2018-01-30 14:05:18.966000,5.02,5.01,5.02,8791200.0
2018-01-30 14:05:21.838000,5.02,5.01,5.02,8791200.0
2018-01-30 14:05:25.028000,5.02,5.01,5.02,8791200.0
2018-01-30 14:05:28.182000,5.02,5.01,5.02,8791200.0
2018-01-30 14:05:31.031000,5.02,5.01,5.02,8791200.0
2018-01-30 14:05:33.993000,5.02,5.01,5.02,8791200.0
2018-01-30 14:05:36.924000,5.02,5.01,5.02,8791200.0
2018-01-30 14:05:39.748000,5.02,5.01,5.02,8791200.0
2018-01-30 14:05:42.883000,5.02,5.01,5.02,8791200.0
2018-01-30 14:05:45.772000,5.02,5.01,5.02,8791200.0
2018-01-30 14:05:48.715000,5.02,5.01,5.02,8791200.0
2018-01-30 14:05:51.795000,5.02,5.01,5.02,8791200.0
2018-01-30 14:05:54.825000,5.02,5.01,5.02,8791200.0
2018-01-30 14:05:57.790000,5.02,5.01,5.02,8791200.0
2018-01-30 14:06:00.794000,5.02,5.01,5.02,8791200.0
2018-01-30 14:06:03.952000,5.02,5.01,5.02,8791200.0
2018-01-30 14:06:06.980000,5.02,5.01,5.02,8791200.0
2018-01-30 14:06:09.977000,5.02,5.01,5.02,8791200.0
2018-01-30 14:06:12.876000,5.02,5.01,5.02,8791200.0
2018-01-30 14:06:15.740000,5.02,5.01,5.02,8791200.0
2018-01-30 14:06:18.548000,5.02,5.01,5.02,8791200.0
2018-01-30 14:06:21.646000,5.02,5.01,5.02,8791200.0
2018-01-30 14:06:24.674000,5.02,5.01,5.02,8791200.0
2018-01-30 14:06:27.868000,5.02,5.01,5.02,8791200.0
2018-01-30 14:06:30.787000,5.02,5.01,5.02,8791200.0
2018-01-30 14:06:33.784000,5.02,5.01,5.02,8791200.0
2018-01-30 14:06:36.719000,5.02,5.01,5.02,8791200.0
2018-01-30 14:06:39.714000,5.02,5.01,5.03,8791400.0
2018-01-30 14:06:42.743000,5.02,5.01,5.03,8791400.0
2018-01-30 14:06:45.677000,5.02,5.01,5.03,8791400.0
2018-01-30 14:06:48.517000,5.02,5.01,5.03,8791400.0
2018-01-30 14:06:51.615000,5.02,5.01,5.03,8791400.0
2018-01-30 14:06:54.599000,5.02,5.01,5.03,8791400.0
2018-01-30 14:06:57.464000,5.02,5.01,5.03,8791400.0
2018-01-30 14:07:00.857000,5.02,5.01,5.03,8791400.0
2018-01-30 14:07:03.839000,5.02,5.01,5.03,8791400.0
2018-01-30 14:07:06.890000,5.02,5.01,5.03,8791400.0
2018-01-30 14:07:09.690000,5.02,5.01,5.03,8791400.0
2018-01-30 14:07:12.652000,5.02,5.01,5.03,8791400.0
2018-01-30 14:07:15.620000,5.02,5.01,5.03,8791400.0
2018-01-30 14:07:18.559000,5.02,5.02,5.03,8791400.0
2018-01-30 14:07:21.493000,5.02,5.02,5.03,8791400.0
2018-01-30 14:07:24.530000,5.02,5.02,5.03,8791400.0
2018-01-30 14:07:27.501000,5.02,5.02,5.03,8791400.0
2018-01-30 14:07:30.566000,5.02,5.02,5.03,8791400.0
2018-01-30 14:07:33.358000,5.02,5.02,5.03,8791400.0
2018-01-30 14:07:36.393000,5.02,5.02,5.03,8791400.0
2018-01-30 14:07:39.320000,5.02,5.02,5.03,8791400.0
2018-01-30 14:07:42.350000,5.02,5.02,5.03,8791400.0
2018-01-30 14:07:45.327000,5.02,5.02,5.03,8791400.0
2018-01-30 14:07:48.357000,5.02,5.02,5.03,8791400.0
2018-01-30 14:07:51.486000,5.02,5.02,5.03,8791400.0
2018-01-30 14:07:54.750000,5.02,5.02,5.03,8791400.0
2018-01-30 14:07:57.668000,5.02,5.02,5.03,8791400.0
2018-01-30 14:08:00.751000,5.02,5.02,5.03,8791400.0
2018-01-30 14:08:03.870000,5.02,5.02,5.03,8791400.0
2018-01-30 14:08:07.140000,5.02,5.02,5.03,8791400.0
2018-01-30 14:08:10.116000,5.02,5.02,5.03,8791400.0
2018-01-30 14:08:13.151000,5.02,5.02,5.03,8791400.0
2018-01-30 14:08:16.099000,5.02,5.02,5.03,8791400.0
2018-01-30 14:08:19.082000,5.02,5.02,5.03,8791400.0
2018-01-30 14:08:22.055000,5.02,5.02,5.03,8791400.0
2018-01-30 14:08:24.982000,5.02,5.02,5.03,8791400.0
2018-01-30 14:08:28.562000,5.02,5.02,5.03,8791400.0
2018-01-30 14:08:32.793000,5.02,5.02,5.03,8791400.0
2018-01-30 14:08:36.304000,5.02,5.02,5.03,8791400.0
2018-01-30 14:08:39.392000,5.02,5.02,5.03,8791400.0
2018-01-30 14:08:43.012000,5.02,5.02,5.03,8791400.0
2018-01-30 14:08:46.043000,5.02,5.02,5.03,8791400.0
2018-01-30 14:08:49.159000,5.02,5.02,5.03,8791400.0
2018-01-30 14:08:52.222000,5.02,5.02,5.03,8791400.0
2018-01-30 14:08:55.199000,5.02,5.02,5.03,8791400.0
2018-01-30 14:08:58.341000,5.02,5.02,5.03,8791400.0
2018-01-30 14:09:01.556000,5.02,5.02,5.03,8791400.0
2018-01-30 14:09:04.641000,5.02,5.02,5.03,8791400.0
2018-01-30 14:09:07.732000,5.02,5.02,5.03,8791400.0
2018-01-30 14:09:10.940000,5.02,5.02,5.03,8791400.0
2018-01-30 14:09:14.209000,5.02,5.02,5.03,8791400.0
2018-01-30 14:09:17.237000,5.02,5.02,5.03,8791400.0
2018-01-30 14:09:20.243000,5.02,5.02,5.03,8791400.0
2018-01-30 14:09:23.251000,5.02,5.02,5.03,8791400.0
2018-01-30 14:09:26.473000,5.02,5.02,5.03,8791400.0
2018-01-30 14:09:29.783000,5.02,5.02,5.03,8791400.0
2018-01-30 14:09:33.092000,5.02,5.02,5.03,8791400.0
2018-01-30 14:09:36.307000,5.02,5.02,5.03,8791400.0
2018-01-30 14:09:39.395000,5.02,5.02,5.03,8791400.0
2018-01-30 14:09:42.382000,5.02,5.02,5.03,8791400.0
2018-01-30 14:09:45.758000,5.02,5.02,5.03,8791400.0
2018-01-30 14:09:48.598000,5.02,5.02,5.03,8791400.0
2018-01-30 14:09:51.805000,5.02,5.02,5.03,8791400.0
2018-01-30 14:09:54.830000,5.02,5.02,5.03,8791400.0
2018-01-30 14:09:57.904000,5.02,5.02,5.03,8791400.0
2018-01-30 14:10:00.855000,5.02,5.02,5.03,8791400.0
2018-01-30 14:10:03.850000,5.02,5.02,5.03,8791400.0
2018-01-30 14:10:06.801000,5.02,5.02,5.03,8791400.0
2018-01-30 14:10:09.721000,5.02,5.02,5.03,8791400.0
2018-01-30 14:10:12.758000,5.02,5.02,5.03,8791400.0
2018-01-30 14:10:15.847000,5.02,5.02,5.03,8791400.0
2018-01-30 14:10:18.974000,5.02,5.02,5.03,8791400.0
2018-01-30 14:10:22.306000,5.02,5.02,5.03,8791400.0
2018-01-30 14:10:25.313000,5.02,5.02,5.03,8791400.0
2018-01-30 14:10:28.436000,5.02,5.02,5.03,8791400.0
2018-01-30 14:10:31.405000,5.02,5.02,5.03,8791400.0
2018-01-30 14:10:34.204000,5.02,5.02,5.03,8791400.0
2018-01-30 14:10:37.317000,5.02,5.02,5.03,8791400.0
2018-01-30 14:10:40.463000,5.03,5.02,5.03,8801400.0
2018-01-30 14:10:43.531000,5.03,5.02,5.03,8801400.0
2018-01-30 14:10:46.647000,5.03,5.02,5.03,8801400.0
2018-01-30 14:10:49.941000,5.03,5.02,5.03,8801400.0
2018-01-30 14:10:52.923000,5.03,5.02,5.03,8801400.0
2018-01-30 14:10:55.831000,5.03,5.02,5.03,8801400.0
2018-01-30 14:10:58.857000,5.03,5.02,5.03,8801400.0
2018-01-30 14:11:01.858000,5.03,5.02,5.03,8801400.0
2018-01-30 14:11:04.840000,5.03,5.02,5.03,8801400.0
2018-01-30 14:11:08,5.03,5.02,5.03,8801400.0
2018-01-30 14:11:11.153000,5.03,5.02,5.03,8801400.0
2018-01-30 14:11:14.088000,5.03,5.02,5.03,8801400.0
2018-01-30 14:11:17.176000,5.03,5.02,5.03,8801400.0
2018-01-30 14:11:20.432000,5.03,5.02,5.03,8801400.0
2018-01-30 14:11:24.437000,5.03,5.02,5.03,8801400.0
2018-01-30 14:11:27.603000,5.03,5.02,5.03,8801400.0
2018-01-30 14:11:30.493000,5.03,5.02,5.03,8801400.0
2018-01-30 14:11:33.483000,5.03,5.02,5.03,8801400.0
2018-01-30 14:11:36.253000,5.03,5.02,5.03,8801400.0
2018-01-30 14:11:39.562000,5.03,5.02,5.03,8801400.0
2018-01-30 14:11:42.908000,5.03,5.02,5.03,8801400.0
2018-01-30 14:11:46.825000,5.03,5.02,5.03,8801400.0
2018-01-30 14:11:51.320000,5.03,5.02,5.03,8801400.0
2018-01-30 14:11:55.782000,5.03,5.02,5.03,8801400.0
2018-01-30 14:11:59.181000,5.03,5.02,5.03,8801400.0
2018-01-30 14:12:02.772000,5.03,5.02,5.03,8801400.0
2018-01-30 14:12:05.723000,5.03,5.02,5.03,8801400.0
2018-01-30 14:12:08.766000,5.03,5.02,5.03,8801400.0
2018-01-30 14:12:11.896000,5.03,5.02,5.03,8801400.0
2018-01-30 14:12:14.949000,5.03,5.02,5.03,8801400.0
2018-01-30 14:12:17.995000,5.03,5.02,5.03,8801400.0
2018-01-30 14:12:21.084000,5.03,5.02,5.03,8801400.0
2018-01-30 14:12:24.165000,5.03,5.02,5.03,8801400.0
2018-01-30 14:12:27.147000,5.03,5.02,5.03,8801400.0
2018-01-30 14:12:34.583000,5.03,5.02,5.03,8801400.0
2018-01-30 14:12:37.997000,5.03,5.02,5.03,8801400.0
2018-01-30 14:12:40.949000,5.03,5.02,5.03,8801400.0
2018-01-30 14:12:43.641000,5.03,5.02,5.03,8801400.0
2018-01-30 14:12:46.552000,5.03,5.02,5.03,8801400.0
2018-01-30 14:12:49.282000,5.03,5.02,5.03,8801400.0
2018-01-30 14:12:52.025000,5.03,5.02,5.03,8801400.0
2018-01-30 14:12:54.799000,5.03,5.02,5.03,8801400.0
2018-01-30 14:12:57.866000,5.03,5.02,5.03,8801400.0
2018-01-30 14:13:05.537000,5.03,5.02,5.03,8801400.0
2018-01-30 14:13:10.223000,5.03,5.02,5.03,8801400.0
2018-01-30 14:13:13.252000,5.03,5.02,5.03,8801400.0
2018-01-30 14:13:16.200000,5.03,5.02,5.03,8801400.0
2018-01-30 14:13:19.058000,5.03,5.02,5.03,8801400.0
2018-01-30 14:13:24.471000,5.03,5.02,5.03,8801400.0
2018-01-30 14:13:37.430000,5.03,5.02,5.03,8801400.0
2018-01-30 14:13:45.447000,5.03,5.02,5.03,8801400.0
2018-01-30 14:13:53.394000,5.03,5.02,5.03,8801400.0
2018-01-30 14:13:59.149000,5.03,5.02,5.03,8801400.0
2018-01-30 14:14:02.453000,5.03,5.02,5.03,8801400.0
2018-01-30 14:14:05.439000,5.03,5.02,5.03,8801400.0
2018-01-30 14:14:08.658000,5.03,5.02,5.03,8801400.0
2018-01-30 14:14:11.540000,5.03,5.02,5.03,8801400.0
2018-01-30 14:14:14.387000,5.03,5.02,5.03,8801400.0
2018-01-30 14:14:17.464000,5.03,5.02,5.03,8801400.0
2018-01-30 14:14:20.443000,5.03,5.02,5.03,8803400.0
2018-01-30 14:14:23.645000,5.03,5.02,5.03,8803400.0
2018-01-30 14:14:27.211000,5.03,5.02,5.03,8803400.0
2018-01-30 14:14:30.365000,5.03,5.02,5.03,8803400.0
2018-01-30 14:14:33.676000,5.03,5.02,5.03,8803400.0
2018-01-30 14:14:36.844000,5.03,5.02,5.03,8803400.0
2018-01-30 14:14:41.099000,5.03,5.02,5.03,8803400.0
2018-01-30 14:14:45.655000,5.03,5.02,5.03,8803400.0
2018-01-30 14:14:49.601000,5.03,5.02,5.03,8803400.0
2018-01-30 14:14:52.920000,5.03,5.02,5.03,8803400.0
2018-01-30 14:14:55.984000,5.03,5.02,5.03,8803400.0
2018-01-30 14:14:59.085000,5.03,5.02,5.03,8803400.0
2018-01-30 14:15:02.280000,5.03,5.02,5.03,8803400.0
2018-01-30 14:15:05.478000,5.03,5.02,5.03,8803400.0
2018-01-30 14:15:08.471000,5.03,5.02,5.03,8803400.0
2018-01-30 14:15:11.681000,5.03,5.02,5.03,8803400.0
2018-01-30 14:15:14.733000,5.03,5.02,5.03,8803400.0
2018-01-30 14:15:17.832000,5.03,5.02,5.03,8803400.0
2018-01-30 14:15:20.783000,5.03,5.02,5.03,8803400.0
2018-01-30 14:15:23.675000,5.03,5.02,5.03,8803400.0
2018-01-30 14:15:26.672000,5.03,5.02,5.03,8803400.0
2018-01-30 14:15:29.937000,5.03,5.02,5.03,8803400.0
2018-01-30 14:15:32.979000,5.03,5.02,5.03,8803400.0
2018-01-30 14:15:36.150000,5.03,5.02,5.03,8803400.0
2018-01-30 14:15:39.177000,5.03,5.02,5.03,8803400.0
2018-01-30 14:15:42.216000,5.03,5.02,5.03,8803400.0
2018-01-30 14:15:45.330000,5.03,5.02,5.03,8803400.0
2018-01-30 14:15:48.489000,5.03,5.02,5.03,8803400.0
2018-01-30 14:15:51.729000,5.03,5.02,5.03,8803400.0
2018-01-30 14:15:54.857000,5.03,5.02,5.03,8803400.0
2018-01-30 14:15:57.814000,5.03,5.02,5.03,8803400.0
2018-01-30 14:16:00.826000,5.03,5.02,5.03,8803400.0
2018-01-30 14:16:03.928000,5.03,5.02,5.03,8803400.0
2018-01-30 14:16:07.042000,5.03,5.02,5.03,8803400.0
2018-01-30 14:16:10.021000,5.03,5.02,5.03,8803400.0
2018-01-30 14:16:12.868000,5.03,5.02,5.03,8803400.0
2018-01-30 14:16:16.009000,5.03,5.02,5.03,8803400.0
2018-01-30 14:16:18.988000,5.03,5.02,5.03,8803400.0
2018-01-30 14:16:21.873000,5.03,5.02,5.03,8803400.0
2018-01-30 14:16:24.899000,5.03,5.02,5.03,8803400.0
2018-01-30 14:16:27.894000,5.03,5.02,5.03,8803400.0
2018-01-30 14:16:30.760000,5.03,5.02,5.03,8803400.0
2018-01-30 14:16:33.725000,5.03,5.02,5.03,8803400.0
2018-01-30 14:16:36.759000,5.03,5.02,5.03,8803400.0
2018-01-30 14:16:39.773000,5.03,5.02,5.03,8803400.0
2018-01-30 14:16:42.579000,5.03,5.02,5.03,8803400.0
2018-01-30 14:16:45.511000,5.03,5.02,5.03,8803400.0
2018-01-30 14:16:48.647000,5.03,5.02,5.03,8803400.0
2018-01-30 14:16:51.763000,5.03,5.02,5.03,8803400.0
2018-01-30 14:16:54.745000,5.03,5.02,5.03,8806400.0
2018-01-30 14:16:58.015000,5.03,5.02,5.03,8806400.0
2018-01-30 14:17:00.806000,5.03,5.02,5.03,8806400.0
2018-01-30 14:17:03.739000,5.03,5.02,5.03,8806400.0
2018-01-30 14:17:06.896000,5.03,5.02,5.03,8806400.0
2018-01-30 14:17:09.929000,5.03,5.02,5.03,8806400.0
2018-01-30 14:17:12.990000,5.03,5.02,5.03,8806400.0
2018-01-30 14:17:16.063000,5.03,5.02,5.03,8806400.0
2018-01-30 14:17:19.100000,5.03,5.02,5.03,8806400.0
2018-01-30 14:17:22.332000,5.03,5.02,5.03,8806400.0
2018-01-30 14:17:25.251000,5.03,5.02,5.03,8806400.0
2018-01-30 14:17:28.276000,5.03,5.02,5.03,8806400.0
2018-01-30 14:17:31.598000,5.03,5.02,5.03,8806400.0
2018-01-30 14:17:34.945000,5.03,5.02,5.03,8806400.0
2018-01-30 14:17:38.240000,5.03,5.02,5.03,8806400.0
2018-01-30 14:17:41.426000,5.03,5.02,5.03,8806400.0
2018-01-30 14:17:44.478000,5.03,5.02,5.03,8806400.0
2018-01-30 14:17:47.565000,5.03,5.02,5.03,8806400.0
2018-01-30 14:17:50.639000,5.03,5.02,5.03,8806400.0
2018-01-30 14:17:53.570000,5.03,5.02,5.03,8806400.0
2018-01-30 14:17:56.660000,5.03,5.02,5.03,8806400.0
2018-01-30 14:17:59.703000,5.03,5.02,5.03,8806400.0
2018-01-30 14:18:02.669000,5.03,5.02,5.03,8806400.0
2018-01-30 14:18:05.690000,5.03,5.02,5.03,8806400.0
2018-01-30 14:18:08.741000,5.03,5.02,5.03,8806400.0
2018-01-30 14:18:12.057000,5.03,5.02,5.03,8806400.0
2018-01-30 14:18:15.326000,5.03,5.02,5.03,8806400.0
2018-01-30 14:18:18.569000,5.03,5.02,5.03,8806400.0
2018-01-30 14:18:21.762000,5.03,5.02,5.03,8806400.0
2018-01-30 14:18:24.807000,5.03,5.02,5.03,8806400.0
2018-01-30 14:18:28.110000,5.03,5.02,5.03,8806400.0
2018-01-30 14:18:31.099000,5.03,5.02,5.03,8806400.0
2018-01-30 14:18:34.337000,5.03,5.02,5.03,8831600.0
2018-01-30 14:18:37.631000,5.03,5.02,5.03,8831600.0
2018-01-30 14:18:40.759000,5.03,5.02,5.03,8831600.0
2018-01-30 14:18:43.697000,5.03,5.02,5.03,8831600.0
2018-01-30 14:18:46.802000,5.03,5.02,5.03,8831600.0
2018-01-30 14:18:49.799000,5.03,5.02,5.03,8831600.0
2018-01-30 14:18:52.728000,5.03,5.02,5.03,8831600.0
2018-01-30 14:18:55.824000,5.03,5.02,5.03,8831600.0
2018-01-30 14:18:59.033000,5.03,5.02,5.03,8831600.0
2018-01-30 14:19:02.096000,5.03,5.02,5.03,8831600.0
2018-01-30 14:19:05.230000,5.03,5.02,5.03,8831600.0
2018-01-30 14:19:08.342000,5.03,5.02,5.03,8831600.0
2018-01-30 14:19:11.295000,5.03,5.02,5.03,8831600.0
2018-01-30 14:19:14.487000,5.03,5.02,5.03,8831600.0
2018-01-30 14:19:17.485000,5.03,5.02,5.03,8831600.0
2018-01-30 14:19:20.511000,5.03,5.02,5.03,8831600.0
2018-01-30 14:19:24.173000,5.03,5.02,5.03,8831600.0
2018-01-30 14:19:27.193000,5.03,5.02,5.03,8831600.0
2018-01-30 14:19:30.321000,5.03,5.02,5.03,8831600.0
2018-01-30 14:19:33.337000,5.03,5.02,5.03,8831600.0
2018-01-30 14:19:36.467000,5.03,5.02,5.03,8831600.0
2018-01-30 14:19:39.775000,5.03,5.02,5.03,8831600.0
2018-01-30 14:19:42.830000,5.03,5.02,5.03,8831600.0
2018-01-30 14:19:45.987000,5.03,5.02,5.03,8831600.0
2018-01-30 14:19:49.047000,5.03,5.02,5.03,8831600.0
2018-01-30 14:19:52.261000,5.03,5.02,5.03,8831600.0
2018-01-30 14:19:55.360000,5.03,5.02,5.03,8831600.0
2018-01-30 14:19:58.551000,5.03,5.02,5.03,8846800.0
2018-01-30 14:20:01.488000,5.03,5.02,5.03,8846800.0
2018-01-30 14:20:04.526000,5.03,5.02,5.03,8846800.0
2018-01-30 14:20:07.459000,5.03,5.02,5.03,8846800.0
2018-01-30 14:20:10.512000,5.03,5.02,5.03,8846800.0
2018-01-30 14:20:13.774000,5.03,5.02,5.03,8846800.0
2018-01-30 14:20:16.738000,5.03,5.02,5.03,8846800.0
2018-01-30 14:20:20.030000,5.03,5.02,5.03,8846800.0
2018-01-30 14:20:23.183000,5.03,5.02,5.03,8846800.0
2018-01-30 14:20:26.268000,5.03,5.02,5.03,8846800.0
2018-01-30 14:20:29.155000,5.03,5.02,5.03,8846800.0
2018-01-30 14:20:32.177000,5.03,5.02,5.03,8846800.0
2018-01-30 14:20:35.107000,5.03,5.02,5.03,8846800.0
2018-01-30 14:20:38.308000,5.03,5.02,5.03,8846800.0
2018-01-30 14:20:41.607000,5.03,5.02,5.03,8846800.0
2018-01-30 14:20:44.614000,5.03,5.02,5.03,8846800.0
2018-01-30 14:20:47.515000,5.03,5.02,5.03,8846800.0
2018-01-30 14:20:50.441000,5.03,5.02,5.03,8846800.0
2018-01-30 14:20:53.521000,5.03,5.02,5.03,8846800.0
2018-01-30 14:20:56.432000,5.03,5.02,5.03,8846800.0
2018-01-30 14:20:59.388000,5.03,5.02,5.03,8846800.0
2018-01-30 14:21:02.295000,5.03,5.02,5.03,8846800.0
2018-01-30 14:21:05.365000,5.03,5.02,5.03,8846800.0
2018-01-30 14:21:08.294000,5.03,5.02,5.03,8846800.0
2018-01-30 14:21:11.233000,5.03,5.02,5.03,8846800.0
2018-01-30 14:21:14.393000,5.03,5.02,5.03,8846800.0
2018-01-30 14:21:17.422000,5.03,5.02,5.03,8846800.0
2018-01-30 14:21:20.343000,5.03,5.02,5.03,8846800.0
2018-01-30 14:21:23.343000,5.03,5.02,5.03,8846800.0
2018-01-30 14:21:26.247000,5.03,5.02,5.03,8846800.0
2018-01-30 14:21:29.291000,5.03,5.02,5.03,8846800.0
2018-01-30 14:21:32.185000,5.03,5.02,5.03,8846800.0
2018-01-30 14:21:35.053000,5.03,5.02,5.03,8846800.0
2018-01-30 14:21:38.279000,5.03,5.02,5.03,8846800.0
2018-01-30 14:21:41.324000,5.03,5.02,5.03,8846800.0
2018-01-30 14:21:44.397000,5.03,5.02,5.03,8846800.0
2018-01-30 14:21:47.594000,5.03,5.02,5.03,8846800.0
2018-01-30 14:21:50.654000,5.03,5.02,5.03,8846800.0
2018-01-30 14:21:53.724000,5.03,5.02,5.03,8846800.0
2018-01-30 14:21:56.815000,5.03,5.02,5.03,8846800.0
2018-01-30 14:21:59.887000,5.03,5.02,5.03,8846800.0
2018-01-30 14:22:03.063000,5.03,5.02,5.03,8846800.0
2018-01-30 14:22:06.046000,5.03,5.02,5.03,8846800.0
2018-01-30 14:22:08.952000,5.03,5.02,5.03,8846800.0
2018-01-30 14:22:12.015000,5.03,5.02,5.03,8846800.0
2018-01-30 14:22:14.899000,5.03,5.02,5.03,8846800.0
2018-01-30 14:22:17.965000,5.03,5.02,5.03,8865400.0
2018-01-30 14:22:21.032000,5.03,5.02,5.03,8865400.0
2018-01-30 14:22:24.068000,5.03,5.02,5.03,8865400.0
2018-01-30 14:22:26.973000,5.03,5.02,5.03,8865400.0
2018-01-30 14:22:30.425000,5.03,5.02,5.03,8865400.0
2018-01-30 14:22:33.396000,5.03,5.02,5.03,8865400.0
2018-01-30 14:22:36.328000,5.03,5.02,5.03,8865400.0
2018-01-30 14:22:39.214000,5.03,5.02,5.03,8865400.0
2018-01-30 14:22:42.186000,5.03,5.02,5.03,8865400.0
2018-01-30 14:22:45.184000,5.03,5.02,5.03,8865400.0
2018-01-30 14:22:48.211000,5.03,5.02,5.03,8865400.0
2018-01-30 14:22:51.429000,5.03,5.02,5.03,8865400.0
2018-01-30 14:22:54.516000,5.03,5.02,5.03,8865400.0
2018-01-30 14:22:57.513000,5.03,5.02,5.03,8865400.0
2018-01-30 14:23:00.578000,5.03,5.02,5.03,8865400.0
2018-01-30 14:23:03.498000,5.03,5.02,5.03,8865400.0
2018-01-30 14:23:06.619000,5.03,5.02,5.03,8865400.0
2018-01-30 14:23:09.500000,5.03,5.02,5.03,8865400.0
2018-01-30 14:23:12.519000,5.03,5.02,5.03,8865400.0
2018-01-30 14:23:15.516000,5.03,5.02,5.03,8865400.0
2018-01-30 14:23:18.389000,5.03,5.02,5.03,8865400.0
2018-01-30 14:23:21.510000,5.03,5.02,5.03,8865400.0
2018-01-30 14:23:24.574000,5.03,5.02,5.03,8865400.0
2018-01-30 14:23:27.469000,5.03,5.02,5.03,8865400.0
2018-01-30 14:23:30.498000,5.03,5.02,5.03,8865400.0
2018-01-30 14:23:33.580000,5.03,5.02,5.03,8865400.0
2018-01-30 14:23:36.585000,5.03,5.02,5.03,8865400.0
2018-01-30 14:23:39.653000,5.03,5.02,5.03,8865400.0
2018-01-30 14:23:42.547000,5.03,5.02,5.03,8865400.0
2018-01-30 14:23:45.516000,5.03,5.02,5.03,8865400.0
2018-01-30 14:23:48.644000,5.03,5.02,5.03,8867400.0
2018-01-30 14:23:51.753000,5.03,5.02,5.03,8867400.0
2018-01-30 14:23:55.078000,5.03,5.02,5.03,8867400.0
2018-01-30 14:23:58.046000,5.03,5.02,5.03,8867400.0
2018-01-30 14:24:01.179000,5.03,5.02,5.03,8867400.0
2018-01-30 14:24:04.079000,5.03,5.02,5.03,8867400.0
2018-01-30 14:24:07.082000,5.03,5.02,5.03,8867400.0
2018-01-30 14:24:10.030000,5.03,5.02,5.03,8867400.0
2018-01-30 14:24:12.956000,5.03,5.02,5.03,8867400.0
2018-01-30 14:24:15.937000,5.03,5.02,5.03,8867400.0
2018-01-30 14:24:19.076000,5.03,5.02,5.03,8867400.0
2018-01-30 14:24:22.064000,5.03,5.02,5.03,8867400.0
2018-01-30 14:24:25.029000,5.03,5.02,5.03,8867400.0
2018-01-30 14:24:27.751000,5.03,5.02,5.03,8867400.0
2018-01-30 14:24:30.781000,5.03,5.02,5.03,8867400.0
2018-01-30 14:24:33.591000,5.03,5.02,5.03,8867400.0
2018-01-30 14:24:36.512000,5.03,5.02,5.03,8867400.0
2018-01-30 14:24:39.641000,5.03,5.02,5.03,8867400.0
2018-01-30 14:24:42.738000,5.03,5.02,5.03,8867400.0
2018-01-30 14:24:45.656000,5.03,5.02,5.03,8867400.0
2018-01-30 14:24:48.898000,5.03,5.02,5.03,8867400.0
2018-01-30 14:24:51.809000,5.03,5.02,5.03,8867400.0
2018-01-30 14:24:54.719000,5.03,5.02,5.03,8867400.0
2018-01-30 14:24:57.660000,5.03,5.02,5.03,8867400.0
2018-01-30 14:25:00.550000,5.03,5.02,5.03,8867400.0
2018-01-30 14:25:03.611000,5.03,5.02,5.03,8879400.0
2018-01-30 14:25:06.642000,5.03,5.02,5.03,8879400.0
2018-01-30 14:25:09.906000,5.03,5.02,5.03,8879400.0
2018-01-30 14:25:12.917000,5.03,5.02,5.03,8879400.0
2018-01-30 14:25:15.962000,5.03,5.02,5.03,8879400.0
2018-01-30 14:25:18.848000,5.03,5.02,5.03,8879400.0
2018-01-30 14:25:21.935000,5.03,5.02,5.03,8879400.0
2018-01-30 14:25:24.954000,5.03,5.02,5.03,8879400.0
2018-01-30 14:25:27.919000,5.03,5.02,5.03,8879400.0
2018-01-30 14:25:30.960000,5.03,5.02,5.03,8879400.0
2018-01-30 14:25:34.060000,5.03,5.02,5.03,8879400.0
2018-01-30 14:25:37.277000,5.03,5.02,5.03,8879400.0
2018-01-30 14:25:40.472000,5.03,5.02,5.03,8879400.0
2018-01-30 14:25:43.497000,5.03,5.02,5.03,8879400.0
2018-01-30 14:25:46.511000,5.03,5.02,5.03,8879400.0
2018-01-30 14:25:49.928000,5.03,5.02,5.03,8879400.0
2018-01-30 14:25:53.110000,5.03,5.02,5.03,8879400.0
2018-01-30 14:25:56.137000,5.03,5.02,5.03,8879400.0
2018-01-30 14:25:59.040000,5.03,5.02,5.03,8879400.0
2018-01-30 14:26:02.269000,5.03,5.02,5.03,8879400.0
2018-01-30 14:26:05.223000,5.03,5.02,5.03,8879400.0
2018-01-30 14:26:08.194000,5.03,5.02,5.03,8879400.0
2018-01-30 14:26:11.346000,5.03,5.02,5.03,8879400.0
2018-01-30 14:26:14.406000,5.03,5.02,5.03,8879400.0
2018-01-30 14:26:17.623000,5.03,5.02,5.03,8879400.0
2018-01-30 14:26:20.442000,5.03,5.02,5.03,8879400.0
2018-01-30 14:26:23.660000,5.03,5.02,5.03,8879400.0
2018-01-30 14:26:26.740000,5.03,5.02,5.03,8879400.0
2018-01-30 14:26:29.813000,5.03,5.02,5.03,8879400.0
2018-01-30 14:26:32.733000,5.03,5.02,5.03,8879400.0
2018-01-30 14:26:35.766000,5.03,5.02,5.03,8879400.0
2018-01-30 14:26:38.757000,5.03,5.02,5.03,8879400.0
2018-01-30 14:26:41.631000,5.03,5.02,5.03,8879400.0
2018-01-30 14:26:44.673000,5.03,5.02,5.03,8879400.0
2018-01-30 14:26:47.852000,5.03,5.02,5.03,8879400.0
2018-01-30 14:26:50.927000,5.03,5.02,5.03,8879400.0
2018-01-30 14:26:54.041000,5.03,5.02,5.03,8879400.0
2018-01-30 14:26:57.132000,5.03,5.02,5.03,8879400.0
2018-01-30 14:27:00.189000,5.03,5.02,5.03,8879400.0
2018-01-30 14:27:03.099000,5.03,5.02,5.03,8879400.0
2018-01-30 14:27:06.205000,5.03,5.02,5.03,8879400.0
2018-01-30 14:27:09.362000,5.03,5.02,5.03,8879400.0
2018-01-30 14:27:12.249000,5.03,5.02,5.03,8879400.0
2018-01-30 14:27:15.315000,5.03,5.02,5.03,8879400.0
2018-01-30 14:27:18.350000,5.03,5.02,5.03,8879400.0
2018-01-30 14:27:21.147000,5.03,5.02,5.03,8879400.0
2018-01-30 14:27:24.091000,5.03,5.02,5.03,8879400.0
2018-01-30 14:27:27.019000,5.03,5.02,5.03,8879400.0
2018-01-30 14:27:29.945000,5.03,5.02,5.03,8879400.0
2018-01-30 14:27:32.862000,5.03,5.02,5.03,8879400.0
2018-01-30 14:27:35.943000,5.03,5.02,5.03,8879400.0
2018-01-30 14:27:38.977000,5.03,5.02,5.03,8879400.0
2018-01-30 14:27:41.765000,5.03,5.02,5.03,8879400.0
2018-01-30 14:27:45.065000,5.03,5.02,5.03,8879400.0
2018-01-30 14:27:48.002000,5.03,5.02,5.03,8879400.0
2018-01-30 14:27:51.017000,5.03,5.02,5.03,8879400.0
2018-01-30 14:27:54.064000,5.03,5.02,5.03,8879400.0
2018-01-30 14:27:57.065000,5.03,5.02,5.03,8879400.0
2018-01-30 14:28:00.178000,5.03,5.02,5.03,8879400.0
2018-01-30 14:28:03.095000,5.03,5.02,5.03,8879400.0
2018-01-30 14:28:05.990000,5.03,5.02,5.03,8879400.0
2018-01-30 14:28:09.007000,5.03,5.02,5.03,8879400.0
2018-01-30 14:28:12.051000,5.03,5.02,5.03,8879400.0
2018-01-30 14:28:15.035000,5.03,5.02,5.03,8879400.0
2018-01-30 14:28:18.157000,5.03,5.02,5.03,8879400.0
2018-01-30 14:28:21.101000,5.03,5.02,5.03,8879400.0
2018-01-30 14:28:24.124000,5.03,5.02,5.03,8879400.0
2018-01-30 14:28:27.170000,5.03,5.02,5.03,8879400.0
2018-01-30 14:28:30.066000,5.03,5.02,5.03,8879400.0
2018-01-30 14:28:32.983000,5.03,5.02,5.03,8879400.0
2018-01-30 14:28:36.023000,5.03,5.02,5.03,8879400.0
2018-01-30 14:28:38.945000,5.03,5.02,5.03,8879400.0
2018-01-30 14:28:42.080000,5.03,5.02,5.03,8879400.0
2018-01-30 14:28:44.928000,5.03,5.02,5.03,8879400.0
2018-01-30 14:28:47.903000,5.03,5.02,5.03,8879400.0
2018-01-30 14:28:51.045000,5.03,5.02,5.03,8879400.0
2018-01-30 14:28:54.152000,5.03,5.02,5.03,8879400.0
2018-01-30 14:28:56.970000,5.03,5.02,5.03,8879400.0
2018-01-30 14:29:00.068000,5.03,5.02,5.03,8879400.0
2018-01-30 14:29:02.988000,5.03,5.02,5.03,8879400.0
2018-01-30 14:29:05.935000,5.03,5.02,5.03,8879400.0
2018-01-30 14:29:08.901000,5.03,5.02,5.03,8879400.0
2018-01-30 14:29:11.921000,5.03,5.02,5.03,8879400.0
2018-01-30 14:29:14.817000,,,,
2018-01-30 14:29:17.911000,5.03,5.02,5.03,8879400.0
2018-01-30 14:29:21.014000,5.03,5.02,5.03,8879400.0
2018-01-30 14:29:23.964000,5.03,5.02,5.03,8879400.0
2018-01-30 14:29:27.416000,5.03,5.02,5.03,8879400.0
2018-01-30 14:29:30.601000,5.03,5.02,5.03,8879400.0
2018-01-30 14:29:33.656000,5.03,5.02,5.03,8879400.0
2018-01-30 14:29:36.682000,5.03,5.02,5.03,8879400.0
2018-01-30 14:29:39.859000,5.03,5.02,5.03,8879400.0
2018-01-30 14:29:42.952000,5.03,5.02,5.03,8879400.0
2018-01-30 14:29:46.109000,5.03,5.02,5.03,8879400.0
2018-01-30 14:29:48.991000,5.03,5.02,5.03,8879400.0
2018-01-30 14:29:51.936000,5.03,5.02,5.03,8879400.0
2018-01-30 14:29:55.181000,5.03,5.02,5.03,8879400.0
2018-01-30 14:29:58.074000,5.03,5.02,5.03,8879400.0
2018-01-30 14:30:00.984000,5.03,5.02,5.03,8879400.0
2018-01-30 14:30:03.996000,5.03,5.02,5.03,8879400.0
2018-01-30 14:30:06.897000,5.03,5.02,5.03,8879400.0
2018-01-30 14:30:09.865000,5.03,5.02,5.03,8879400.0
2018-01-30 14:30:12.822000,5.03,5.02,5.03,8879400.0
2018-01-30 14:30:16.047000,5.03,5.02,5.03,8879400.0
2018-01-30 14:30:19.014000,5.03,5.02,5.03,8879400.0
2018-01-30 14:30:21.885000,5.03,5.02,5.03,8879400.0
2018-01-30 14:30:24.663000,5.03,5.02,5.03,8879400.0
2018-01-30 14:30:27.525000,5.03,5.02,5.03,8879400.0
2018-01-30 14:30:30.391000,5.03,5.02,5.03,8879400.0
2018-01-30 14:30:33.099000,5.03,5.02,5.03,8879400.0
2018-01-30 14:30:36.219000,5.03,5.02,5.03,8879400.0
2018-01-30 14:30:38.999000,5.03,5.02,5.03,8879400.0
2018-01-30 14:30:41.685000,5.03,5.02,5.03,8879400.0
2018-01-30 14:30:44.328000,5.03,5.02,5.03,8879400.0
2018-01-30 14:30:47.014000,5.03,5.02,5.03,8879400.0
2018-01-30 14:30:49.694000,5.03,5.02,5.03,8879400.0
2018-01-30 14:30:52.664000,5.03,5.02,5.03,8879400.0
2018-01-30 14:30:55.706000,5.03,5.02,5.03,8879400.0
2018-01-30 14:30:58.466000,5.03,5.02,5.03,8879400.0
2018-01-30 14:31:01.145000,5.03,5.02,5.03,8879400.0
2018-01-30 14:31:03.622000,5.03,5.02,5.03,8879400.0
2018-01-30 14:31:06.305000,5.03,5.02,5.03,8879400.0
2018-01-30 14:31:09.033000,5.03,5.02,5.03,8879400.0
2018-01-30 14:31:11.914000,5.03,5.02,5.03,8879400.0
2018-01-30 14:31:15.084000,5.03,5.02,5.03,8879400.0
2018-01-30 14:31:17.971000,5.03,5.02,5.03,8879400.0
2018-01-30 14:31:20.916000,5.03,5.02,5.03,8879400.0
2018-01-30 14:31:23.873000,5.03,5.02,5.03,8879400.0
2018-01-30 14:31:26.905000,5.03,5.02,5.03,8879400.0
2018-01-30 14:31:29.681000,5.03,5.02,5.03,8879400.0
2018-01-30 14:31:32.830000,5.03,5.02,5.03,8879400.0
2018-01-30 14:31:35.674000,5.03,5.02,5.03,8879400.0
2018-01-30 14:31:38.474000,5.03,5.02,5.03,8879400.0
2018-01-30 14:31:41.355000,5.03,5.02,5.03,8879400.0
2018-01-30 14:31:44.393000,5.03,5.02,5.03,8879400.0
2018-01-30 14:31:47.113000,5.03,5.02,5.03,8879400.0
2018-01-30 14:31:50.113000,5.03,5.02,5.03,8879400.0
2018-01-30 14:31:52.970000,5.03,5.02,5.03,8879400.0
2018-01-30 14:31:55.837000,5.03,5.02,5.03,8879400.0
2018-01-30 14:31:58.692000,5.03,5.02,5.03,8879400.0
2018-01-30 14:32:01.745000,5.03,5.02,5.03,8879400.0
2018-01-30 14:32:04.631000,5.03,5.02,5.03,8879400.0
2018-01-30 14:32:07.549000,5.03,5.02,5.03,8879400.0
2018-01-30 14:32:10.418000,5.03,5.02,5.03,8879400.0
2018-01-30 14:32:13.243000,5.03,5.02,5.03,8879400.0
2018-01-30 14:32:16.372000,5.03,5.02,5.03,8879400.0
2018-01-30 14:32:19.248000,5.03,5.02,5.03,8879400.0
2018-01-30 14:32:22.302000,5.03,5.02,5.03,8879400.0
2018-01-30 14:32:25.214000,5.03,5.02,5.03,8879400.0
2018-01-30 14:32:28.241000,5.03,5.02,5.03,8879400.0
2018-01-30 14:32:31.323000,5.03,5.02,5.03,8879400.0
2018-01-30 14:32:34.040000,5.03,5.02,5.03,8879400.0
2018-01-30 14:32:37.036000,5.03,5.02,5.03,8879400.0
2018-01-30 14:32:39.853000,5.03,5.02,5.03,8879400.0
2018-01-30 14:32:42.850000,5.03,5.02,5.03,8879400.0
2018-01-30 14:32:45.618000,5.03,5.02,5.03,8879400.0
2018-01-30 14:32:48.654000,5.03,5.02,5.03,8879400.0
2018-01-30 14:32:51.796000,5.03,5.02,5.03,8879400.0
2018-01-30 14:32:54.698000,5.03,5.02,5.03,8879400.0
2018-01-30 14:32:57.662000,5.03,5.02,5.03,8879400.0
2018-01-30 14:33:00.492000,5.03,5.02,5.03,8879400.0
2018-01-30 14:33:03.410000,5.03,5.02,5.03,8879400.0
2018-01-30 14:33:06.371000,5.03,5.02,5.03,8879400.0
2018-01-30 14:33:09.287000,5.03,5.02,5.03,8879400.0
2018-01-30 14:33:12.111000,5.03,5.02,5.03,8879400.0
2018-01-30 14:33:14.745000,5.03,5.02,5.03,8879400.0
2018-01-30 14:33:17.535000,5.03,5.02,5.03,8879400.0
2018-01-30 14:33:20.371000,5.03,5.02,5.03,8879400.0
2018-01-30 14:33:23.225000,5.03,5.02,5.03,8879400.0
2018-01-30 14:33:26.096000,5.03,5.02,5.03,8879400.0
2018-01-30 14:33:28.874000,5.03,5.02,5.03,8879400.0
2018-01-30 14:33:31.875000,5.03,5.02,5.03,8879400.0
2018-01-30 14:33:34.618000,5.03,5.02,5.03,8879400.0
2018-01-30 14:33:37.508000,5.03,5.02,5.03,8879400.0
2018-01-30 14:33:40.433000,5.03,5.02,5.03,8879400.0
2018-01-30 14:33:43.393000,5.03,5.02,5.03,8879400.0
2018-01-30 14:33:46.295000,5.03,5.02,5.03,8879400.0
2018-01-30 14:33:49.448000,5.03,5.02,5.03,8879400.0
2018-01-30 14:33:52.247000,5.03,5.02,5.03,8879400.0
2018-01-30 14:33:55.245000,5.03,5.02,5.03,8879400.0
2018-01-30 14:33:58.161000,5.03,5.02,5.03,8879400.0
2018-01-30 14:34:00.992000,5.03,5.02,5.03,8879400.0
2018-01-30 14:34:03.960000,5.03,5.02,5.03,8879400.0
2018-01-30 14:34:06.974000,5.03,5.02,5.03,8879400.0
2018-01-30 14:34:09.859000,5.03,5.02,5.03,8879400.0
2018-01-30 14:34:12.689000,5.03,5.02,5.03,8879400.0
2018-01-30 14:34:15.557000,5.03,5.02,5.03,8879400.0
2018-01-30 14:34:18.291000,5.03,5.02,5.03,8879400.0
2018-01-30 14:34:21.180000,5.03,5.02,5.03,8879400.0
2018-01-30 14:34:24.042000,5.03,5.02,5.03,8879400.0
2018-01-30 14:34:27.303000,5.03,5.02,5.03,8879400.0
2018-01-30 14:34:30.170000,5.03,5.02,5.03,8879400.0
2018-01-30 14:34:33.253000,5.03,5.02,5.03,8879400.0
2018-01-30 14:34:36.345000,5.03,5.02,5.03,8879400.0
2018-01-30 14:34:39.199000,5.03,5.02,5.03,8879400.0
2018-01-30 14:34:42.204000,5.03,5.02,5.03,8879400.0
2018-01-30 14:34:45.230000,5.03,5.02,5.03,8879400.0
2018-01-30 14:34:48.287000,5.03,5.02,5.03,8879400.0
2018-01-30 14:34:51.294000,5.03,5.02,5.03,8879400.0
2018-01-30 14:34:54.247000,5.03,5.02,5.03,8879400.0
2018-01-30 14:34:57.143000,5.03,5.02,5.03,8879400.0
2018-01-30 14:35:00.044000,5.03,5.02,5.03,8879400.0
2018-01-30 14:35:02.977000,5.03,5.02,5.03,8879400.0
2018-01-30 14:35:05.872000,5.03,5.02,5.03,8879400.0
2018-01-30 14:35:08.928000,5.03,5.02,5.03,8879400.0
2018-01-30 14:35:11.610000,5.03,5.02,5.03,8879400.0
2018-01-30 14:35:14.425000,5.03,5.02,5.03,8879400.0
2018-01-30 14:35:17.308000,5.03,5.02,5.03,8879400.0
2018-01-30 14:35:20.325000,5.03,5.02,5.03,8879400.0
2018-01-30 14:35:23.279000,5.03,5.02,5.03,8879400.0
2018-01-30 14:35:26.189000,5.03,5.02,5.03,8879400.0
2018-01-30 14:35:29.332000,5.03,5.02,5.03,8879400.0
2018-01-30 14:35:32.192000,5.03,5.02,5.03,8879400.0
2018-01-30 14:35:35.137000,5.03,5.02,5.03,8879400.0
2018-01-30 14:35:38.016000,5.03,5.02,5.03,8879400.0
2018-01-30 14:35:40.903000,5.03,5.02,5.03,8879400.0
2018-01-30 14:35:43.985000,5.03,5.02,5.03,8879400.0
2018-01-30 14:35:46.986000,5.03,5.02,5.03,8879400.0
2018-01-30 14:35:50.137000,5.03,5.02,5.03,8879400.0
2018-01-30 14:35:53.042000,5.03,5.02,5.03,8879400.0
2018-01-30 14:35:55.954000,5.03,5.02,5.03,8879400.0
2018-01-30 14:35:58.789000,5.03,5.02,5.03,8879400.0
2018-01-30 14:36:01.591000,5.03,5.02,5.03,8879400.0
2018-01-30 14:36:04.647000,5.03,5.02,5.03,8879400.0
2018-01-30 14:36:07.727000,5.03,5.02,5.03,8879400.0
2018-01-30 14:36:10.819000,5.03,5.02,5.03,8879400.0
2018-01-30 14:36:13.906000,5.03,5.02,5.03,8879400.0
2018-01-30 14:36:16.991000,5.03,5.02,5.03,8879400.0
2018-01-30 14:36:19.773000,5.03,5.02,5.03,8879400.0
2018-01-30 14:36:22.874000,5.03,5.02,5.03,8879400.0
2018-01-30 14:36:25.794000,5.03,5.02,5.03,8879400.0
2018-01-30 14:36:28.739000,5.03,5.02,5.03,8879400.0
2018-01-30 14:36:31.710000,5.03,5.02,5.03,8879400.0
2018-01-30 14:36:34.542000,5.03,5.02,5.03,8879400.0
2018-01-30 14:36:37.404000,5.03,5.02,5.03,8879400.0
2018-01-30 14:36:40.185000,5.03,5.02,5.03,8879400.0
2018-01-30 14:36:43.212000,5.03,5.02,5.03,8879400.0
2018-01-30 14:36:46.024000,5.03,5.02,5.03,8879400.0
2018-01-30 14:36:48.877000,5.03,5.02,5.03,8879400.0
2018-01-30 14:36:52.049000,5.03,5.02,5.03,8879400.0
2018-01-30 14:36:54.964000,5.03,5.02,5.03,8879400.0
2018-01-30 14:36:57.788000,5.03,5.02,5.03,8879400.0
2018-01-30 14:37:00.765000,5.03,5.02,5.03,8879400.0
2018-01-30 14:37:03.582000,5.03,5.02,5.03,8879400.0
2018-01-30 14:37:06.461000,5.03,5.02,5.03,8879400.0
2018-01-30 14:37:09.364000,5.03,5.02,5.03,8879400.0
2018-01-30 14:37:12.238000,5.03,5.02,5.03,8879400.0
2018-01-30 14:37:15.186000,5.03,5.02,5.03,8879400.0
2018-01-30 14:37:18.089000,5.03,5.02,5.03,8879400.0
2018-01-30 14:37:21.342000,5.03,5.02,5.03,8879400.0
2018-01-30 14:37:24.216000,5.03,5.02,5.03,8879400.0
2018-01-30 14:37:27.417000,5.03,5.02,5.03,8879400.0
2018-01-30 14:37:30.451000,5.03,5.02,5.03,8879400.0
2018-01-30 14:37:33.596000,5.03,5.02,5.03,8879400.0
2018-01-30 14:37:36.701000,5.03,5.02,5.03,8879400.0
2018-01-30 14:37:39.649000,5.03,5.02,5.03,8879400.0
2018-01-30 14:37:42.885000,5.03,5.02,5.03,8879400.0
2018-01-30 14:37:47.339000,5.03,5.02,5.03,8879400.0
2018-01-30 14:37:50.532000,5.03,5.02,5.03,8879400.0
2018-01-30 14:37:53.420000,5.03,5.02,5.03,8879400.0
2018-01-30 14:37:56.259000,5.03,5.02,5.03,8879400.0
2018-01-30 14:37:59.108000,5.03,5.02,5.03,8879400.0
2018-01-30 14:38:02.090000,5.03,5.02,5.03,8879400.0
2018-01-30 14:38:05.008000,5.03,5.02,5.03,8879400.0
2018-01-30 14:38:08.372000,5.03,5.02,5.03,8879400.0
2018-01-30 14:38:11.265000,5.03,5.02,5.03,8879400.0
2018-01-30 14:38:14.068000,5.03,5.02,5.03,8879400.0
2018-01-30 14:38:16.977000,5.03,5.02,5.03,8879400.0
2018-01-30 14:38:20.068000,5.03,5.02,5.03,8879400.0
2018-01-30 14:38:23.013000,5.03,5.02,5.03,8879400.0
2018-01-30 14:38:25.829000,5.03,5.02,5.03,8934400.0
2018-01-30 14:38:28.763000,5.03,5.02,5.03,8934400.0
2018-01-30 14:38:31.985000,5.03,5.02,5.03,8934400.0
2018-01-30 14:38:34.981000,5.03,5.02,5.03,8934400.0
2018-01-30 14:38:37.993000,5.03,5.02,5.03,8934400.0
2018-01-30 14:38:40.815000,5.03,5.02,5.03,8934400.0
2018-01-30 14:38:43.594000,5.03,5.02,5.03,8934400.0
2018-01-30 14:38:46.590000,5.03,5.02,5.03,8934400.0
2018-01-30 14:38:49.359000,5.03,5.02,5.03,8934400.0
2018-01-30 14:38:52.150000,5.03,5.02,5.03,8934400.0
2018-01-30 14:38:55.038000,5.03,5.02,5.03,8934400.0
2018-01-30 14:38:58.013000,5.03,5.02,5.03,8934400.0
2018-01-30 14:39:00.924000,5.03,5.02,5.03,8934400.0
2018-01-30 14:39:03.818000,5.03,5.02,5.03,8934400.0
2018-01-30 14:39:06.689000,5.03,5.02,5.03,8934400.0
2018-01-30 14:39:09.625000,5.03,5.02,5.03,8934400.0
2018-01-30 14:39:12.707000,5.03,5.02,5.03,8934400.0
2018-01-30 14:39:15.722000,5.03,5.02,5.03,8934400.0
2018-01-30 14:39:18.777000,5.03,5.02,5.03,8934400.0
2018-01-30 14:39:21.716000,5.03,5.02,5.03,8934400.0
2018-01-30 14:39:24.657000,5.03,5.02,5.03,8934400.0
2018-01-30 14:39:27.721000,5.03,5.02,5.03,8934400.0
2018-01-30 14:39:30.693000,5.03,5.02,5.03,8934400.0
2018-01-30 14:39:33.518000,5.03,5.02,5.03,8934400.0
2018-01-30 14:39:36.395000,5.03,5.02,5.03,8934400.0
2018-01-30 14:39:39.341000,5.03,5.02,5.03,8934400.0
2018-01-30 14:39:42.059000,5.03,5.02,5.03,8934400.0
2018-01-30 14:39:44.937000,5.03,5.02,5.03,8934400.0
2018-01-30 14:39:47.856000,5.03,5.02,5.03,8934400.0
2018-01-30 14:39:50.738000,5.03,5.02,5.03,8934400.0
2018-01-30 14:39:53.413000,5.03,5.02,5.03,8934400.0
2018-01-30 14:39:55.994000,5.03,5.02,5.03,8934400.0
2018-01-30 14:39:58.522000,5.03,5.02,5.03,8936400.0
2018-01-30 14:40:01.087000,5.03,5.02,5.03,8936400.0
2018-01-30 14:40:03.751000,5.03,5.02,5.03,8936400.0
2018-01-30 14:40:06.494000,5.03,5.02,5.03,8936400.0
2018-01-30 14:40:09.348000,5.03,5.02,5.03,8936400.0
2018-01-30 14:40:12.047000,5.03,5.02,5.03,8936400.0
2018-01-30 14:40:14.701000,5.03,5.02,5.03,8936400.0
2018-01-30 14:40:17.467000,5.03,5.02,5.03,8936400.0
2018-01-30 14:40:20.043000,5.03,5.02,5.03,8936400.0
2018-01-30 14:40:22.897000,5.03,5.02,5.03,8936400.0
2018-01-30 14:40:25.770000,5.03,5.02,5.03,8936400.0
2018-01-30 14:40:28.367000,5.03,5.02,5.03,8936400.0
2018-01-30 14:40:31.183000,5.03,5.02,5.03,8936400.0
2018-01-30 14:40:34.033000,5.03,5.02,5.03,8936400.0
2018-01-30 14:40:36.864000,5.03,5.02,5.03,8936400.0
2018-01-30 14:40:40.024000,5.03,5.02,5.03,8936400.0
2018-01-30 14:40:42.878000,5.03,5.02,5.03,8936400.0
2018-01-30 14:40:45.816000,5.03,5.02,5.03,8936400.0
2018-01-30 14:40:48.689000,5.03,5.02,5.03,8936400.0
2018-01-30 14:40:51.541000,5.03,5.02,5.03,8936400.0
2018-01-30 14:40:54.555000,5.03,5.02,5.03,8936400.0
2018-01-30 14:40:57.452000,5.03,5.02,5.03,8936400.0
2018-01-30 14:41:00.504000,5.03,5.02,5.03,8946400.0
2018-01-30 14:41:03.511000,5.03,5.02,5.03,8946400.0
2018-01-30 14:41:06.411000,5.03,5.02,5.03,8946400.0
2018-01-30 14:41:09.366000,5.03,5.02,5.03,8946400.0
2018-01-30 14:41:12.442000,5.03,5.02,5.03,8946400.0
2018-01-30 14:41:15.368000,5.03,5.02,5.03,8946400.0
2018-01-30 14:41:18.517000,5.03,5.02,5.03,8946400.0
