time,price,bid,ask,volume
2018-01-04 13:06:06.973000,5.35,5.34,5.36,2032900.0
2018-01-04 13:06:15.586000,5.35,5.34,5.35,2042900.0
2018-01-04 13:06:19.059000,5.35,5.34,5.35,2042900.0
2018-01-04 13:06:22.666000,5.35,5.34,5.35,2042900.0
2018-01-04 13:06:26.302000,5.35,5.34,5.35,2042900.0
2018-01-04 13:06:29.544000,5.35,5.34,5.35,2042900.0
2018-01-04 13:06:32.799000,5.35,5.34,5.35,2042900.0
2018-01-04 13:06:36.754000,5.35,5.34,5.35,2042900.0
2018-01-04 13:06:40.341000,5.35,5.34,5.35,2042900.0
2018-01-04 13:06:43.494000,5.35,5.34,5.35,2042900.0
2018-01-04 13:06:46.837000,5.35,5.34,5.35,2042900.0
2018-01-04 13:06:50.002000,5.35,5.34,5.35,2042900.0
2018-01-04 13:06:53.368000,5.35,5.34,5.35,2042900.0
2018-01-04 13:06:57.210000,5.35,5.34,5.35,2042900.0
2018-01-04 13:07:00.546000,5.35,5.34,5.35,2042900.0
2018-01-04 13:07:04.659000,5.35,5.34,5.35,2042900.0
2018-01-04 13:07:10.646000,5.35,5.34,5.35,2042900.0
2018-01-04 13:07:13.951000,5.35,5.34,5.35,2042900.0
2018-01-04 13:08:19.494000,5.35,5.34,5.35,2042900.0
2018-01-04 13:08:22.929000,5.35,5.34,5.35,2042900.0
2018-01-04 13:08:26.685000,5.35,5.34,5.35,2042900.0
2018-01-04 13:08:29.937000,5.35,5.34,5.35,2042900.0
2018-01-04 13:08:33.643000,5.35,5.34,5.35,2042900.0
2018-01-04 13:08:36.708000,5.35,5.34,5.35,2042900.0
2018-01-04 13:08:40.530000,5.35,5.34,5.35,2042900.0
2018-01-04 13:08:43.915000,5.35,5.34,5.35,2042900.0
2018-01-04 13:08:47.284000,5.35,5.34,5.35,2042900.0
2018-01-04 13:08:50.941000,5.35,5.34,5.35,2042900.0
2018-01-04 13:08:55.431000,5.35,5.34,5.35,2042900.0
2018-01-04 13:08:58.954000,5.35,5.34,5.35,2042900.0
2018-01-04 13:09:02.961000,5.35,5.34,5.35,2042900.0
2018-01-04 13:09:06.650000,5.35,5.34,5.35,2042900.0
2018-01-04 13:09:12.415000,5.35,5.34,5.35,2042900.0
2018-01-04 13:09:19.441000,5.35,5.34,5.35,2042900.0
2018-01-04 13:09:23.462000,5.35,5.34,5.35,2042900.0
2018-01-04 13:09:27.276000,5.35,5.34,5.35,2042900.0
2018-01-04 13:09:30.021000,5.35,5.34,5.35,2042900.0
2018-01-04 13:12:52.411000,5.34,5.33,5.35,2421500.0
2018-01-04 13:12:56.178000,5.34,5.33,5.35,2421500.0
2018-01-04 13:13:00.268000,5.34,5.33,5.35,2421500.0
2018-01-04 13:13:04.725000,5.34,5.33,5.35,2421500.0
2018-01-04 13:13:08.950000,5.34,5.33,5.35,2421500.0
2018-01-04 13:13:12.365000,5.34,5.33,5.35,2421500.0
2018-01-04 13:13:28.904000,5.34,5.33,5.35,2421500.0
2018-01-04 13:13:32.766000,5.34,5.33,5.35,2421500.0
2018-01-04 13:13:36.240000,5.34,5.33,5.35,2421500.0
2018-01-04 13:13:39.226000,5.34,5.33,5.35,2421500.0
2018-01-04 13:13:42.425000,5.34,5.33,5.35,2421500.0
2018-01-04 13:13:46.135000,5.34,5.33,5.35,2421500.0
2018-01-04 13:13:49.930000,5.34,5.33,5.35,2421500.0
2018-01-04 13:13:53.494000,5.34,5.33,5.35,2421500.0
2018-01-04 13:13:57.407000,5.34,5.33,5.35,2421500.0
2018-01-04 13:14:00.995000,5.34,5.33,5.35,2421500.0
2018-01-04 13:14:05.170000,5.34,5.33,5.35,2421500.0
2018-01-04 13:14:09.846000,5.34,5.33,5.35,2421500.0
2018-01-04 13:14:14.211000,5.34,5.33,5.35,2421500.0
2018-01-04 13:14:18.085000,5.34,5.33,5.35,2421500.0
2018-01-04 13:14:21.327000,5.34,5.33,5.35,2421500.0
2018-01-04 13:14:24.903000,5.34,5.33,5.35,2421500.0
2018-01-04 13:14:29.526000,5.34,5.33,5.35,2421500.0
2018-01-04 13:14:33.033000,5.34,5.33,5.35,2421500.0
2018-01-04 13:14:37.010000,5.34,5.33,5.35,2421500.0
2018-01-04 13:14:40.822000,5.34,5.33,5.35,2421500.0
2018-01-04 13:14:44.161000,5.34,5.33,5.35,2421500.0
2018-01-04 13:14:48.028000,5.34,5.33,5.35,2421500.0
2018-01-04 13:14:51.392000,5.34,5.33,5.35,2421500.0
2018-01-04 13:14:55.221000,5.34,5.33,5.35,2421500.0
2018-01-04 13:14:58.663000,5.34,5.33,5.35,2421500.0
2018-01-04 13:15:01.984000,5.34,5.33,5.35,2421500.0
2018-01-04 13:15:06.893000,5.34,5.33,5.35,2421500.0
2018-01-04 13:15:09.925000,5.34,5.33,5.35,2421500.0
2018-01-04 13:15:13.509000,5.34,5.33,5.35,2421500.0
2018-01-04 13:15:16.266000,5.34,5.33,5.35,2421500.0
2018-01-04 13:15:20.278000,5.34,5.33,5.35,2421500.0
2018-01-04 13:15:24.203000,5.34,5.33,5.35,2421500.0
2018-01-04 13:15:27.390000,5.34,5.33,5.35,2421500.0
2018-01-04 13:15:31.022000,5.34,5.33,5.35,2421500.0
2018-01-04 13:15:34.350000,5.34,5.33,5.35,2421500.0
2018-01-04 13:15:37.934000,5.34,5.33,5.35,2421500.0
2018-01-04 13:15:41.339000,5.34,5.33,5.35,2421500.0
2018-01-04 13:15:44.953000,5.34,5.33,5.35,2421500.0
2018-01-04 13:15:48.314000,5.34,5.33,5.35,2421500.0
2018-01-04 13:15:51.861000,5.34,5.33,5.35,2421500.0
2018-01-04 13:15:55.738000,5.34,5.33,5.35,2421500.0
2018-01-04 13:15:59.531000,5.34,5.33,5.35,2421500.0
2018-01-04 13:16:02.945000,5.34,5.33,5.35,2421500.0
2018-01-04 13:16:06.353000,5.34,5.33,5.35,2421500.0
2018-01-04 13:16:10.515000,5.34,5.33,5.35,2421500.0
2018-01-04 13:16:16.041000,5.34,5.33,5.35,2421500.0
2018-01-04 13:16:19.316000,5.34,5.33,5.35,2421500.0
2018-01-04 13:16:22.836000,5.34,5.33,5.35,2421500.0
2018-01-04 13:16:26.435000,5.34,5.33,5.35,2421500.0
2018-01-04 13:16:30.586000,5.34,5.33,5.35,2421500.0
2018-01-04 13:16:33.803000,5.34,5.33,5.35,2421500.0
2018-01-04 13:16:37.425000,5.34,5.33,5.35,2421500.0
2018-01-04 13:16:41.798000,5.34,5.33,5.35,2421500.0
2018-01-04 13:16:45.240000,5.34,5.33,5.35,2421500.0
2018-01-04 13:16:48.720000,5.34,5.33,5.35,2421500.0
2018-01-04 13:16:52.213000,5.34,5.33,5.35,2421500.0
2018-01-04 13:16:56.027000,5.34,5.33,5.35,2421500.0
2018-01-04 13:16:59.355000,5.34,5.33,5.35,2421500.0
2018-01-04 13:17:03.270000,5.34,5.33,5.35,2421500.0
2018-01-04 13:17:07.244000,5.34,5.33,5.35,2421500.0
2018-01-04 13:17:12.209000,5.34,5.33,5.35,2421500.0
2018-01-04 13:17:15.745000,5.34,5.33,5.35,2421500.0
2018-01-04 13:17:19.395000,5.34,5.33,5.35,2421500.0
2018-01-04 13:17:22.876000,5.34,5.33,5.35,2421500.0
2018-01-04 13:17:26.635000,5.34,5.33,5.35,2421500.0
2018-01-04 13:17:30.558000,5.34,5.33,5.35,2421500.0
2018-01-04 13:17:34.554000,5.34,5.33,5.35,2421500.0
2018-01-04 13:17:38.787000,5.34,5.33,5.35,2421500.0
2018-01-04 13:17:42.768000,5.34,5.33,5.35,2421500.0
2018-01-04 13:17:46.108000,5.34,5.33,5.35,2421500.0
2018-01-04 13:17:49.134000,5.34,5.33,5.35,2421500.0
2018-01-04 13:17:52.043000,5.34,5.33,5.35,2421500.0
2018-01-04 13:17:56.101000,5.34,5.33,5.35,2421500.0
2018-01-04 13:18:00.046000,5.34,5.33,5.35,2421500.0
2018-01-04 13:18:11.346000,5.34,5.33,5.35,2421500.0
2018-01-04 13:18:15.201000,5.34,5.33,5.35,2421500.0
2018-01-04 13:18:19.193000,5.34,5.33,5.35,2421500.0
2018-01-04 13:18:27.764000,5.34,5.33,5.35,2421500.0
2018-01-04 13:18:31.515000,5.34,5.33,5.35,2421500.0
2018-01-04 13:18:35.323000,5.34,5.33,5.35,2421500.0
2018-01-04 13:18:39.198000,5.34,5.33,5.35,2421500.0
2018-01-04 13:18:42.951000,5.34,5.33,5.35,2421500.0
2018-01-04 13:18:46.766000,5.34,5.33,5.35,2421500.0
2018-01-04 13:18:50.394000,5.34,5.33,5.35,2421500.0
2018-01-04 13:18:54.393000,5.34,5.33,5.35,2421500.0
2018-01-04 13:18:58.192000,5.34,5.33,5.35,2421500.0
2018-01-04 13:19:01.610000,5.34,5.33,5.35,2421500.0
2018-01-04 13:19:05.805000,5.34,5.33,5.35,2421500.0
2018-01-04 13:19:09.546000,5.34,5.33,5.35,2421500.0
2018-01-04 13:19:13.300000,5.34,5.33,5.35,2421500.0
2018-01-04 13:19:17.912000,5.34,5.33,5.35,2421500.0
2018-01-04 13:19:21.634000,5.34,5.33,5.35,2421500.0
2018-01-04 13:19:25.446000,5.34,5.33,5.35,2421500.0
2018-01-04 13:19:28.909000,5.34,5.33,5.35,2421500.0
2018-01-04 13:19:32.468000,5.34,5.33,5.35,2421500.0
2018-01-04 13:19:35.702000,5.34,5.33,5.34,2421500.0
2018-01-04 13:19:39.688000,5.34,5.33,5.34,2421500.0
2018-01-04 13:19:42.862000,5.34,5.33,5.34,2421500.0
2018-01-04 13:19:46.913000,5.34,5.33,5.34,2421500.0
2018-01-04 13:19:50.666000,5.34,5.33,5.34,2421500.0
2018-01-04 13:19:54.085000,5.34,5.33,5.34,2421500.0
2018-01-04 13:19:57.627000,5.34,5.33,5.34,2421500.0
2018-01-04 13:20:01.331000,5.34,5.33,5.34,2421500.0
2018-01-04 13:20:09.083000,5.34,5.33,5.34,2421500.0
2018-01-04 13:20:12.782000,5.34,5.33,5.34,2421500.0
2018-01-04 13:20:17.291000,5.34,5.33,5.34,2421500.0
2018-01-04 13:20:21.383000,5.34,5.33,5.34,2421500.0
2018-01-04 13:20:25.258000,5.34,5.33,5.34,2421500.0
2018-01-04 13:20:29.299000,5.34,5.33,5.34,2421500.0
2018-01-04 13:20:33.359000,5.34,5.33,5.34,2421500.0
2018-01-04 13:20:37.704000,5.34,5.33,5.34,2422500.0
2018-01-04 13:20:41.595000,5.34,5.33,5.34,2422500.0
2018-01-04 13:20:45.384000,5.34,5.33,5.34,2422500.0
2018-01-04 13:20:48.410000,5.34,5.33,5.34,2422500.0
2018-01-04 13:20:52.313000,5.34,5.33,5.34,2422500.0
2018-01-04 13:20:56.481000,5.34,5.33,5.34,2422500.0
2018-01-04 13:21:00.293000,5.34,5.33,5.34,2422500.0
2018-01-04 13:21:04.122000,5.34,5.33,5.34,2422500.0
2018-01-04 13:22:41.975000,5.34,5.33,5.34,2452500.0
2018-01-04 13:22:45.144000,5.34,5.33,5.34,2452500.0
2018-01-04 13:22:48.885000,5.34,5.33,5.34,2452500.0
2018-01-04 13:22:52.332000,5.34,5.33,5.34,2452500.0
2018-01-04 13:22:56.008000,5.34,5.33,5.34,2452500.0
2018-01-04 13:22:59.648000,5.34,5.33,5.34,2452500.0
2018-01-04 13:23:03.276000,5.34,5.33,5.34,2452500.0
2018-01-04 13:23:12.194000,5.34,5.33,5.34,2452500.0
2018-01-04 13:23:19.376000,5.34,5.33,5.34,2452500.0
2018-01-04 13:23:28.411000,5.34,5.33,5.34,2452500.0
2018-01-04 13:23:32.311000,5.34,5.33,5.34,2452500.0
2018-01-04 13:23:35.900000,5.34,5.33,5.34,2452500.0
2018-01-04 13:23:39.776000,5.34,5.33,5.34,2452500.0
2018-01-04 13:23:43.220000,5.34,5.33,5.34,2452500.0
2018-01-04 13:23:46.707000,5.34,5.33,5.34,2452500.0
2018-01-04 13:23:50.822000,5.34,5.33,5.34,2452500.0
2018-01-04 13:23:54.581000,5.34,5.33,5.34,2452500.0
2018-01-04 13:23:58.137000,5.34,5.33,5.34,2452500.0
2018-01-04 13:24:02.272000,5.34,5.33,5.34,2452500.0
2018-01-04 13:24:06.406000,5.34,5.33,5.34,2452500.0
2018-01-04 13:24:10.083000,5.34,5.33,5.34,2452500.0
2018-01-04 13:24:13.306000,5.34,5.33,5.34,2452500.0
2018-01-04 13:24:17.312000,5.34,5.33,5.34,2452500.0
2018-01-04 13:24:20.860000,5.34,5.33,5.34,2452500.0
2018-01-04 13:24:24.624000,5.34,5.33,5.35,2452500.0
2018-01-04 13:24:28.769000,5.34,5.33,5.35,2452500.0
2018-01-04 13:24:32.527000,5.34,5.33,5.35,2452500.0
2018-01-04 13:24:36.148000,5.34,5.33,5.35,2452500.0
2018-01-04 13:24:39.630000,5.34,5.33,5.35,2452500.0
2018-01-04 13:24:43.114000,5.34,5.33,5.35,2452500.0
2018-01-04 13:24:46.662000,5.34,5.33,5.35,2452500.0
2018-01-04 13:24:50.346000,5.34,5.33,5.35,2452500.0
2018-01-04 13:24:54.242000,5.34,5.33,5.35,2452500.0
2018-01-04 13:24:57.690000,5.34,5.33,5.35,2452500.0
2018-01-04 13:25:01.392000,5.34,5.33,5.35,2452500.0
2018-01-04 13:25:08.278000,5.34,5.33,5.35,2452500.0
2018-01-04 13:25:14.347000,5.34,5.33,5.35,2452500.0
2018-01-04 13:25:18.218000,5.34,5.33,5.35,2452500.0
2018-01-04 13:25:21.752000,5.34,5.33,5.35,2452500.0
2018-01-04 13:25:25.910000,5.34,5.33,5.35,2452500.0
2018-01-04 13:25:29.706000,5.34,5.33,5.35,2452500.0
2018-01-04 13:25:32.605000,5.34,5.33,5.35,2452500.0
2018-01-04 13:25:36.090000,5.34,5.33,5.35,2452500.0
2018-01-04 13:25:39.816000,5.34,5.33,5.35,2452500.0
2018-01-04 13:25:43.301000,5.34,5.33,5.35,2452500.0
2018-01-04 13:25:46.976000,5.34,5.33,5.35,2452500.0
2018-01-04 13:25:50.780000,5.34,5.33,5.35,2452500.0
2018-01-04 13:25:54.056000,5.34,5.33,5.35,2452500.0
2018-01-04 13:25:57.499000,5.34,5.33,5.35,2452500.0
2018-01-04 13:26:01.260000,5.34,5.33,5.35,2452500.0
2018-01-04 13:26:05.148000,5.34,5.33,5.35,2572500.0
2018-01-04 13:26:09.733000,5.34,5.33,5.35,2572500.0
2018-01-04 13:26:13.879000,5.34,5.33,5.35,2572500.0
2018-01-04 13:26:18.268000,5.34,5.33,5.35,2572500.0
2018-01-04 13:26:21.402000,5.34,5.33,5.35,2572500.0
2018-01-04 13:26:24.800000,5.34,5.33,5.35,2572500.0
2018-01-04 13:26:28.084000,5.34,5.33,5.35,2572500.0
2018-01-04 13:26:31.565000,5.34,5.33,5.35,2572500.0
2018-01-04 13:26:34.523000,5.34,5.33,5.35,2572500.0
2018-01-04 13:26:38.362000,5.34,5.33,5.35,2572500.0
2018-01-04 13:26:42.168000,5.34,5.33,5.35,2572500.0
2018-01-04 13:26:46.127000,5.34,5.33,5.35,2572500.0
2018-01-04 13:26:49.258000,5.34,5.33,5.35,2572500.0
2018-01-04 13:26:53.493000,5.34,5.33,5.35,2572500.0
2018-01-04 13:26:57.378000,5.34,5.33,5.35,2572500.0
2018-01-04 13:27:00.885000,5.34,5.33,5.35,2572500.0
2018-01-04 13:27:04.180000,5.34,5.34,5.35,2572500.0
2018-01-04 13:27:07.823000,5.34,5.34,5.35,2572500.0
2018-01-04 13:27:12.067000,5.34,5.34,5.35,2572500.0
2018-01-04 13:27:15.846000,5.34,5.34,5.35,2572500.0
2018-01-04 13:27:22.833000,5.34,5.34,5.35,2572500.0
2018-01-04 13:27:26.280000,5.34,5.34,5.35,2572500.0
2018-01-04 13:27:30.296000,5.34,5.34,5.35,2572500.0
2018-01-04 13:27:34.237000,5.34,5.34,5.35,2572500.0
2018-01-04 13:27:37.755000,5.34,5.34,5.35,2572500.0
2018-01-04 13:27:41.521000,5.34,5.34,5.35,2572500.0
2018-01-04 13:27:45.164000,5.34,5.34,5.35,2572500.0
2018-01-04 13:27:49.113000,5.34,5.33,5.35,2572500.0
2018-01-04 13:27:52.994000,5.34,5.33,5.35,2572500.0
2018-01-04 13:27:56.953000,5.34,5.33,5.35,2572500.0
2018-01-04 13:27:59.981000,5.34,5.33,5.35,2572500.0
2018-01-04 13:28:03.915000,5.34,5.33,5.35,2572500.0
2018-01-04 13:28:10.470000,5.34,5.33,5.35,2572500.0
2018-01-04 13:28:14.641000,5.34,5.33,5.35,2572500.0
2018-01-04 13:28:18.677000,5.34,5.33,5.35,2572500.0
2018-01-04 13:28:22.506000,5.34,5.33,5.35,2572500.0
2018-01-04 13:28:26.225000,5.34,5.33,5.35,2572500.0
2018-01-04 13:28:30.157000,5.34,5.33,5.35,2572500.0
2018-01-04 13:28:34.070000,5.34,5.33,5.35,2572500.0
2018-01-04 13:28:38.133000,5.34,5.33,5.35,2572500.0
2018-01-04 13:28:42.045000,5.34,5.33,5.35,2572500.0
2018-01-04 13:28:45.848000,5.34,5.33,5.35,2572500.0
2018-01-04 13:28:49.773000,5.34,5.33,5.35,2572500.0
2018-01-04 13:28:53.415000,5.34,5.33,5.35,2572500.0
2018-01-04 13:28:56.582000,5.34,5.33,5.35,2572500.0
2018-01-04 13:29:00.054000,5.34,5.33,5.35,2572500.0
2018-01-04 13:29:03.693000,5.34,5.33,5.35,2572500.0
2018-01-04 13:29:12.281000,5.34,5.33,5.35,2572500.0
2018-01-04 13:29:16.879000,5.34,5.33,5.35,2572500.0
2018-01-04 13:29:20.942000,5.34,5.33,5.35,2572500.0
2018-01-04 13:29:24.612000,5.34,5.33,5.35,2572500.0
2018-01-04 13:29:28.359000,5.34,5.33,5.35,2572500.0
2018-01-04 13:29:32.453000,5.34,5.33,5.35,2572500.0
2018-01-04 13:29:35.940000,5.34,5.33,5.35,2572500.0
2018-01-04 13:29:39.312000,5.34,5.33,5.35,2572500.0
2018-01-04 13:29:42.891000,5.34,5.33,5.35,2572500.0
2018-01-04 13:29:46.735000,5.34,5.33,5.35,2572500.0
2018-01-04 13:29:50.479000,5.34,5.33,5.35,2572500.0
2018-01-04 13:29:53.831000,5.34,5.33,5.35,2572500.0
2018-01-04 13:29:57.710000,5.34,5.33,5.35,2572500.0
2018-01-04 13:30:01.764000,5.34,5.33,5.35,2572500.0
2018-01-04 13:30:05.579000,5.34,5.33,5.35,2572500.0
2018-01-04 13:30:12.843000,5.34,5.33,5.35,2572500.0
2018-01-04 13:30:16.481000,5.34,5.33,5.35,2572500.0
2018-01-04 13:30:19.695000,5.34,5.33,5.35,2572500.0
2018-01-04 13:30:23.691000,5.34,5.33,5.35,2572500.0
2018-01-04 13:30:27.605000,5.34,5.33,5.35,2572500.0
2018-01-04 13:30:31.542000,5.34,5.33,5.35,2572500.0
2018-01-04 13:30:35.129000,5.34,5.33,5.35,2572500.0
2018-01-04 13:30:38.960000,5.34,5.33,5.35,2572500.0
2018-01-04 13:30:42.869000,5.34,5.33,5.35,2572500.0
2018-01-04 13:30:46.584000,5.34,5.33,5.35,2572500.0
2018-01-04 13:30:50.276000,5.34,5.33,5.35,2572500.0
2018-01-04 13:30:53.929000,5.34,5.33,5.35,2572500.0
2018-01-04 13:30:57.729000,5.34,5.33,5.35,2572500.0
2018-01-04 13:31:01.548000,5.34,5.33,5.35,2572500.0
2018-01-04 13:31:08.554000,5.34,5.33,5.35,2572500.0
2018-01-04 13:31:11.645000,5.34,5.33,5.35,2572500.0
2018-01-04 13:31:15.249000,5.34,5.33,5.35,2572500.0
2018-01-04 13:31:20.658000,5.34,5.33,5.35,2572500.0
2018-01-04 13:31:24.679000,5.34,5.33,5.35,2572500.0
2018-01-04 13:31:30.307000,5.34,5.33,5.35,2572500.0
2018-01-04 13:31:34.153000,5.34,5.33,5.35,2572500.0
2018-01-04 13:31:38.246000,5.34,5.33,5.35,2572500.0
2018-01-04 13:31:41.867000,5.34,5.33,5.35,2572500.0
2018-01-04 13:31:45.152000,5.34,5.33,5.35,2572500.0
2018-01-04 13:31:48.931000,5.34,5.33,5.35,2572500.0
2018-01-04 13:31:52.879000,5.34,5.33,5.35,2572500.0
2018-01-04 13:31:56.892000,5.34,5.33,5.35,2572500.0
2018-01-04 13:32:01.220000,5.34,5.33,5.35,2572500.0
2018-01-04 13:32:07.921000,5.34,5.33,5.35,2572500.0
2018-01-04 13:32:16.145000,5.34,5.33,5.35,2572500.0
2018-01-04 13:32:20.614000,5.34,5.33,5.35,2572500.0
2018-01-04 13:32:23.967000,5.34,5.33,5.35,2572500.0
2018-01-04 13:32:28.663000,5.34,5.33,5.35,2572500.0
2018-01-04 13:32:32.591000,5.34,5.33,5.35,2572500.0
2018-01-04 13:32:35.608000,5.34,5.34,5.35,2572500.0
2018-01-04 13:32:38.879000,5.34,5.34,5.35,2572500.0
2018-01-04 13:32:42.830000,5.34,5.34,5.35,2572500.0
2018-01-04 13:32:46.508000,5.34,5.34,5.35,2572500.0
2018-01-04 13:32:55.137000,5.34,5.34,5.35,2572500.0
2018-01-04 13:32:58.569000,5.34,5.34,5.35,2572500.0
2018-01-04 13:33:02.502000,5.34,5.34,5.35,2572500.0
2018-01-04 13:33:06.557000,5.34,5.34,5.35,2572500.0
2018-01-04 13:33:12.342000,5.34,5.34,5.35,2572500.0
2018-01-04 13:33:16.006000,5.34,5.34,5.35,2572500.0
2018-01-04 13:33:21.585000,5.34,5.34,5.35,2572500.0
2018-01-04 13:33:25.106000,5.34,5.34,5.35,2572500.0
2018-01-04 13:33:29.054000,5.34,5.34,5.35,2572500.0
2018-01-04 13:33:32.960000,5.34,5.34,5.35,2572500.0
2018-01-04 13:33:37.119000,5.34,5.34,5.35,2572500.0
2018-01-04 13:33:40.770000,5.34,5.34,5.35,2572500.0
2018-01-04 13:33:44.699000,5.34,5.34,5.35,2572500.0
2018-01-04 13:33:48.592000,5.34,5.34,5.35,2572500.0
2018-01-04 13:33:52.479000,5.34,5.34,5.35,2572500.0
2018-01-04 13:33:56.489000,5.34,5.34,5.35,2572500.0
2018-01-04 13:34:00.077000,5.34,5.34,5.35,2572500.0
2018-01-04 13:34:03.626000,5.34,5.34,5.35,2572500.0
2018-01-04 13:34:07.441000,5.34,5.34,5.35,2572500.0
2018-01-04 13:34:11.429000,5.34,5.34,5.35,2572500.0
2018-01-04 13:34:15.028000,5.34,5.34,5.35,2572500.0
2018-01-04 13:34:18.788000,5.34,5.34,5.35,2572500.0
2018-01-04 13:34:22.670000,5.34,5.34,5.35,2572500.0
2018-01-04 13:34:26.607000,5.34,5.34,5.35,2572500.0
2018-01-04 13:34:30.408000,5.34,5.34,5.35,2572500.0
2018-01-04 13:34:34.326000,5.34,5.34,5.35,2572500.0
2018-01-04 13:34:37.338000,5.34,5.34,5.35,2572500.0
2018-01-04 13:34:41.479000,5.34,5.34,5.35,2572500.0
2018-01-04 13:34:45.383000,5.34,5.34,5.35,2572500.0
2018-01-04 13:34:49.292000,5.34,5.34,5.35,2572500.0
2018-01-04 13:34:52.922000,5.34,5.34,5.35,2572500.0
2018-01-04 13:34:56.878000,5.34,5.34,5.35,2572500.0
2018-01-04 13:35:00.211000,5.34,5.34,5.35,2572500.0
2018-01-04 13:35:04.232000,5.34,5.34,5.35,2572500.0
2018-01-04 13:35:11.878000,5.34,5.34,5.35,2572500.0
2018-01-04 13:35:17.536000,5.34,5.34,5.35,2572500.0
2018-01-04 13:35:23.763000,5.34,5.34,5.35,2572500.0
2018-01-04 13:35:27.700000,5.34,5.34,5.35,2572500.0
2018-01-04 13:35:31.427000,5.34,5.34,5.35,2572500.0
2018-01-04 13:35:34.985000,5.34,5.34,5.35,2572500.0
2018-01-04 13:35:38.691000,5.34,5.34,5.35,2572500.0
2018-01-04 13:35:42.670000,5.34,5.34,5.35,2572500.0
2018-01-04 13:35:46.164000,5.34,5.34,5.35,2572500.0
2018-01-04 13:35:50.465000,5.34,5.34,5.35,2572500.0
2018-01-04 13:35:54.248000,5.34,5.34,5.35,2572500.0
2018-01-04 13:35:57.853000,5.34,5.34,5.35,2572500.0
2018-01-04 13:36:01.410000,5.34,5.34,5.35,2572500.0
2018-01-04 13:36:08.579000,5.34,5.34,5.35,2572500.0
2018-01-04 13:36:13.793000,5.34,5.34,5.35,2572500.0
2018-01-04 13:36:20.260000,5.34,5.34,5.35,2572500.0
2018-01-04 13:36:24.259000,5.34,5.34,5.35,2572500.0
2018-01-04 13:36:27.477000,5.34,5.34,5.35,2572500.0
2018-01-04 13:36:31.396000,5.34,5.34,5.35,2572500.0
2018-01-04 13:36:35.806000,5.34,5.34,5.35,2572500.0
2018-01-04 13:36:39.533000,5.34,5.34,5.35,2572500.0
2018-01-04 13:36:43.122000,5.34,5.34,5.35,2572500.0
2018-01-04 13:36:47.127000,5.34,5.34,5.35,2572500.0
2018-01-04 13:36:50.551000,5.34,5.34,5.35,2572500.0
2018-01-04 13:36:54.517000,5.34,5.34,5.35,2572500.0
2018-01-04 13:36:58.533000,5.34,5.34,5.35,2572500.0
2018-01-04 13:37:05.744000,5.34,5.34,5.35,2572500.0
2018-01-04 13:37:10.297000,5.34,5.34,5.35,2572500.0
2018-01-04 13:37:16.762000,5.34,5.34,5.35,2572500.0
2018-01-04 13:37:20.344000,5.34,5.34,5.35,2572500.0
2018-01-04 13:37:23.761000,5.34,5.34,5.35,2572500.0
2018-01-04 13:37:27.750000,5.34,5.34,5.35,2572500.0
2018-01-04 13:37:31.584000,5.34,5.34,5.35,2572500.0
2018-01-04 13:37:35.735000,5.34,5.34,5.35,2572500.0
2018-01-04 13:37:39.565000,5.34,5.34,5.35,2572500.0
2018-01-04 13:37:43.378000,5.34,5.34,5.35,2572500.0
2018-01-04 13:37:46.677000,5.34,5.34,5.35,2572500.0
2018-01-04 13:37:49.893000,5.34,5.34,5.35,2572500.0
2018-01-04 13:37:53.608000,5.34,5.34,5.35,2572500.0
2018-01-04 13:37:57.550000,5.34,5.34,5.35,2572500.0
2018-01-04 13:38:01.257000,5.34,5.34,5.35,2572500.0
2018-01-04 13:38:04.948000,5.34,5.34,5.35,2572500.0
2018-01-04 13:38:08.387000,5.34,5.34,5.35,2572500.0
2018-01-04 13:38:12.590000,5.34,5.34,5.35,2572500.0
2018-01-04 13:38:19.949000,5.34,5.34,5.35,2572500.0
2018-01-04 13:38:23.183000,5.34,5.33,5.34,2582500.0
2018-01-04 13:38:26.936000,5.34,5.33,5.34,2582500.0
2018-01-04 13:38:30.528000,5.34,5.33,5.34,2582500.0
2018-01-04 13:38:34.062000,5.34,5.33,5.34,2582500.0
2018-01-04 13:38:37.797000,5.34,5.33,5.34,2582500.0
2018-01-04 13:38:41.597000,5.34,5.33,5.34,2582500.0
2018-01-04 13:38:45.169000,5.34,5.33,5.34,2582500.0
2018-01-04 13:38:49.119000,5.34,5.33,5.34,2582500.0
2018-01-04 13:38:52.841000,5.34,5.33,5.34,2582500.0
2018-01-04 13:38:57.017000,5.34,5.33,5.34,2582500.0
2018-01-04 13:39:00.764000,5.34,5.33,5.34,2582500.0
2018-01-04 13:39:04.691000,5.34,5.33,5.34,2582500.0
2018-01-04 13:39:11.311000,5.34,5.33,5.34,2582500.0
2018-01-04 13:39:20.614000,5.34,5.33,5.34,2582500.0
2018-01-04 13:39:24.229000,5.34,5.33,5.34,2582500.0
2018-01-04 13:39:28.235000,5.34,5.33,5.34,2582500.0
2018-01-04 13:39:32.885000,5.34,5.33,5.34,2582500.0
2018-01-04 13:39:36.649000,5.34,5.33,5.34,2582500.0
2018-01-04 13:39:40.445000,5.34,5.33,5.34,2582500.0
2018-01-04 13:39:43.479000,5.34,5.33,5.34,2582500.0
2018-01-04 13:39:47.296000,5.34,5.33,5.34,2582500.0
2018-01-04 13:39:51.249000,5.34,5.33,5.34,2582500.0
2018-01-04 13:39:54.771000,5.34,5.33,5.34,2582500.0
2018-01-04 13:39:58.559000,5.34,5.33,5.34,2582500.0
2018-01-04 13:40:02.426000,5.34,5.33,5.34,2582500.0
2018-01-04 13:40:08.465000,5.34,5.33,5.34,2582500.0
2018-01-04 13:40:12.033000,5.34,5.33,5.34,2582500.0
2018-01-04 13:40:15.668000,5.34,5.33,5.34,2582500.0
2018-01-04 13:40:21.456000,5.34,5.33,5.34,2582500.0
2018-01-04 13:40:25.193000,5.34,5.33,5.34,2582500.0
2018-01-04 13:40:28.958000,5.34,5.33,5.34,2582500.0
2018-01-04 13:40:32.517000,5.33,5.33,5.34,2628500.0
2018-01-04 13:40:36.524000,5.33,5.33,5.34,2628500.0
2018-01-04 13:40:40.437000,5.33,5.33,5.34,2628500.0
2018-01-04 13:40:43.915000,5.33,5.33,5.34,2628500.0
2018-01-04 13:40:47.339000,5.33,5.33,5.34,2628500.0
2018-01-04 13:40:51.229000,5.33,5.33,5.34,2628500.0
2018-01-04 13:40:54.789000,5.33,5.33,5.34,2628500.0
2018-01-04 13:40:58.312000,5.33,5.33,5.34,2628500.0
2018-01-04 13:41:02.010000,5.33,5.33,5.34,2628500.0
2018-01-04 13:41:05.798000,5.33,5.33,5.34,2628500.0
2018-01-04 13:41:12.928000,5.33,5.33,5.34,2628500.0
2018-01-04 13:41:16.748000,5.33,5.33,5.34,2628500.0
2018-01-04 13:41:20.740000,5.33,5.33,5.34,2628500.0
2018-01-04 13:41:24.611000,5.33,5.33,5.34,2628500.0
2018-01-04 13:41:28.649000,5.33,5.33,5.34,2628500.0
2018-01-04 13:41:31.655000,5.33,5.33,5.34,2628500.0
2018-01-04 13:41:35.318000,5.33,5.33,5.34,2628500.0
2018-01-04 13:41:38.892000,5.33,5.33,5.34,2628500.0
2018-01-04 13:41:42.728000,5.33,5.33,5.34,2628500.0
2018-01-04 13:41:45.906000,5.33,5.33,5.34,2628500.0
2018-01-04 13:41:49.325000,5.33,5.33,5.34,2628500.0
2018-01-04 13:41:53.230000,5.33,5.33,5.34,2628500.0
2018-01-04 13:41:57.250000,5.33,5.33,5.34,2628500.0
2018-01-04 13:42:00.945000,5.33,5.33,5.34,2628500.0
2018-01-04 13:42:04.690000,5.33,5.33,5.34,2628500.0
2018-01-04 13:42:11.576000,5.33,5.33,5.34,2628500.0
2018-01-04 13:42:15.319000,5.33,5.33,5.34,2628500.0
2018-01-04 13:42:19.185000,5.33,5.33,5.34,2628500.0
2018-01-04 13:42:22.460000,5.33,5.33,5.34,2628500.0
2018-01-04 13:42:25.668000,5.33,5.33,5.34,2628500.0
2018-01-04 13:42:29.491000,5.33,5.33,5.34,2628500.0
2018-01-04 13:42:33.502000,5.33,5.33,5.34,2628500.0
2018-01-04 13:42:37.603000,5.33,5.33,5.34,2628500.0
2018-01-04 13:42:41.045000,5.33,5.33,5.34,2628500.0
2018-01-04 13:42:44.321000,5.33,5.33,5.34,2628500.0
2018-01-04 13:42:48.550000,5.33,5.33,5.34,2628500.0
2018-01-04 13:42:51.793000,5.33,5.33,5.34,2628500.0
2018-01-04 13:42:54.743000,5.33,5.33,5.34,2628500.0
2018-01-04 13:42:58.269000,5.33,5.33,5.34,2628500.0
2018-01-04 13:43:02.207000,5.33,5.33,5.34,2628500.0
2018-01-04 13:43:05.326000,5.33,5.33,5.34,2628500.0
2018-01-04 13:43:08.993000,5.33,5.33,5.34,2628500.0
2018-01-04 13:43:12.774000,5.33,5.33,5.34,2628500.0
2018-01-04 13:43:16.701000,5.33,5.33,5.34,2628500.0
2018-01-04 13:43:20.716000,5.33,5.33,5.34,2628500.0
2018-01-04 13:43:24.919000,5.33,5.33,5.34,2628500.0
2018-01-04 13:43:28.432000,5.33,5.33,5.34,2628500.0
2018-01-04 13:43:31.978000,5.33,5.33,5.34,2628500.0
2018-01-04 13:43:36.168000,5.33,5.33,5.34,2628500.0
2018-01-04 13:43:39.229000,5.33,5.33,5.34,2628500.0
2018-01-04 13:43:42.796000,5.33,5.33,5.34,2628500.0
2018-01-04 13:43:46.887000,5.33,5.33,5.34,2628500.0
2018-01-04 13:43:50.480000,5.33,5.33,5.34,2628500.0
2018-01-04 13:43:54.293000,5.33,5.33,5.34,2628500.0
2018-01-04 13:43:58.145000,5.33,5.33,5.34,2628500.0
2018-01-04 13:44:01.828000,5.33,5.33,5.34,2628500.0
2018-01-04 13:44:09.749000,5.33,5.33,5.34,2628500.0
2018-01-04 13:44:13.563000,5.33,5.33,5.34,2628500.0
2018-01-04 13:44:17.212000,5.33,5.33,5.34,2628500.0
2018-01-04 13:44:21.199000,5.33,5.33,5.34,2628500.0
2018-01-04 13:44:24.560000,5.33,5.33,5.34,2628500.0
2018-01-04 13:44:28.280000,5.33,5.33,5.34,2628500.0
2018-01-04 13:44:32.271000,5.33,5.33,5.34,2628500.0
2018-01-04 13:44:36.477000,5.33,5.33,5.34,2628500.0
2018-01-04 13:44:40.259000,5.33,5.33,5.34,2628500.0
2018-01-04 13:44:44.247000,5.33,5.33,5.34,2628500.0
2018-01-04 13:44:48.398000,5.33,5.33,5.34,2628500.0
2018-01-04 13:44:52.661000,5.33,5.33,5.34,2628500.0
2018-01-04 13:44:56.448000,5.33,5.33,5.34,2628500.0
2018-01-04 13:45:00.566000,5.33,5.33,5.34,2628500.0
2018-01-04 13:45:06.386000,5.33,5.33,5.34,2628500.0
2018-01-04 13:45:10.255000,5.33,5.33,5.34,2628500.0
2018-01-04 13:45:14.546000,5.33,5.33,5.34,2628500.0
2018-01-04 13:45:20.896000,5.33,5.33,5.34,2628500.0
2018-01-04 13:45:24.983000,5.33,5.33,5.34,2628500.0
2018-01-04 13:45:29.052000,5.33,5.33,5.34,2628500.0
2018-01-04 13:45:32.807000,5.33,5.33,5.34,2628500.0
2018-01-04 13:45:36.919000,5.33,5.33,5.34,2628500.0
2018-01-04 13:45:41.417000,5.33,5.33,5.34,2628500.0
2018-01-04 13:45:45.047000,5.33,5.33,5.34,2628500.0
2018-01-04 13:45:48.715000,5.33,5.33,5.34,2628500.0
2018-01-04 13:45:52.414000,5.33,5.33,5.34,2628500.0
2018-01-04 13:45:55.798000,5.33,5.33,5.34,2628500.0
2018-01-04 13:45:59.654000,5.33,5.33,5.34,2628500.0
2018-01-04 13:46:04.344000,5.33,5.33,5.34,2628500.0
2018-01-04 13:46:08.709000,5.33,5.33,5.34,2628500.0
2018-01-04 13:46:13.733000,5.33,5.33,5.34,2628500.0
2018-01-04 13:46:17.357000,5.33,5.33,5.34,2628500.0
2018-01-04 13:46:21.425000,5.33,5.33,5.34,2628500.0
2018-01-04 13:46:25.118000,5.33,5.33,5.34,2628500.0
2018-01-04 13:46:29.191000,5.33,5.33,5.34,2628500.0
2018-01-04 13:46:33.084000,5.33,5.33,5.34,2628500.0
2018-01-04 13:46:36.599000,5.33,5.33,5.34,2628500.0
2018-01-04 13:46:40.240000,5.33,5.33,5.34,2628500.0
2018-01-04 13:46:44.194000,5.33,5.33,5.34,2628500.0
2018-01-04 13:46:48.139000,5.33,5.33,5.34,2628500.0
2018-01-04 13:46:51.829000,5.33,5.33,5.34,2628500.0
2018-01-04 13:46:55.828000,5.33,5.33,5.34,2628500.0
2018-01-04 13:46:59.190000,5.33,5.33,5.34,2628500.0
2018-01-04 13:47:03.005000,5.33,5.33,5.34,2628500.0
2018-01-04 13:47:06.680000,5.33,5.33,5.34,2628500.0
2018-01-04 13:47:13.844000,5.33,5.33,5.34,2628500.0
2018-01-04 13:47:17.367000,5.33,5.33,5.34,2628500.0
2018-01-04 13:47:20.721000,5.33,5.33,5.34,2628500.0
2018-01-04 13:47:24.479000,5.34,5.33,5.34,2630500.0
2018-01-04 13:47:28.920000,5.34,5.33,5.34,2630500.0
2018-01-04 13:47:33.329000,5.34,5.33,5.34,2630500.0
2018-01-04 13:47:37.076000,5.34,5.33,5.34,2630500.0
2018-01-04 13:47:41.152000,5.34,5.33,5.34,2630500.0
2018-01-04 13:47:45.248000,5.34,5.33,5.34,2630500.0
2018-01-04 13:47:48.670000,5.34,5.33,5.34,2630500.0
2018-01-04 13:47:52.691000,5.34,5.33,5.34,2630500.0
2018-01-04 13:47:56.692000,5.34,5.33,5.34,2630500.0
2018-01-04 13:48:00.704000,5.34,5.33,5.34,2630500.0
2018-01-04 13:48:04.150000,5.34,5.33,5.34,2630500.0
2018-01-04 13:48:07.798000,5.34,5.33,5.34,2630500.0
2018-01-04 13:48:11.764000,5.34,5.33,5.34,2630500.0
2018-01-04 13:48:14.772000,5.34,5.33,5.34,2630500.0
2018-01-04 13:48:18.216000,5.34,5.33,5.34,2630500.0
2018-01-04 13:48:22.027000,5.34,5.33,5.34,2630500.0
2018-01-04 13:48:25.931000,5.34,5.33,5.34,2630500.0
2018-01-04 13:48:29.667000,5.34,5.33,5.34,2630500.0
2018-01-04 13:48:33.373000,5.34,5.33,5.34,2630500.0
2018-01-04 13:48:37.453000,5.34,5.33,5.34,2630500.0
2018-01-04 13:48:41.463000,5.34,5.33,5.34,2630500.0
2018-01-04 13:48:44.908000,5.34,5.33,5.34,2630500.0
2018-01-04 13:48:48.225000,5.34,5.33,5.34,2630500.0
2018-01-04 13:48:52.162000,5.34,5.33,5.34,2630500.0
2018-01-04 13:48:55.552000,5.34,5.33,5.34,2630500.0
2018-01-04 13:48:59.243000,5.34,5.33,5.34,2630500.0
2018-01-04 13:49:02.634000,5.34,5.33,5.34,2630500.0
2018-01-04 13:49:06.442000,5.34,5.33,5.34,2630500.0
2018-01-04 13:49:10.222000,5.34,5.33,5.34,2630500.0
2018-01-04 13:49:16.357000,5.34,5.33,5.34,2630500.0
2018-01-04 13:49:19.493000,5.34,5.33,5.34,2630500.0
2018-01-04 13:49:23.531000,5.34,5.33,5.34,2630500.0
2018-01-04 13:49:27.391000,5.34,5.33,5.34,2630500.0
2018-01-04 13:49:31.551000,5.34,5.33,5.34,2630500.0
2018-01-04 13:49:35.218000,5.34,5.33,5.34,2630500.0
2018-01-04 13:49:38.601000,5.34,5.33,5.34,2630500.0
2018-01-04 13:49:42.577000,5.34,5.33,5.34,2630500.0
2018-01-04 13:49:45.917000,5.34,5.33,5.34,2630500.0
2018-01-04 13:49:49.795000,5.34,5.33,5.34,2630500.0
2018-01-04 13:49:53.416000,5.34,5.33,5.34,2630500.0
2018-01-04 13:49:57.250000,5.34,5.33,5.34,2630500.0
2018-01-04 13:50:01.355000,5.34,5.33,5.34,2630500.0
2018-01-04 13:50:08.864000,5.34,5.33,5.34,2630500.0
2018-01-04 13:50:12.868000,5.34,5.33,5.34,2635200.0
2018-01-04 13:50:18.657000,5.34,5.33,5.34,2635200.0
2018-01-04 13:50:22.458000,5.34,5.33,5.34,2635200.0
2018-01-04 13:50:26.378000,5.34,5.33,5.34,2635200.0
2018-01-04 13:50:30.156000,5.34,5.33,5.34,2635200.0
2018-01-04 13:50:34.082000,5.34,5.33,5.34,2635200.0
2018-01-04 13:50:38.287000,5.34,5.33,5.34,2635200.0
2018-01-04 13:50:41.900000,5.34,5.33,5.34,2635200.0
2018-01-04 13:50:46.010000,5.34,5.33,5.34,2635200.0
2018-01-04 13:50:49.708000,5.34,5.33,5.34,2635200.0
2018-01-04 13:50:54.316000,5.34,5.33,5.34,2635200.0
2018-01-04 13:50:57.848000,5.34,5.33,5.34,2635200.0
2018-01-04 13:51:01.291000,5.34,5.33,5.34,2635200.0
2018-01-04 13:51:05.218000,5.34,5.33,5.34,2635200.0
2018-01-04 13:51:11.999000,5.34,5.33,5.34,2635200.0
2018-01-04 13:51:17.409000,5.34,5.33,5.34,2635200.0
2018-01-04 13:51:21.568000,5.34,5.33,5.34,2635200.0
2018-01-04 13:51:25.383000,5.34,5.33,5.34,2635200.0
2018-01-04 13:51:29.064000,5.34,5.33,5.34,2635200.0
2018-01-04 13:51:32.606000,5.34,5.33,5.34,2635200.0
2018-01-04 13:51:36.088000,5.34,5.33,5.34,2635200.0
2018-01-04 13:51:40.005000,5.34,5.33,5.34,2635200.0
2018-01-04 13:51:43.815000,5.34,5.33,5.34,2635200.0
2018-01-04 13:51:47.579000,5.34,5.33,5.34,2635200.0
2018-01-04 13:51:51.375000,5.34,5.33,5.34,2635200.0
2018-01-04 13:51:55.108000,5.34,5.33,5.34,2635200.0
2018-01-04 13:51:58.956000,5.34,5.33,5.34,2635200.0
2018-01-04 13:52:01.930000,5.34,5.33,5.34,2635200.0
2018-01-04 13:52:07.392000,5.34,5.33,5.34,2635200.0
2018-01-04 13:52:10.652000,5.34,5.33,5.34,2635200.0
2018-01-04 13:52:18.096000,5.34,5.33,5.34,2635200.0
2018-01-04 13:52:21.545000,5.34,5.33,5.34,2635200.0
2018-01-04 13:52:25.473000,5.34,5.33,5.34,2635200.0
2018-01-04 13:52:29.271000,5.34,5.33,5.34,2635200.0
2018-01-04 13:52:33.473000,5.34,5.33,5.34,2635200.0
2018-01-04 13:52:37.332000,5.33,5.33,5.34,2662700.0
2018-01-04 13:52:41.457000,5.33,5.33,5.34,2662700.0
2018-01-04 13:52:45.090000,5.33,5.33,5.34,2662700.0
2018-01-04 13:52:48.961000,5.33,5.33,5.34,2662700.0
2018-01-04 13:52:52.917000,5.33,5.33,5.34,2662700.0
2018-01-04 13:52:56.779000,5.33,5.33,5.34,2662700.0
2018-01-04 13:53:00.355000,5.33,5.33,5.34,2662700.0
2018-01-04 13:53:03.428000,5.33,5.33,5.34,2662700.0
2018-01-04 13:53:07.775000,5.33,5.33,5.34,2662700.0
2018-01-04 13:53:12.017000,5.33,5.33,5.34,2662700.0
2018-01-04 13:53:15.788000,5.33,5.33,5.34,2662700.0
2018-01-04 13:53:19.024000,5.33,5.33,5.34,2662700.0
2018-01-04 13:53:23.250000,5.33,5.33,5.34,2662700.0
2018-01-04 13:53:27.149000,5.33,5.33,5.34,2662700.0
2018-01-04 13:53:31.046000,5.33,5.33,5.34,2662700.0
2018-01-04 13:53:35.156000,5.33,5.33,5.34,2662700.0
2018-01-04 13:53:38.340000,5.33,5.33,5.34,2662700.0
2018-01-04 13:53:42.990000,5.33,5.33,5.34,2662700.0
2018-01-04 13:53:46.640000,5.33,5.33,5.34,2662700.0
2018-01-04 13:53:49.990000,5.33,5.33,5.34,2662700.0
2018-01-04 13:53:53.763000,5.33,5.33,5.34,2662700.0
2018-01-04 13:53:57.774000,5.33,5.33,5.34,2662700.0
2018-01-04 13:54:01.486000,5.33,5.33,5.34,2662700.0
2018-01-04 13:54:05.477000,5.33,5.33,5.34,2662700.0
2018-01-04 13:54:10.824000,5.33,5.33,5.34,2662700.0
2018-01-04 13:54:15.154000,5.33,5.33,5.34,2662700.0
2018-01-04 13:54:22.855000,5.33,5.33,5.34,2662700.0
2018-01-04 13:54:26.309000,5.33,5.33,5.34,2662700.0
2018-01-04 13:54:30.184000,5.33,5.33,5.34,2662700.0
2018-01-04 13:54:33.912000,5.33,5.33,5.34,2662700.0
2018-01-04 13:54:38.044000,5.33,5.33,5.34,2662700.0
2018-01-04 13:54:41.939000,5.33,5.33,5.34,2662700.0
2018-01-04 13:54:45.778000,5.33,5.33,5.34,2662700.0
2018-01-04 13:54:49.508000,5.33,5.33,5.34,2662700.0
2018-01-04 13:54:53.586000,5.33,5.33,5.34,2662700.0
2018-01-04 13:54:57.699000,5.33,5.33,5.34,2662700.0
2018-01-04 13:55:01.363000,5.33,5.33,5.34,2662700.0
2018-01-04 13:55:04.770000,5.33,5.33,5.34,2662700.0
2018-01-04 13:55:08.388000,5.33,5.33,5.34,2662700.0
2018-01-04 13:55:12.438000,5.33,5.33,5.34,2662700.0
2018-01-04 13:55:16.865000,5.33,5.33,5.34,2662700.0
2018-01-04 13:55:20.419000,5.33,5.33,5.34,2662700.0
2018-01-04 13:55:24.415000,5.33,5.33,5.34,2662700.0
2018-01-04 13:55:27.934000,5.33,5.33,5.34,2662700.0
2018-01-04 13:55:31.577000,5.33,5.33,5.34,2662700.0
2018-01-04 13:55:35.464000,5.33,5.33,5.34,2662700.0
2018-01-04 13:55:39.636000,5.33,5.33,5.34,2662700.0
2018-01-04 13:55:43.129000,5.33,5.33,5.34,2662700.0
2018-01-04 13:55:46.460000,5.33,5.33,5.34,2662700.0
2018-01-04 13:55:50.419000,5.33,5.33,5.34,2662700.0
2018-01-04 13:55:53.954000,5.33,5.33,5.34,2662700.0
2018-01-04 13:55:58.225000,5.33,5.33,5.34,2662700.0
2018-01-04 13:56:02.191000,5.33,5.33,5.34,2662700.0
2018-01-04 13:56:05.955000,5.33,5.33,5.34,2662700.0
2018-01-04 13:56:13.427000,5.33,5.33,5.34,2662700.0
2018-01-04 13:56:17.204000,5.33,5.33,5.34,2662700.0
2018-01-04 13:56:23.087000,5.33,5.33,5.34,2662700.0
2018-01-04 13:56:29.599000,5.33,5.33,5.34,2662700.0
2018-01-04 13:56:35.624000,5.33,5.33,5.34,2662700.0
2018-01-04 13:56:38.885000,5.33,5.33,5.34,2662700.0
2018-01-04 13:56:42.313000,5.33,5.33,5.34,2662700.0
2018-01-04 13:56:46.593000,5.33,5.33,5.34,2662700.0
2018-01-04 13:56:50.533000,5.33,5.33,5.34,2662700.0
2018-01-04 13:56:54.252000,5.33,5.33,5.34,2662700.0
2018-01-04 13:56:58.186000,5.33,5.33,5.34,2662700.0
2018-01-04 13:57:02.006000,5.33,5.33,5.34,2662700.0
2018-01-04 13:57:09.028000,5.33,5.33,5.34,2662700.0
2018-01-04 13:57:12.810000,5.33,5.33,5.34,2662700.0
2018-01-04 13:57:18.288000,5.33,5.33,5.34,2662700.0
2018-01-04 13:57:22.481000,5.33,5.33,5.34,2662700.0
2018-01-04 13:57:26.378000,5.33,5.33,5.34,2662700.0
2018-01-04 13:57:30.286000,5.33,5.33,5.34,2662700.0
2018-01-04 13:57:34.516000,5.33,5.33,5.34,2662700.0
2018-01-04 13:57:38.804000,5.33,5.33,5.34,2662700.0
2018-01-04 13:57:42.467000,5.33,5.33,5.34,2662700.0
2018-01-04 13:57:46.021000,5.33,5.33,5.34,2662700.0
2018-01-04 13:57:49.369000,5.33,5.33,5.34,2662700.0
2018-01-04 13:57:53.396000,5.33,5.33,5.34,2662700.0
2018-01-04 13:57:57.221000,5.33,5.33,5.34,2662700.0
2018-01-04 13:58:01.160000,5.33,5.33,5.34,2662700.0
2018-01-04 13:58:04.999000,5.33,5.33,5.34,2662700.0
2018-01-04 13:58:08.933000,5.33,5.33,5.34,2662700.0
2018-01-04 13:58:12.769000,5.33,5.33,5.34,2662700.0
2018-01-04 13:58:16.679000,5.33,5.33,5.34,2662700.0
2018-01-04 13:58:20.566000,5.33,5.33,5.34,2662700.0
2018-01-04 13:58:23.925000,5.33,5.33,5.34,2662700.0
2018-01-04 13:58:28.138000,5.33,5.33,5.34,2662700.0
2018-01-04 13:58:32.145000,5.33,5.33,5.34,2662700.0
2018-01-04 13:58:36.004000,5.33,5.33,5.34,2662700.0
2018-01-04 13:58:39.476000,5.33,5.33,5.34,2662700.0
2018-01-04 13:58:43.616000,5.33,5.33,5.34,2662700.0
2018-01-04 13:58:47.542000,5.33,5.33,5.34,2662700.0
2018-01-04 13:58:50.767000,5.33,5.33,5.34,2662700.0
2018-01-04 13:58:55.096000,5.33,5.33,5.34,2664700.0
2018-01-04 13:58:58.832000,5.33,5.33,5.34,2664700.0
2018-01-04 13:59:02.467000,5.33,5.33,5.34,2664700.0
2018-01-04 13:59:07.753000,5.33,5.33,5.34,2664700.0
2018-01-04 13:59:16.014000,5.33,5.33,5.34,2664700.0
2018-01-04 13:59:19.966000,5.33,5.33,5.34,2664700.0
2018-01-04 13:59:23.984000,5.33,5.33,5.34,2664700.0
2018-01-04 13:59:28.137000,5.33,5.33,5.34,2664700.0
2018-01-04 13:59:31.614000,5.33,5.33,5.34,2664700.0
2018-01-04 13:59:35.490000,5.33,5.33,5.34,2664700.0
2018-01-04 13:59:38.800000,5.33,5.33,5.34,2664700.0
2018-01-04 13:59:41.956000,5.33,5.33,5.34,2664700.0
2018-01-04 13:59:46.102000,5.33,5.33,5.34,2664700.0
2018-01-04 13:59:50.006000,5.33,5.33,5.34,2664700.0
2018-01-04 13:59:54.189000,5.33,5.33,5.34,2664700.0
2018-01-04 13:59:57.200000,5.33,5.33,5.34,2664700.0
2018-01-04 14:00:00.890000,5.33,5.33,5.34,2664700.0
2018-01-04 14:00:04.470000,5.33,5.33,5.34,2664700.0
2018-01-04 14:00:09.171000,5.33,5.33,5.34,2664700.0
2018-01-04 14:00:12.568000,5.33,5.33,5.34,2664700.0
2018-01-04 14:00:16.490000,5.33,5.33,5.34,2664700.0
2018-01-04 14:00:23.602000,5.33,5.33,5.34,2664700.0
2018-01-04 14:00:27.614000,5.33,5.33,5.34,2664700.0
2018-01-04 14:00:31.661000,5.33,5.33,5.34,2664700.0
2018-01-04 14:00:35.996000,5.33,5.33,5.34,2664700.0
2018-01-04 14:00:40.641000,5.33,5.33,5.34,2664700.0
2018-01-04 14:00:44.931000,5.33,5.33,5.34,2664700.0
2018-01-04 14:00:48.037000,5.33,5.33,5.34,2664700.0
2018-01-04 14:00:51.795000,5.33,5.33,5.34,2664700.0
2018-01-04 14:00:55.630000,5.33,5.33,5.34,2664700.0
2018-01-04 14:00:59.716000,5.33,5.33,5.34,2664700.0
2018-01-04 14:01:03.462000,5.33,5.33,5.34,2664700.0
2018-01-04 14:01:07.344000,5.33,5.33,5.34,2664700.0
2018-01-04 14:01:10.680000,5.33,5.33,5.34,2664700.0
2018-01-04 14:01:16.509000,5.33,5.33,5.34,2664700.0
2018-01-04 14:01:21.389000,5.33,5.33,5.34,2664700.0
2018-01-04 14:01:25.638000,5.33,5.33,5.34,2664700.0
2018-01-04 14:01:30.218000,5.33,5.33,5.34,2664700.0
2018-01-04 14:01:34.238000,5.33,5.33,5.34,2664700.0
2018-01-04 14:01:38.106000,5.33,5.33,5.34,2664700.0
2018-01-04 14:01:42.172000,5.33,5.33,5.34,2664700.0
2018-01-04 14:01:46.359000,5.33,5.33,5.34,2664700.0
2018-01-04 14:01:50.114000,5.33,5.33,5.34,2664700.0
2018-01-04 14:01:54.100000,5.33,5.33,5.34,2664700.0
2018-01-04 14:01:58.429000,5.33,5.33,5.34,2664700.0
2018-01-04 14:02:02.587000,5.33,5.33,5.34,2664700.0
2018-01-04 14:02:09.043000,5.34,5.33,5.34,2694700.0
2018-01-04 14:02:12.511000,5.34,5.33,5.34,2694700.0
2018-01-04 14:02:16.384000,5.34,5.33,5.34,2694700.0
2018-01-04 14:02:20.269000,5.34,5.33,5.34,2694700.0
2018-01-04 14:02:24.190000,5.34,5.33,5.34,2694700.0
2018-01-04 14:02:28.079000,5.34,5.33,5.34,2694700.0
2018-01-04 14:02:31.556000,5.34,5.33,5.34,2694700.0
2018-01-04 14:02:35.433000,5.34,5.33,5.34,2694700.0
2018-01-04 14:02:39.686000,5.34,5.33,5.34,2694700.0
2018-01-04 14:02:43.112000,5.34,5.33,5.34,2694700.0
2018-01-04 14:02:46.979000,5.34,5.33,5.34,2694700.0
2018-01-04 14:02:51.097000,5.34,5.33,5.34,2694700.0
2018-01-04 14:02:54.835000,5.34,5.33,5.34,2694700.0
2018-01-04 14:02:58.246000,5.34,5.33,5.34,2694700.0
2018-01-04 14:03:01.787000,5.34,5.33,5.34,2694700.0
2018-01-04 14:03:05.607000,5.34,5.33,5.34,2694700.0
2018-01-04 14:03:09.188000,5.34,5.33,5.34,2694700.0
2018-01-04 14:03:12.865000,5.34,5.33,5.34,2694700.0
2018-01-04 14:03:16.574000,5.34,5.33,5.34,2694700.0
2018-01-04 14:03:20.177000,5.34,5.33,5.34,2694700.0
2018-01-04 14:03:24.044000,5.34,5.33,5.34,2694700.0
2018-01-04 14:03:27.922000,5.34,5.33,5.34,2694700.0
2018-01-04 14:03:31.794000,5.34,5.33,5.34,2694700.0
2018-01-04 14:03:36.077000,5.34,5.33,5.34,2694700.0
2018-01-04 14:03:40.184000,5.34,5.33,5.34,2694700.0
2018-01-04 14:03:44.182000,5.34,5.33,5.34,2694700.0
2018-01-04 14:03:48.256000,5.34,5.33,5.34,2694700.0
2018-01-04 14:03:52.330000,5.34,5.33,5.34,2694700.0
2018-01-04 14:03:55.695000,5.34,5.33,5.34,2694700.0
2018-01-04 14:03:59.409000,5.34,5.33,5.34,2694700.0
2018-01-04 14:04:02.754000,5.34,5.33,5.34,2694700.0
2018-01-04 14:04:09.389000,5.34,5.33,5.34,2694700.0
2018-01-04 14:04:13.260000,5.34,5.33,5.34,2694700.0
2018-01-04 14:04:17.027000,5.34,5.33,5.34,2694700.0
2018-01-04 14:04:21.087000,5.34,5.33,5.34,2694700.0
2018-01-04 14:04:25.249000,5.34,5.33,5.34,2694700.0
2018-01-04 14:04:29.210000,5.34,5.33,5.34,2694700.0
2018-01-04 14:04:33.050000,5.33,5.33,5.34,2698700.0
2018-01-04 14:04:37.029000,5.33,5.33,5.34,2698700.0
2018-01-04 14:04:40.740000,5.33,5.33,5.34,2698700.0
2018-01-04 14:04:44.560000,5.33,5.33,5.34,2698700.0
2018-01-04 14:04:48.198000,5.33,5.33,5.34,2698700.0
2018-01-04 14:04:52.193000,5.33,5.33,5.34,2698700.0
2018-01-04 14:04:55.973000,5.33,5.33,5.34,2698700.0
2018-01-04 14:05:00,5.33,5.33,5.34,2698700.0
2018-01-04 14:05:03.998000,5.33,5.33,5.34,2698700.0
2018-01-04 14:05:07.340000,5.33,5.33,5.34,2698700.0
2018-01-04 14:05:11.920000,5.33,5.33,5.34,2698700.0
2018-01-04 14:05:15.652000,5.33,5.33,5.34,2698700.0
2018-01-04 14:05:19.598000,5.33,5.33,5.34,2698700.0
2018-01-04 14:05:23.581000,5.33,5.33,5.34,2698700.0
2018-01-04 14:05:27.588000,5.33,5.33,5.34,2698700.0
2018-01-04 14:05:31.574000,5.33,5.33,5.34,2698700.0
2018-01-04 14:05:35.404000,5.33,5.33,5.34,2698700.0
2018-01-04 14:05:39.148000,5.33,5.33,5.34,2698700.0
2018-01-04 14:05:42.561000,5.33,5.33,5.34,2698700.0
2018-01-04 14:05:46.457000,5.33,5.33,5.34,2698700.0
2018-01-04 14:05:50.180000,5.33,5.33,5.34,2698700.0
2018-01-04 14:05:54.165000,5.33,5.33,5.34,2698700.0
2018-01-04 14:05:57.648000,5.33,5.33,5.34,2698700.0
2018-01-04 14:06:01.509000,5.33,5.33,5.34,2698700.0
2018-01-04 14:06:05.501000,5.33,5.33,5.34,2698700.0
2018-01-04 14:06:09.414000,5.33,5.33,5.34,2698700.0
2018-01-04 14:06:17.592000,5.33,5.33,5.34,2698700.0
2018-01-04 14:06:21.499000,5.33,5.33,5.34,2698700.0
2018-01-04 14:06:25.436000,5.33,5.33,5.34,2698700.0
2018-01-04 14:06:29.479000,5.33,5.33,5.34,2698700.0
2018-01-04 14:06:33.380000,5.33,5.33,5.34,2698700.0
2018-01-04 14:06:36.706000,5.33,5.33,5.34,2698700.0
2018-01-04 14:06:40.286000,5.33,5.33,5.34,2698700.0
2018-01-04 14:06:43.550000,5.33,5.33,5.34,2698700.0
2018-01-04 14:06:47.491000,5.33,5.33,5.34,2698700.0
2018-01-04 14:06:51.197000,5.33,5.33,5.34,2698700.0
2018-01-04 14:06:54.927000,5.33,5.33,5.34,2698700.0
2018-01-04 14:06:58.827000,5.33,5.33,5.34,2698700.0
2018-01-04 14:07:02.326000,5.33,5.33,5.34,2698700.0
2018-01-04 14:07:06.322000,5.33,5.33,5.34,2698700.0
2018-01-04 14:07:10.105000,5.33,5.33,5.34,2698700.0
2018-01-04 14:07:13.789000,5.33,5.33,5.34,2698700.0
2018-01-04 14:07:18.043000,5.33,5.33,5.34,2698700.0
2018-01-04 14:07:21.416000,5.33,5.33,5.34,2698700.0
2018-01-04 14:07:25.982000,5.33,5.33,5.34,2698700.0
2018-01-04 14:07:29.457000,5.33,5.33,5.34,2698700.0
2018-01-04 14:07:33.540000,5.33,5.33,5.34,2698700.0
2018-01-04 14:07:36.831000,5.33,5.33,5.34,2698700.0
2018-01-04 14:07:40.391000,5.33,5.33,5.34,2698700.0
2018-01-04 14:07:44.357000,5.33,5.33,5.34,2698700.0
2018-01-04 14:07:48.266000,5.33,5.33,5.34,2698700.0
2018-01-04 14:07:52.256000,5.33,5.33,5.34,2698700.0
2018-01-04 14:07:55.641000,5.33,5.33,5.34,2698700.0
2018-01-04 14:07:59.409000,5.33,5.33,5.34,2698700.0
2018-01-04 14:08:05.834000,5.33,5.33,5.34,2698700.0
2018-01-04 14:08:09.983000,5.33,5.33,5.34,2698700.0
2018-01-04 14:08:16.091000,5.33,5.33,5.34,2698700.0
2018-01-04 14:08:20.107000,5.33,5.33,5.34,2698700.0
2018-01-04 14:08:24.168000,5.33,5.33,5.34,2698700.0
2018-01-04 14:08:27.848000,5.33,5.33,5.34,2698700.0
2018-01-04 14:08:31.900000,5.33,5.33,5.34,2698700.0
2018-01-04 14:08:35.586000,5.33,5.33,5.34,2698700.0
2018-01-04 14:08:39.063000,5.33,5.33,5.34,2698700.0
2018-01-04 14:08:43.207000,5.33,5.33,5.34,2698700.0
2018-01-04 14:08:46.644000,5.33,5.33,5.34,2698700.0
2018-01-04 14:08:50.916000,5.33,5.33,5.34,2698700.0
2018-01-04 14:08:55.015000,5.33,5.33,5.34,2698700.0
2018-01-04 14:08:58.428000,5.33,5.33,5.34,2698700.0
2018-01-04 14:09:02.825000,5.33,5.33,5.34,2698700.0
2018-01-04 14:09:08.731000,5.34,5.33,5.35,2708700.0
2018-01-04 14:09:12.696000,5.34,5.33,5.35,2708700.0
2018-01-04 14:09:19.566000,5.34,5.33,5.35,2708700.0
2018-01-04 14:09:24.714000,5.34,5.33,5.35,2708700.0
2018-01-04 14:09:28.755000,5.34,5.33,5.35,2708700.0
2018-01-04 14:09:32.817000,5.34,5.33,5.35,2708700.0
2018-01-04 14:09:36.619000,5.34,5.33,5.35,2708700.0
2018-01-04 14:09:40.128000,5.34,5.33,5.35,2708700.0
2018-01-04 14:09:43.785000,5.34,5.33,5.35,2746900.0
2018-01-04 14:09:47.359000,5.34,5.33,5.35,2746900.0
2018-01-04 14:09:51.420000,5.34,5.33,5.35,2746900.0
2018-01-04 14:09:55.379000,5.34,5.33,5.35,2746900.0
2018-01-04 14:09:59.563000,5.34,5.33,5.35,2746900.0
2018-01-04 14:10:03.591000,5.34,5.34,5.35,2746900.0
2018-01-04 14:10:07.754000,5.34,5.34,5.35,2746900.0
2018-01-04 14:10:12.411000,5.34,5.34,5.35,2746900.0
2018-01-04 14:10:19.518000,5.34,5.34,5.35,2746900.0
2018-01-04 14:10:23.419000,5.34,5.34,5.35,2746900.0
2018-01-04 14:10:27.194000,5.34,5.34,5.35,2746900.0
2018-01-04 14:10:31.155000,5.34,5.34,5.35,2746900.0
2018-01-04 14:10:35.035000,5.34,5.34,5.35,2746900.0
2018-01-04 14:10:39.469000,5.34,5.34,5.35,2746900.0
2018-01-04 14:10:43.133000,5.34,5.34,5.35,2746900.0
2018-01-04 14:10:46.870000,5.34,5.34,5.35,2746900.0
2018-01-04 14:10:50.382000,5.34,5.34,5.35,2746900.0
2018-01-04 14:10:53.978000,5.34,5.34,5.35,2746900.0
2018-01-04 14:10:57.217000,5.34,5.34,5.35,2746900.0
2018-01-04 14:11:01.001000,5.34,5.34,5.35,2746900.0
2018-01-04 14:11:04.822000,5.34,5.34,5.35,2746900.0
2018-01-04 14:11:08.508000,5.34,5.34,5.35,2746900.0
2018-01-04 14:11:12.478000,5.34,5.34,5.35,2746900.0
2018-01-04 14:11:16.158000,5.34,5.34,5.35,2746900.0
2018-01-04 14:11:19.690000,5.34,5.34,5.35,2746900.0
2018-01-04 14:11:23.792000,5.34,5.34,5.35,2746900.0
2018-01-04 14:11:27.382000,5.34,5.34,5.35,2746900.0
2018-01-04 14:11:30.876000,5.34,5.34,5.35,2746900.0
2018-01-04 14:11:34.712000,5.34,5.34,5.35,2746900.0
2018-01-04 14:11:38.423000,5.34,5.34,5.35,2746900.0
2018-01-04 14:11:42.356000,5.34,5.34,5.35,2746900.0
2018-01-04 14:11:46.179000,5.34,5.34,5.35,2746900.0
2018-01-04 14:11:49.959000,5.34,5.34,5.35,2746900.0
2018-01-04 14:11:53.616000,5.34,5.34,5.35,2746900.0
2018-01-04 14:11:57.197000,5.34,5.34,5.35,2746900.0
2018-01-04 14:12:01.550000,5.34,5.34,5.35,2746900.0
2018-01-04 14:12:06.824000,5.34,5.34,5.35,2746900.0
2018-01-04 14:12:10.909000,5.34,5.34,5.35,2746900.0
2018-01-04 14:12:14.198000,5.34,5.34,5.35,2746900.0
2018-01-04 14:12:17.043000,5.34,5.34,5.35,2746900.0
2018-01-04 14:12:20.559000,5.34,5.34,5.35,2746900.0
2018-01-04 14:12:24.363000,5.34,5.34,5.35,2746900.0
2018-01-04 14:12:27.670000,5.34,5.34,5.35,2746900.0
2018-01-04 14:12:31.049000,5.34,5.34,5.35,2746900.0
2018-01-04 14:12:34.441000,5.34,5.34,5.35,2746900.0
2018-01-04 14:12:37.796000,5.34,5.34,5.35,2746900.0
2018-01-04 14:12:41.377000,5.34,5.34,5.35,2746900.0
2018-01-04 14:12:45.128000,5.34,5.34,5.35,2746900.0
2018-01-04 14:12:48.662000,5.34,5.34,5.35,2746900.0
2018-01-04 14:12:52.272000,5.34,5.34,5.35,2746900.0
2018-01-04 14:12:56.066000,5.34,5.34,5.35,2746900.0
2018-01-04 14:12:59.973000,5.34,5.34,5.35,2746900.0
2018-01-04 14:13:04.052000,5.34,5.34,5.35,2746900.0
2018-01-04 14:13:07.525000,5.34,5.34,5.35,2746900.0
2018-01-04 14:13:10.827000,5.34,5.34,5.35,2746900.0
2018-01-04 14:13:14.567000,5.34,5.34,5.35,2746900.0
2018-01-04 14:13:18.266000,5.34,5.34,5.35,2746900.0
2018-01-04 14:13:22.466000,5.34,5.34,5.35,2746900.0
2018-01-04 14:13:25.966000,5.34,5.34,5.35,2746900.0
2018-01-04 14:13:29.963000,5.34,5.34,5.35,2746900.0
2018-01-04 14:13:33.935000,5.34,5.34,5.35,2746900.0
2018-01-04 14:13:37.730000,5.34,5.34,5.35,2746900.0
2018-01-04 14:13:42.068000,5.34,5.34,5.35,2746900.0
2018-01-04 14:13:46.955000,5.34,5.34,5.35,2746900.0
2018-01-04 14:13:50.180000,5.34,5.34,5.35,2746900.0
2018-01-04 14:13:54.242000,5.34,5.34,5.35,2746900.0
2018-01-04 14:13:57.841000,5.34,5.34,5.35,2746900.0
2018-01-04 14:14:01.261000,5.34,5.34,5.35,2746900.0
2018-01-04 14:14:05.191000,5.34,5.34,5.35,2746900.0
2018-01-04 14:14:09.005000,5.34,5.34,5.35,2746900.0
2018-01-04 14:14:13.021000,5.34,5.34,5.35,2746900.0
2018-01-04 14:14:18.578000,5.34,5.34,5.35,2746900.0
2018-01-04 14:14:22.586000,5.34,5.34,5.35,2746900.0
2018-01-04 14:14:26.223000,5.34,5.34,5.35,2746900.0
2018-01-04 14:14:29.962000,5.34,5.34,5.35,2746900.0
2018-01-04 14:14:34,5.34,5.34,5.35,2746900.0
2018-01-04 14:14:37.888000,5.34,5.34,5.35,2746900.0
2018-01-04 14:14:41.646000,5.34,5.34,5.35,2746900.0
2018-01-04 14:14:45.731000,5.34,5.34,5.35,2746900.0
2018-01-04 14:14:49.844000,5.34,5.34,5.35,2756900.0
2018-01-04 14:14:53.555000,5.34,5.34,5.35,2756900.0
2018-01-04 14:14:57.095000,5.34,5.34,5.35,2756900.0
2018-01-04 14:15:00.608000,5.34,5.34,5.35,2756900.0
2018-01-04 14:15:05.301000,5.34,5.34,5.35,2756900.0
2018-01-04 14:15:08.794000,5.34,5.34,5.35,2756900.0
2018-01-04 14:15:12.807000,5.34,5.34,5.35,2756900.0
2018-01-04 14:15:16.117000,5.34,5.34,5.35,2756900.0
2018-01-04 14:15:20.019000,5.34,5.34,5.35,2756900.0
2018-01-04 14:15:24.975000,5.34,5.34,5.35,2756900.0
2018-01-04 14:15:28.360000,5.34,5.34,5.35,2756900.0
2018-01-04 14:15:31.669000,5.34,5.34,5.35,2756900.0
2018-01-04 14:15:35.719000,5.34,5.34,5.35,2756900.0
2018-01-04 14:15:39.393000,5.34,5.34,5.35,2756900.0
2018-01-04 14:15:43.264000,5.34,5.34,5.35,2756900.0
2018-01-04 14:15:46.895000,5.34,5.34,5.35,2756900.0
2018-01-04 14:15:51.611000,5.34,5.34,5.35,2756900.0
2018-01-04 14:15:55.600000,5.34,5.34,5.35,2756900.0
2018-01-04 14:15:58.904000,5.34,5.34,5.35,2756900.0
2018-01-04 14:16:02.861000,5.34,5.34,5.35,2756900.0
2018-01-04 14:16:06.694000,5.34,5.34,5.35,2756900.0
2018-01-04 14:16:10.623000,5.34,5.34,5.35,2756900.0
2018-01-04 14:16:14.520000,5.34,5.34,5.35,2756900.0
2018-01-04 14:16:18.662000,5.34,5.34,5.35,2756900.0
2018-01-04 14:16:22.112000,5.34,5.34,5.35,2756900.0
2018-01-04 14:16:25.558000,5.34,5.34,5.35,2756900.0
2018-01-04 14:16:28.816000,5.34,5.34,5.35,2756900.0
2018-01-04 14:16:32.292000,5.34,5.34,5.35,2756900.0
2018-01-04 14:16:36.413000,5.34,5.34,5.35,2756900.0
2018-01-04 14:16:40.137000,5.34,5.34,5.35,2756900.0
2018-01-04 14:16:44.108000,5.34,5.34,5.35,2758900.0
2018-01-04 14:16:48.046000,5.34,5.34,5.35,2758900.0
2018-01-04 14:16:51.645000,5.34,5.34,5.35,2758900.0
2018-01-04 14:16:55.085000,5.34,5.34,5.35,2758900.0
2018-01-04 14:16:58.983000,5.34,5.34,5.35,2758900.0
2018-01-04 14:17:02.494000,5.34,5.34,5.35,2758900.0
2018-01-04 14:17:06.675000,5.34,5.34,5.35,2758900.0
2018-01-04 14:17:10.786000,5.34,5.34,5.35,2758900.0
2018-01-04 14:17:14.459000,5.34,5.34,5.35,2758900.0
2018-01-04 14:17:21.931000,5.34,5.34,5.35,2758900.0
2018-01-04 14:17:25.586000,5.34,5.34,5.35,2758900.0
2018-01-04 14:17:29.595000,5.34,5.34,5.35,2758900.0
2018-01-04 14:17:33.500000,5.34,5.34,5.35,2758900.0
2018-01-04 14:17:37.503000,5.34,5.34,5.35,2758900.0
2018-01-04 14:17:40.931000,5.34,5.34,5.35,2758900.0
2018-01-04 14:17:44.811000,5.34,5.34,5.35,2758900.0
2018-01-04 14:17:48.330000,5.34,5.34,5.35,2758900.0
2018-01-04 14:17:51.803000,5.34,5.34,5.35,2758900.0
2018-01-04 14:17:55.724000,5.34,5.34,5.35,2758900.0
2018-01-04 14:17:59.550000,5.34,5.34,5.35,2758900.0
2018-01-04 14:18:05.881000,5.34,5.34,5.35,2758900.0
2018-01-04 14:18:12.826000,5.34,5.34,5.35,2758900.0
2018-01-04 14:18:19.707000,5.34,5.34,5.35,2758900.0
2018-01-04 14:18:23.193000,5.34,5.34,5.35,2758900.0
2018-01-04 14:18:27.458000,5.34,5.34,5.35,2758900.0
2018-01-04 14:18:30.809000,5.34,5.34,5.35,2758900.0
2018-01-04 14:18:34.504000,5.34,5.34,5.35,2758900.0
2018-01-04 14:18:38.478000,5.34,5.34,5.35,2758900.0
2018-01-04 14:18:43.690000,5.34,5.34,5.35,2758900.0
2018-01-04 14:18:47.677000,5.34,5.34,5.35,2758900.0
2018-01-04 14:18:51.439000,5.34,5.34,5.35,2758900.0
2018-01-04 14:18:55.937000,5.34,5.34,5.35,2758900.0
2018-01-04 14:19:00.616000,5.34,5.34,5.35,2758900.0
2018-01-04 14:19:03.736000,5.34,5.34,5.35,2758900.0
2018-01-04 14:19:07.878000,5.34,5.34,5.35,2758900.0
2018-01-04 14:19:11.135000,5.34,5.34,5.35,2758900.0
2018-01-04 14:19:15.830000,5.34,5.34,5.35,2758900.0
2018-01-04 14:19:18.988000,5.34,5.34,5.35,2758900.0
2018-01-04 14:19:22.742000,5.34,5.34,5.35,2758900.0
2018-01-04 14:19:26.430000,5.34,5.34,5.35,2758900.0
2018-01-04 14:19:30.062000,5.34,5.34,5.35,2758900.0
2018-01-04 14:19:33.914000,5.34,5.34,5.35,2758900.0
2018-01-04 14:19:37.764000,5.34,5.34,5.35,2758900.0
2018-01-04 14:19:41.140000,5.34,5.34,5.35,2758900.0
2018-01-04 14:19:44.647000,5.34,5.34,5.35,2758900.0
2018-01-04 14:19:48.049000,5.34,5.34,5.35,2758900.0
2018-01-04 14:19:51.762000,5.34,5.34,5.35,2758900.0
2018-01-04 14:19:55.301000,5.34,5.34,5.35,2758900.0
2018-01-04 14:19:59.750000,5.34,5.34,5.35,2758900.0
2018-01-04 14:20:05.800000,5.34,5.34,5.35,2758900.0
2018-01-04 14:20:10.976000,5.34,5.34,5.35,2758900.0
2018-01-04 14:20:14.890000,5.34,5.34,5.35,2758900.0
2018-01-04 14:20:18.827000,5.34,5.34,5.35,2758900.0
2018-01-04 14:20:22.450000,5.34,5.34,5.35,2758900.0
2018-01-04 14:20:26.480000,5.34,5.34,5.35,2758900.0
2018-01-04 14:20:30.835000,5.34,5.34,5.35,2758900.0
2018-01-04 14:20:34.594000,5.34,5.34,5.35,2758900.0
2018-01-04 14:20:38.884000,5.34,5.34,5.35,2758900.0
2018-01-04 14:20:43.098000,5.34,5.34,5.35,2758900.0
2018-01-04 14:20:46.816000,5.34,5.34,5.35,2758900.0
2018-01-04 14:20:50.577000,5.34,5.34,5.35,2758900.0
2018-01-04 14:20:53.616000,5.34,5.34,5.35,2758900.0
2018-01-04 14:20:57.136000,5.34,5.34,5.35,2758900.0
2018-01-04 14:21:01.065000,5.34,5.34,5.35,2758900.0
2018-01-04 14:21:04.788000,5.34,5.34,5.35,2758900.0
2018-01-04 14:21:11.983000,5.34,5.34,5.35,2758900.0
2018-01-04 14:21:16.186000,5.34,5.34,5.35,2758900.0
2018-01-04 14:21:20.091000,5.34,5.34,5.35,2758900.0
2018-01-04 14:21:23.779000,5.34,5.34,5.35,2758900.0
2018-01-04 14:21:27.618000,5.34,5.34,5.35,2758900.0
2018-01-04 14:21:31.447000,5.34,5.34,5.35,2758900.0
2018-01-04 14:21:35.264000,5.34,5.34,5.35,2758900.0
2018-01-04 14:21:39.407000,5.34,5.34,5.35,2758900.0
2018-01-04 14:21:43.515000,5.34,5.34,5.35,2758900.0
2018-01-04 14:21:47.475000,5.34,5.34,5.35,2758900.0
2018-01-04 14:21:51.272000,5.34,5.34,5.35,2758900.0
2018-01-04 14:21:55.348000,5.34,5.34,5.35,2758900.0
2018-01-04 14:21:58.525000,5.34,5.34,5.35,2758900.0
2018-01-04 14:22:02.338000,5.34,5.34,5.35,2758900.0
2018-01-04 14:22:07.816000,5.34,5.34,5.35,2758900.0
2018-01-04 14:22:13.524000,5.34,5.34,5.35,2758900.0
2018-01-04 14:22:17.685000,5.34,5.34,5.35,2758900.0
2018-01-04 14:22:21.381000,5.34,5.34,5.35,2758900.0
2018-01-04 14:22:25.560000,5.34,5.34,5.35,2758900.0
2018-01-04 14:22:29.472000,5.34,5.34,5.35,2758900.0
2018-01-04 14:22:33.256000,5.34,5.34,5.35,2758900.0
2018-01-04 14:22:37.160000,5.34,5.34,5.35,2758900.0
2018-01-04 14:22:40.991000,5.34,5.34,5.35,2758900.0
2018-01-04 14:22:44.863000,5.34,5.34,5.35,2758900.0
2018-01-04 14:22:48.998000,5.34,5.34,5.35,2758900.0
2018-01-04 14:22:52.893000,5.34,5.34,5.35,2758900.0
2018-01-04 14:22:56.895000,5.34,5.34,5.35,2758900.0
2018-01-04 14:23:00.825000,5.34,5.34,5.35,2758900.0
2018-01-04 14:23:05.077000,5.34,5.34,5.35,2758900.0
2018-01-04 14:23:08.587000,5.34,5.34,5.35,2758900.0
2018-01-04 14:23:14.439000,5.34,5.34,5.35,2758900.0
2018-01-04 14:23:22.096000,5.34,5.34,5.35,2758900.0
2018-01-04 14:23:25.774000,5.34,5.34,5.35,2758900.0
2018-01-04 14:23:29.471000,5.34,5.34,5.35,2758900.0
2018-01-04 14:23:33.446000,5.34,5.34,5.35,2758900.0
2018-01-04 14:23:37,5.34,5.34,5.35,2758900.0
2018-01-04 14:23:40.556000,5.34,5.34,5.35,2758900.0
2018-01-04 14:23:44.239000,5.34,5.34,5.35,2758900.0
2018-01-04 14:23:48.021000,5.34,5.34,5.35,2758900.0
2018-01-04 14:23:51.885000,5.34,5.34,5.35,2758900.0
2018-01-04 14:23:55.490000,5.34,5.34,5.35,2758900.0
2018-01-04 14:23:59.678000,5.34,5.34,5.35,2758900.0
2018-01-04 14:24:05.469000,5.34,5.34,5.35,2758900.0
2018-01-04 14:24:09.785000,5.34,5.34,5.35,2758900.0
2018-01-04 14:24:13.951000,5.34,5.34,5.35,2758900.0
2018-01-04 14:24:17.563000,5.34,5.34,5.35,2758900.0
2018-01-04 14:24:21.456000,5.34,5.34,5.35,2758900.0
2018-01-04 14:24:25.409000,5.34,5.34,5.35,2758900.0
2018-01-04 14:24:29.434000,5.34,5.34,5.35,2758900.0
2018-01-04 14:24:33.418000,5.34,5.34,5.35,2758900.0
2018-01-04 14:24:37.518000,5.34,5.34,5.35,2758900.0
2018-01-04 14:24:41.534000,5.34,5.34,5.35,2758900.0
2018-01-04 14:24:45.365000,5.34,5.34,5.35,2758900.0
2018-01-04 14:24:49.172000,5.34,5.34,5.35,2758900.0
2018-01-04 14:24:53.119000,5.34,5.34,5.35,2758900.0
2018-01-04 14:24:57.189000,5.34,5.34,5.35,2758900.0
2018-01-04 14:25:01.381000,5.34,5.34,5.35,2758900.0
2018-01-04 14:25:06.004000,5.34,5.34,5.35,2758900.0
2018-01-04 14:25:11.808000,5.34,5.34,5.35,2758900.0
2018-01-04 14:25:15.861000,5.34,5.34,5.35,2758900.0
2018-01-04 14:25:19.968000,5.34,5.34,5.35,2758900.0
2018-01-04 14:25:23.541000,5.34,5.34,5.35,2758900.0
2018-01-04 14:25:27.412000,5.34,5.34,5.35,2758900.0
2018-01-04 14:25:31.419000,5.34,5.34,5.35,2758900.0
2018-01-04 14:25:35.523000,5.34,5.34,5.35,2758900.0
2018-01-04 14:25:39.137000,5.34,5.34,5.35,2758900.0
2018-01-04 14:25:42.349000,5.34,5.34,5.35,2758900.0
2018-01-04 14:25:45.827000,5.34,5.34,5.35,2758900.0
2018-01-04 14:25:49.929000,5.34,5.34,5.35,2758900.0
2018-01-04 14:25:53.287000,5.34,5.34,5.35,2758900.0
2018-01-04 14:25:56.854000,5.34,5.34,5.35,2758900.0
2018-01-04 14:26:00.246000,5.34,5.34,5.35,2758900.0
2018-01-04 14:26:07.365000,5.34,5.34,5.35,2758900.0
2018-01-04 14:26:13.105000,5.34,5.34,5.35,2758900.0
2018-01-04 14:26:19.308000,5.34,5.34,5.35,2758900.0
2018-01-04 14:26:23.296000,5.34,5.34,5.35,2758900.0
2018-01-04 14:26:27.202000,5.34,5.34,5.35,2758900.0
2018-01-04 14:26:30.658000,5.34,5.34,5.35,2758900.0
2018-01-04 14:26:34.100000,5.34,5.34,5.35,2758900.0
2018-01-04 14:26:38.247000,5.34,5.34,5.35,2758900.0
2018-01-04 14:26:42.010000,5.34,5.34,5.35,2758900.0
2018-01-04 14:26:45.782000,5.34,5.34,5.35,2768900.0
2018-01-04 14:26:49.639000,5.34,5.34,5.35,2768900.0
2018-01-04 14:26:53.525000,5.34,5.34,5.35,2768900.0
2018-01-04 14:26:57.532000,5.34,5.34,5.35,2866900.0
2018-01-04 14:27:01.180000,5.34,5.34,5.35,2866900.0
2018-01-04 14:27:04.409000,5.34,5.34,5.35,2866900.0
2018-01-04 14:27:08.214000,5.34,5.34,5.35,2866900.0
2018-01-04 14:27:12.122000,5.34,5.34,5.35,2866900.0
2018-01-04 14:27:16.244000,5.34,5.34,5.35,2866900.0
2018-01-04 14:27:20.013000,5.34,5.34,5.35,2866900.0
2018-01-04 14:27:24.069000,5.34,5.34,5.35,2866900.0
2018-01-04 14:27:28.311000,5.34,5.34,5.35,2866900.0
2018-01-04 14:27:31.749000,5.34,5.34,5.35,2866900.0
2018-01-04 14:27:35.477000,5.34,5.34,5.35,2866900.0
2018-01-04 14:27:39.489000,5.34,5.34,5.35,2866900.0
2018-01-04 14:27:43.277000,5.34,5.34,5.35,2866900.0
2018-01-04 14:27:47.213000,5.34,5.34,5.35,2866900.0
2018-01-04 14:27:50.721000,5.34,5.34,5.35,2866900.0
2018-01-04 14:27:55.068000,5.34,5.34,5.35,2866900.0
2018-01-04 14:27:58.703000,5.34,5.34,5.35,2866900.0
2018-01-04 14:28:02.133000,5.34,5.34,5.35,2866900.0
2018-01-04 14:28:09.463000,5.34,5.34,5.35,2866900.0
2018-01-04 14:28:13.361000,5.34,5.34,5.35,2866900.0
2018-01-04 14:28:17.077000,5.34,5.34,5.35,2866900.0
2018-01-04 14:28:21.435000,5.34,5.34,5.35,2866900.0
2018-01-04 14:28:25.306000,5.34,5.34,5.35,2866900.0
2018-01-04 14:28:29.290000,5.34,5.34,5.35,2866900.0
2018-01-04 14:28:33.109000,5.34,5.34,5.35,2866900.0
2018-01-04 14:28:37.171000,5.34,5.34,5.35,2866900.0
2018-01-04 14:28:40.639000,5.34,5.34,5.35,2866900.0
2018-01-04 14:28:43.937000,5.34,5.34,5.35,2866900.0
2018-01-04 14:28:47.790000,5.34,5.34,5.35,2866900.0
2018-01-04 14:28:52.058000,5.34,5.34,5.35,2866900.0
2018-01-04 14:28:56.082000,5.34,5.34,5.35,2866900.0
2018-01-04 14:28:59.927000,5.34,5.34,5.35,2866900.0
2018-01-04 14:29:04.142000,5.34,5.34,5.35,2866900.0
2018-01-04 14:29:08.051000,5.34,5.34,5.35,2866900.0
2018-01-04 14:29:11.518000,5.34,5.34,5.35,2866900.0
2018-01-04 14:29:15.153000,5.34,5.34,5.35,2866900.0
2018-01-04 14:29:18.689000,5.34,5.34,5.35,2866900.0
2018-01-04 14:29:22.481000,5.34,5.34,5.35,2866900.0
2018-01-04 14:29:25.900000,5.34,5.34,5.35,2866900.0
2018-01-04 14:29:29.418000,5.34,5.34,5.35,2866900.0
2018-01-04 14:29:33.486000,5.34,5.34,5.35,2866900.0
2018-01-04 14:29:37.165000,5.34,5.34,5.35,2866900.0
2018-01-04 14:29:40.466000,5.34,5.34,5.35,2866900.0
2018-01-04 14:29:44.458000,5.34,5.34,5.35,2866900.0
2018-01-04 14:29:48.109000,5.34,5.34,5.35,2866900.0
2018-01-04 14:29:51.951000,5.34,5.34,5.35,2866900.0
2018-01-04 14:29:55.322000,5.34,5.34,5.35,2866900.0
2018-01-04 14:29:59.254000,5.34,5.34,5.35,2866900.0
2018-01-04 14:30:13.893000,5.34,5.34,5.35,2866900.0
2018-01-04 14:30:17.942000,5.34,5.34,5.35,2866900.0
2018-01-04 14:30:21.469000,5.34,5.34,5.35,2866900.0
2018-01-04 14:30:24.507000,5.34,5.34,5.35,2866900.0
2018-01-04 14:30:27.607000,5.34,5.34,5.35,2866900.0
2018-01-04 14:30:31.441000,5.34,5.34,5.35,2866900.0
2018-01-04 14:30:35.508000,5.34,5.34,5.35,2866900.0
2018-01-04 14:31:51.562000,5.34,5.34,5.35,2866900.0
2018-01-04 14:31:55.235000,5.34,5.34,5.35,2866900.0
2018-01-04 14:32:01.972000,5.34,5.34,5.35,2866900.0
2018-01-04 14:32:08.035000,5.34,5.34,5.35,2866900.0
2018-01-04 14:32:11.772000,5.34,5.34,5.35,2866900.0
2018-01-04 14:32:15.442000,5.34,5.34,5.35,2866900.0
2018-01-04 14:32:19.603000,5.34,5.34,5.35,2866900.0
2018-01-04 14:32:23.442000,5.34,5.34,5.35,2866900.0
2018-01-04 14:32:26.679000,5.34,5.34,5.35,2866900.0
2018-01-04 14:32:29.677000,5.34,5.34,5.35,2866900.0
2018-01-04 14:32:33.148000,5.34,5.34,5.35,2866900.0
2018-01-04 14:32:36.896000,5.34,5.34,5.35,2866900.0
2018-01-04 14:32:40.601000,5.34,5.34,5.35,2866900.0
2018-01-04 14:32:43.792000,5.34,5.34,5.35,2866900.0
2018-01-04 14:32:47.434000,5.34,5.34,5.35,2866900.0
2018-01-04 14:32:51.579000,5.34,5.34,5.35,2866900.0
2018-01-04 14:32:55.164000,5.34,5.34,5.35,2866900.0
2018-01-04 14:32:58.968000,5.34,5.34,5.35,2866900.0
2018-01-04 14:33:02.703000,5.34,5.34,5.35,2866900.0
2018-01-04 14:33:09.826000,5.34,5.34,5.35,2866900.0
2018-01-04 14:33:13.570000,5.34,5.34,5.35,2866900.0
2018-01-04 14:33:16.563000,5.34,5.34,5.35,2866900.0
2018-01-04 14:33:20.672000,5.34,5.34,5.35,2866900.0
2018-01-04 14:33:24.573000,5.34,5.34,5.35,2866900.0
2018-01-04 14:33:28.181000,5.34,5.34,5.35,2866900.0
2018-01-04 14:33:31.907000,5.34,5.34,5.35,2866900.0
2018-01-04 14:33:35.945000,5.34,5.34,5.35,2866900.0
2018-01-04 14:33:39.994000,5.34,5.34,5.35,2866900.0
2018-01-04 14:33:43.556000,5.34,5.34,5.35,2866900.0
2018-01-04 14:33:46.683000,5.34,5.34,5.35,2866900.0
2018-01-04 14:33:50.687000,5.34,5.34,5.35,2866900.0
2018-01-04 14:33:54.207000,5.34,5.34,5.35,2866900.0
2018-01-04 14:33:57.596000,5.34,5.34,5.35,2866900.0
2018-01-04 14:34:01.220000,5.34,5.34,5.35,2866900.0
2018-01-04 14:34:04.689000,5.34,5.34,5.35,2866900.0
2018-01-04 14:34:08.335000,5.34,5.34,5.35,2866900.0
2018-01-04 14:34:16.916000,5.34,5.34,5.35,2866900.0
2018-01-04 14:34:20.676000,5.34,5.34,5.35,2866900.0
2018-01-04 14:34:24.025000,5.34,5.34,5.35,2866900.0
2018-01-04 14:34:27.347000,5.34,5.34,5.35,2866900.0
2018-01-04 14:34:31.309000,5.34,5.34,5.35,2866900.0
2018-01-04 14:34:35.409000,5.34,5.34,5.35,2873900.0
2018-01-04 14:34:39.668000,5.34,5.34,5.35,2873900.0
2018-01-04 14:34:42.919000,5.34,5.34,5.35,2873900.0
2018-01-04 14:34:46.389000,5.34,5.34,5.35,2873900.0
2018-01-04 14:35:03.820000,5.34,5.34,5.35,2873900.0
2018-01-04 14:35:12.754000,5.34,5.34,5.35,2873900.0
2018-01-04 14:35:16.646000,5.34,5.34,5.35,2873900.0
2018-01-04 14:35:20.700000,5.34,5.34,5.35,2873900.0
2018-01-04 14:35:24.027000,5.34,5.34,5.35,2873900.0
2018-01-04 14:35:28.027000,5.34,5.34,5.35,2873900.0
2018-01-04 14:35:31.616000,5.34,5.34,5.35,2873900.0
2018-01-04 14:35:34.838000,5.34,5.34,5.35,2873900.0
2018-01-04 14:35:38.899000,5.34,5.34,5.35,2873900.0
2018-01-04 14:35:42.852000,5.34,5.34,5.35,2873900.0
2018-01-04 14:35:46.602000,5.34,5.33,5.35,2893900.0
2018-01-04 14:35:50.238000,5.34,5.33,5.35,2893900.0
2018-01-04 14:35:54.273000,5.34,5.33,5.35,2893900.0
2018-01-04 14:35:58.531000,5.34,5.33,5.35,2893900.0
2018-01-04 14:36:02.467000,5.34,5.34,5.35,2893900.0
2018-01-04 14:36:06.553000,5.34,5.34,5.35,2893900.0
2018-01-04 14:36:10.389000,5.34,5.34,5.35,2893900.0
2018-01-04 14:36:14.277000,5.34,5.34,5.35,2893900.0
2018-01-04 14:36:18.951000,5.34,5.34,5.35,2893900.0
2018-01-04 14:36:22.589000,5.34,5.34,5.35,2893900.0
2018-01-04 14:36:26.458000,5.34,5.34,5.35,2893900.0
2018-01-04 14:36:30.697000,5.34,5.34,5.35,2893900.0
2018-01-04 14:36:34.811000,5.34,5.34,5.35,2893900.0
2018-01-04 14:36:44.280000,5.34,5.34,5.35,2893900.0
2018-01-04 14:36:47.634000,5.34,5.34,5.35,2893900.0
2018-01-04 14:36:51,5.34,5.34,5.35,2893900.0
2018-01-04 14:36:54.779000,5.34,5.34,5.35,2893900.0
2018-01-04 14:36:58.342000,5.34,5.34,5.35,2893900.0
2018-01-04 14:37:02.303000,5.34,5.34,5.35,2893900.0
2018-01-04 14:37:08.189000,5.34,5.33,5.35,2893900.0
2018-01-04 14:37:11.815000,5.34,5.33,5.35,2893900.0
2018-01-04 14:37:15.587000,5.34,5.33,5.35,2893900.0
2018-01-04 14:37:19.637000,5.34,5.33,5.35,2893900.0
2018-01-04 14:37:23.586000,5.34,5.33,5.35,2893900.0
2018-01-04 14:37:28.063000,5.34,5.33,5.35,2893900.0
2018-01-04 14:37:31.789000,5.34,5.33,5.35,2893900.0
2018-01-04 14:37:35.797000,5.34,5.33,5.35,2893900.0
2018-01-04 14:37:39.561000,5.34,5.33,5.35,2893900.0
2018-01-04 14:37:43.452000,5.34,5.33,5.35,2893900.0
2018-01-04 14:37:47.482000,5.34,5.33,5.35,2893900.0
2018-01-04 14:37:51.292000,5.34,5.33,5.35,2893900.0
2018-01-04 14:37:55.326000,5.34,5.33,5.35,2893900.0
2018-01-04 14:37:59.443000,5.34,5.33,5.35,2893900.0
2018-01-04 14:38:03.440000,5.34,5.33,5.35,2893900.0
2018-01-04 14:38:07.405000,5.34,5.33,5.35,2893900.0
2018-01-04 14:38:11.338000,5.34,5.33,5.35,2893900.0
2018-01-04 14:38:14.866000,5.34,5.33,5.35,2893900.0
2018-01-04 14:38:19.892000,5.34,5.33,5.35,2893900.0
2018-01-04 14:38:24.275000,5.34,5.33,5.35,2893900.0
2018-01-04 14:38:27.808000,5.34,5.33,5.35,2893900.0
2018-01-04 14:38:31.198000,5.34,5.33,5.35,2893900.0
2018-01-04 14:38:34.884000,5.34,5.33,5.35,2893900.0
2018-01-04 14:38:37.909000,5.34,5.33,5.35,2893900.0
2018-01-04 14:38:41.835000,5.34,5.33,5.35,2893900.0
2018-01-04 14:38:46.079000,5.34,5.33,5.35,2893900.0
2018-01-04 14:38:49.742000,5.34,5.33,5.35,2893900.0
2018-01-04 14:38:53.714000,5.34,5.33,5.35,2893900.0
2018-01-04 14:38:57.141000,5.34,5.33,5.35,2893900.0
2018-01-04 14:39:01.223000,5.34,5.33,5.35,2893900.0
2018-01-04 14:39:07.549000,5.34,5.33,5.35,2893900.0
2018-01-04 14:39:11.347000,5.34,5.33,5.35,2893900.0
2018-01-04 14:39:14.964000,5.34,5.33,5.35,2893900.0
2018-01-04 14:39:19.528000,5.34,5.33,5.35,2893900.0
2018-01-04 14:39:23.824000,5.34,5.33,5.35,2893900.0
2018-01-04 14:39:26.900000,5.34,5.33,5.35,2893900.0
2018-01-04 14:39:30.771000,5.34,5.33,5.35,2893900.0
2018-01-04 14:39:34.763000,5.34,5.33,5.35,2893900.0
2018-01-04 14:39:39.094000,5.34,5.33,5.35,2893900.0
2018-01-04 14:39:42.682000,5.34,5.33,5.35,2893900.0
2018-01-04 14:39:46.461000,5.34,5.33,5.35,2893900.0
2018-01-04 14:39:50.127000,5.34,5.33,5.35,2893900.0
2018-01-04 14:39:54.020000,5.34,5.33,5.35,2893900.0
2018-01-04 14:39:57.606000,5.34,5.33,5.35,2893900.0
2018-01-04 14:40:01.445000,5.34,5.33,5.35,2893900.0
2018-01-04 14:40:04.569000,,,,
2018-01-04 14:40:08.988000,5.34,5.33,5.35,2893900.0
2018-01-04 14:40:12.722000,5.34,5.33,5.35,2893900.0
2018-01-04 14:40:16.818000,5.34,5.33,5.35,2893900.0
2018-01-04 14:40:20.871000,5.34,5.33,5.35,2893900.0
2018-01-04 14:40:24.987000,5.34,5.33,5.35,2893900.0
2018-01-04 14:40:29.082000,5.34,5.33,5.35,2893900.0
2018-01-04 14:40:33.189000,5.34,5.33,5.35,2893900.0
2018-01-04 14:40:36.995000,5.34,5.33,5.35,2893900.0
2018-01-04 14:40:41.182000,5.34,5.33,5.35,2893900.0
2018-01-04 14:40:44.972000,5.34,5.33,5.35,2893900.0
2018-01-04 14:40:48.777000,5.34,5.33,5.34,2893900.0
2018-01-04 14:40:52.987000,5.34,5.33,5.34,2893900.0
2018-01-04 14:40:57.128000,5.34,5.33,5.34,2893900.0
2018-01-04 14:41:00.782000,5.34,5.33,5.34,2893900.0
2018-01-04 14:41:04.752000,5.34,5.33,5.34,2893900.0
2018-01-04 14:41:10.005000,5.34,5.33,5.34,2893900.0
2018-01-04 14:41:13.963000,5.34,5.33,5.34,2893900.0
2018-01-04 14:41:17.919000,5.34,5.33,5.34,2893900.0
2018-01-04 14:41:21.487000,5.34,5.33,5.34,2893900.0
2018-01-04 14:41:24.773000,5.34,5.33,5.34,2893900.0
2018-01-04 14:41:28.160000,5.34,5.33,5.35,2893900.0
2018-01-04 14:41:31.967000,5.34,5.33,5.35,2893900.0
2018-01-04 14:41:36.041000,5.34,5.33,5.35,2893900.0
2018-01-04 14:41:39.802000,5.34,5.33,5.35,2893900.0
2018-01-04 14:41:43.673000,5.34,5.33,5.35,2893900.0
2018-01-04 14:41:47.497000,5.34,5.33,5.35,2893900.0
2018-01-04 14:41:51.258000,5.34,5.33,5.35,2893900.0
2018-01-04 14:41:54.958000,5.34,5.33,5.35,2893900.0
2018-01-04 14:41:58.458000,5.34,5.33,5.35,2893900.0
2018-01-04 14:42:01.401000,5.34,5.33,5.35,2893900.0
2018-01-04 14:42:06.067000,5.34,5.33,5.35,2893900.0
2018-01-04 14:42:09.730000,5.34,5.33,5.35,2893900.0
2018-01-04 14:42:13.005000,5.34,5.33,5.35,2893900.0
2018-01-04 14:42:16.221000,5.34,5.33,5.35,2893900.0
2018-01-04 14:42:20.824000,5.34,5.33,5.35,2893900.0
2018-01-04 14:42:24.744000,5.34,5.33,5.35,2893900.0
2018-01-04 14:42:28.137000,5.34,5.33,5.35,2893900.0
2018-01-04 14:42:32.014000,5.34,5.33,5.35,2893900.0
2018-01-04 14:42:34.993000,5.34,5.33,5.35,2893900.0
2018-01-04 14:42:38.749000,5.34,5.33,5.35,2893900.0
2018-01-04 14:42:41.991000,5.34,5.33,5.35,2893900.0
2018-01-04 14:42:45.553000,5.34,5.34,5.35,2893900.0
2018-01-04 14:42:49.485000,5.34,5.34,5.35,2893900.0
2018-01-04 14:42:53.236000,5.34,5.34,5.35,2893900.0
2018-01-04 14:42:56.767000,5.34,5.34,5.35,2893900.0
2018-01-04 14:43:00.515000,5.34,5.34,5.35,2893900.0
2018-01-04 14:43:04.512000,5.34,5.34,5.35,2893900.0
2018-01-04 14:43:08.297000,5.34,5.34,5.35,2893900.0
2018-01-04 14:43:12.130000,5.34,5.34,5.35,2893900.0
2018-01-04 14:43:17.791000,5.34,5.34,5.35,2893900.0
2018-01-04 14:43:21.187000,5.34,5.34,5.35,2893900.0
2018-01-04 14:43:25.330000,5.34,5.34,5.35,2893900.0
2018-01-04 14:43:28.672000,5.34,5.34,5.35,2893900.0
2018-01-04 14:43:32.565000,5.34,5.34,5.35,2893900.0
2018-01-04 14:43:36.262000,5.34,5.34,5.35,2893900.0
2018-01-04 14:43:40.314000,5.34,5.34,5.35,2893900.0
2018-01-04 14:43:43.738000,5.34,5.34,5.35,2893900.0
2018-01-04 14:43:47.568000,5.34,5.34,5.35,2893900.0
2018-01-04 14:43:51.024000,5.34,5.34,5.35,2893900.0
2018-01-04 14:43:53.810000,5.34,5.34,5.35,2893900.0
2018-01-04 14:43:58.015000,5.34,5.34,5.35,2893900.0
2018-01-04 14:44:01.911000,5.34,5.34,5.35,2893900.0
2018-01-04 14:44:06.278000,5.34,5.34,5.35,2893900.0
2018-01-04 14:44:11.536000,,,,
2018-01-04 14:44:15.238000,5.34,5.34,5.35,2893900.0
2018-01-04 14:44:21.789000,5.34,5.34,5.35,2893900.0
2018-01-04 14:44:25.597000,5.34,5.34,5.35,2893900.0
2018-01-04 14:44:29.622000,5.34,5.34,5.35,2893900.0
2018-01-04 14:44:32.905000,5.34,5.34,5.35,2893900.0
2018-01-04 14:44:36.322000,5.34,5.34,5.35,2893900.0
2018-01-04 14:44:39.578000,5.34,5.34,5.35,2893900.0
2018-01-04 14:44:43.789000,5.34,5.34,5.35,2893900.0
2018-01-04 14:44:47.669000,5.34,5.34,5.35,2893900.0
2018-01-04 14:44:51.547000,5.34,5.34,5.35,2893900.0
2018-01-04 14:44:55.062000,5.34,5.34,5.35,2893900.0
2018-01-04 14:44:59.272000,5.34,5.34,5.35,2893900.0
2018-01-04 14:45:03.059000,5.34,5.34,5.35,2893900.0
2018-01-04 14:45:07.092000,5.34,5.34,5.35,2893900.0
2018-01-04 14:45:14.240000,5.34,5.34,5.35,2893900.0
2018-01-04 14:45:17.736000,5.34,5.34,5.35,2893900.0
2018-01-04 14:45:21.615000,5.34,5.34,5.35,2893900.0
2018-01-04 14:45:25.542000,5.34,5.34,5.35,2893900.0
2018-01-04 14:45:29.669000,5.34,5.34,5.35,2893900.0
2018-01-04 14:45:33.709000,5.34,5.34,5.35,2893900.0
2018-01-04 14:45:37.142000,5.35,5.33,5.35,2894900.0
2018-01-04 14:45:40.279000,5.35,5.33,5.35,2894900.0
2018-01-04 14:45:43.389000,5.35,5.33,5.35,2894900.0
2018-01-04 14:45:46.952000,5.35,5.33,5.35,2894900.0
2018-01-04 14:45:50.513000,5.34,5.33,5.34,2894900.0
2018-01-04 14:45:54.598000,5.34,5.33,5.34,2894900.0
2018-01-04 14:45:58.201000,5.34,5.33,5.34,2894900.0
2018-01-04 14:46:01.802000,5.34,5.33,5.34,2894900.0
2018-01-04 14:46:09.681000,5.35,5.33,5.35,2894900.0
2018-01-04 14:46:13.476000,5.35,5.33,5.35,2894900.0
2018-01-04 14:46:17.222000,5.35,5.33,5.35,2894900.0
2018-01-04 14:46:21.160000,5.35,5.33,5.35,2894900.0
2018-01-04 14:46:25.217000,5.35,5.33,5.35,2894900.0
2018-01-04 14:46:28.669000,5.35,5.33,5.35,2894900.0
2018-01-04 14:46:32.133000,5.35,5.33,5.35,2894900.0
2018-01-04 14:46:35.326000,5.35,5.34,5.35,2894900.0
2018-01-04 14:46:38.974000,5.35,5.34,5.35,2894900.0
2018-01-04 14:46:42.962000,5.35,5.34,5.35,2894900.0
2018-01-04 14:46:47.162000,5.35,5.34,5.35,2894900.0
2018-01-04 14:46:50.935000,5.35,5.34,5.35,2894900.0
2018-01-04 14:46:54.523000,5.35,5.34,5.35,2894900.0
2018-01-04 14:46:58.299000,5.35,5.34,5.35,2894900.0
2018-01-04 14:47:01.578000,5.35,5.34,5.35,2894900.0
2018-01-04 14:47:05.239000,5.35,5.34,5.35,2894900.0
2018-01-04 14:47:09.315000,5.35,5.34,5.35,2894900.0
2018-01-04 14:47:13.491000,5.35,5.34,5.35,2894900.0
2018-01-04 14:47:17.542000,5.35,5.34,5.35,2894900.0
2018-01-04 14:47:21.650000,5.35,5.34,5.35,2894900.0
2018-01-04 14:47:26.554000,5.35,5.34,5.35,2894900.0
2018-01-04 14:47:29.486000,5.35,5.34,5.35,2894900.0
2018-01-04 14:47:33.299000,5.35,5.34,5.35,2894900.0
2018-01-04 14:47:36.573000,5.35,5.34,5.35,2894900.0
2018-01-04 14:47:39.780000,5.35,5.34,5.35,2894900.0
2018-01-04 14:47:43.704000,5.35,5.34,5.35,2894900.0
2018-01-04 14:47:47.879000,5.35,5.34,5.35,2894900.0
2018-01-04 14:47:51.379000,5.35,5.34,5.35,2894900.0
2018-01-04 14:47:54.536000,5.35,5.34,5.35,2894900.0
2018-01-04 14:47:57.977000,5.35,5.34,5.35,2894900.0
2018-01-04 14:48:01.666000,5.35,5.34,5.35,2894900.0
2018-01-04 14:48:07.234000,5.35,5.34,5.35,2894900.0
2018-01-04 14:48:11.196000,5.35,5.34,5.35,2894900.0
2018-01-04 14:48:15.113000,5.35,5.34,5.35,2894900.0
2018-01-04 14:48:19.208000,5.34,5.33,5.34,2896400.0
2018-01-04 14:48:23.037000,5.34,5.33,5.34,2896400.0
2018-01-04 14:48:26.613000,5.34,5.33,5.34,2896400.0
2018-01-04 14:48:29.849000,5.34,5.33,5.34,2896400.0
2018-01-04 14:48:33.510000,5.34,5.33,5.34,2896400.0
2018-01-04 14:48:37.109000,5.34,5.33,5.34,2896400.0
2018-01-04 14:48:40.707000,5.34,5.33,5.34,2896400.0
2018-01-04 14:48:44.105000,5.34,5.33,5.34,2896400.0
2018-01-04 14:48:48.066000,5.34,5.33,5.34,2896400.0
2018-01-04 14:48:55.167000,5.34,5.33,5.34,2896400.0
2018-01-04 14:48:58.535000,5.34,5.33,5.34,2896400.0
2018-01-04 14:49:02.510000,5.34,5.33,5.34,2896400.0
2018-01-04 14:49:05.928000,5.34,5.33,5.34,2896400.0
2018-01-04 14:49:13.221000,5.34,5.33,5.34,2896400.0
2018-01-04 14:49:16.972000,5.34,5.33,5.34,2896400.0
2018-01-04 14:49:20.534000,5.34,5.33,5.34,2896400.0
2018-01-04 14:49:24.390000,5.34,5.33,5.34,2896400.0
2018-01-04 14:49:27.813000,5.34,5.33,5.34,2896400.0
2018-01-04 14:49:30.667000,5.34,5.33,5.34,2896400.0
2018-01-04 14:49:34.046000,5.34,5.33,5.34,2896400.0
2018-01-04 14:49:38.035000,5.34,5.33,5.34,2896400.0
2018-01-04 14:49:41.136000,5.34,5.33,5.34,2896400.0
2018-01-04 14:49:45.083000,5.34,5.33,5.34,2896400.0
2018-01-04 14:49:48.957000,5.34,5.33,5.34,2896400.0
2018-01-04 14:49:52.264000,5.34,5.33,5.34,2896400.0
2018-01-04 14:49:56.068000,5.34,5.33,5.34,2896400.0
2018-01-04 14:49:59.764000,5.34,5.33,5.34,2896400.0
2018-01-04 14:50:02.857000,5.34,5.33,5.34,2896400.0
2018-01-04 14:50:07.554000,5.34,5.33,5.34,2896400.0
2018-01-04 14:50:11.544000,5.34,5.33,5.34,2896400.0
2018-01-04 14:50:15.387000,5.34,5.33,5.34,2896400.0
2018-01-04 14:50:19.137000,5.34,5.33,5.34,2896400.0
2018-01-04 14:50:22.858000,5.34,5.33,5.34,2896400.0
2018-01-04 14:50:26.615000,5.34,5.33,5.34,2896400.0
2018-01-04 14:50:30.645000,5.34,5.33,5.34,2896400.0
2018-01-04 14:50:33.886000,5.34,5.33,5.34,2896400.0
2018-01-04 14:50:37.838000,5.34,5.33,5.34,2896400.0
2018-01-04 14:50:41.987000,5.34,5.33,5.34,2896400.0
2018-01-04 14:50:45.909000,5.34,5.33,5.34,2896400.0
2018-01-04 14:50:49.243000,5.34,5.33,5.34,2896400.0
2018-01-04 14:50:52.887000,5.34,5.33,5.34,2896400.0
2018-01-04 14:50:56.534000,5.34,5.33,5.34,2896400.0
2018-01-04 14:51:00.252000,5.34,5.33,5.34,2896400.0
2018-01-04 14:51:03.412000,5.34,5.33,5.34,2896400.0
2018-01-04 14:51:09.099000,5.34,5.33,5.34,2896400.0
2018-01-04 14:51:12.925000,5.34,5.33,5.34,2896400.0
2018-01-04 14:51:16.882000,5.34,5.33,5.34,2896400.0
2018-01-04 14:51:21.581000,5.34,5.33,5.34,2896400.0
2018-01-04 14:51:25.378000,5.34,5.33,5.34,2896400.0
2018-01-04 14:51:29.395000,5.34,5.33,5.34,2896400.0
2018-01-04 14:51:33.225000,5.34,5.33,5.34,2896400.0
2018-01-04 14:51:36.939000,5.34,5.33,5.34,2896400.0
2018-01-04 14:51:40.769000,5.34,5.33,5.34,2896400.0
2018-01-04 14:51:43.949000,5.34,5.33,5.34,2896400.0
2018-01-04 14:51:47.858000,5.34,5.33,5.34,2896400.0
2018-01-04 14:51:51.238000,5.34,5.33,5.34,2896400.0
2018-01-04 14:51:55.565000,5.34,5.33,5.34,2896400.0
2018-01-04 14:51:59.485000,5.34,5.33,5.34,2896400.0
2018-01-04 14:52:03.128000,5.34,5.33,5.34,2896400.0
2018-01-04 14:52:09.353000,5.34,5.33,5.34,2896400.0
2018-01-04 14:52:13.301000,5.34,5.33,5.34,2896400.0
2018-01-04 14:52:20.068000,5.34,5.33,5.34,2896400.0
2018-01-04 14:52:23.634000,5.34,5.33,5.34,2896400.0
2018-01-04 14:52:27.344000,5.34,5.33,5.34,2896400.0
2018-01-04 14:52:31.083000,5.34,5.33,5.34,2896400.0
2018-01-04 14:52:37.994000,5.34,5.33,5.34,2896400.0
2018-01-04 14:52:42.241000,5.34,5.33,5.34,2896400.0
2018-01-04 14:52:46.337000,5.34,5.33,5.34,2896400.0
2018-01-04 14:52:50.130000,5.34,5.33,5.34,2916500.0
2018-01-04 14:52:54.155000,5.34,5.33,5.34,2916500.0
2018-01-04 14:52:58.268000,5.34,5.33,5.34,2916500.0
2018-01-04 14:53:01.569000,5.34,5.33,5.34,2916500.0
2018-01-04 14:53:04.838000,5.34,5.33,5.34,2916500.0
2018-01-04 14:53:09.573000,5.34,5.33,5.34,2916500.0
2018-01-04 14:53:13.044000,5.34,5.33,5.34,2916500.0
2018-01-04 14:53:16.391000,5.34,5.33,5.34,2916500.0
2018-01-04 14:53:20.396000,5.34,5.33,5.34,2916500.0
2018-01-04 14:53:23.833000,5.34,5.33,5.34,2916500.0
2018-01-04 14:53:27.690000,5.34,5.33,5.34,2916500.0
2018-01-04 14:53:31.321000,5.34,5.33,5.34,2916500.0
2018-01-04 14:53:34.710000,5.34,5.33,5.34,2916500.0
2018-01-04 14:53:38.931000,5.34,5.33,5.34,2916500.0
2018-01-04 14:53:42.761000,5.34,5.33,5.34,2916500.0
2018-01-04 14:53:46.731000,5.34,5.33,5.34,2916500.0
2018-01-04 14:53:50.381000,5.34,5.33,5.34,2916500.0
2018-01-04 14:53:54.105000,5.34,5.33,5.34,2916500.0
2018-01-04 14:53:58.114000,5.34,5.33,5.34,2916500.0
2018-01-04 14:54:02.162000,5.34,5.33,5.34,2916500.0
2018-01-04 14:54:06.024000,5.34,5.33,5.34,2916500.0
2018-01-04 14:54:09.552000,5.34,5.33,5.34,2916500.0
2018-01-04 14:54:13.339000,5.34,5.33,5.34,2916500.0
2018-01-04 14:54:17.271000,5.34,5.33,5.34,2916500.0
2018-01-04 14:54:20.852000,5.34,5.33,5.34,2916500.0
2018-01-04 14:54:24.846000,5.34,5.33,5.34,2916500.0
2018-01-04 14:54:28.395000,5.34,5.33,5.34,2916500.0
2018-01-04 14:54:31.872000,5.34,5.33,5.34,2916500.0
2018-01-04 14:54:35.765000,5.34,5.33,5.34,2916500.0
2018-01-04 14:54:39.638000,5.34,5.33,5.34,2916500.0
2018-01-04 14:54:43.746000,5.34,5.33,5.34,2916500.0
2018-01-04 14:54:47.164000,5.34,5.33,5.34,2916500.0
2018-01-04 14:54:50.902000,5.34,5.33,5.34,2916500.0
2018-01-04 14:54:54.498000,5.34,5.33,5.34,2916500.0
2018-01-04 14:54:58.318000,5.34,5.33,5.34,2916500.0
2018-01-04 14:55:03.169000,5.34,5.33,5.34,2916500.0
2018-01-04 14:55:06.628000,5.34,5.33,5.34,2916500.0
2018-01-04 14:55:10.467000,5.34,5.33,5.34,2916500.0
2018-01-04 14:55:13.931000,5.34,5.33,5.34,2916500.0
2018-01-04 14:55:17.732000,5.34,5.33,5.34,2916500.0
2018-01-04 14:55:21.121000,5.34,5.33,5.34,2916500.0
2018-01-04 14:55:24.837000,5.34,5.33,5.34,2916500.0
2018-01-04 14:55:28.774000,5.34,5.33,5.34,2916500.0
2018-01-04 14:55:32.718000,5.34,5.33,5.34,2916500.0
2018-01-04 14:55:36.596000,5.34,5.33,5.34,2916500.0
2018-01-04 14:55:40.343000,5.34,5.33,5.35,2916500.0
2018-01-04 14:55:44.104000,5.34,5.33,5.35,2916500.0
2018-01-04 14:55:48.143000,5.34,5.33,5.35,2916500.0
2018-01-04 14:55:52.052000,5.34,5.33,5.35,2916500.0
2018-01-04 14:55:56.153000,5.34,5.33,5.35,2916500.0
2018-01-04 14:55:59.248000,5.34,5.33,5.35,2916500.0
2018-01-04 14:56:02.584000,5.34,5.33,5.35,2916500.0
2018-01-04 14:56:07.885000,5.34,5.33,5.35,2916500.0
2018-01-04 14:56:11.601000,5.34,5.33,5.35,2916500.0
2018-01-04 14:56:15.701000,5.34,5.33,5.35,2916500.0
2018-01-04 14:56:19.631000,5.34,5.33,5.35,2916500.0
2018-01-04 14:56:23.369000,5.34,5.33,5.35,2916500.0
2018-01-04 14:56:27.063000,5.34,5.33,5.35,2916500.0
2018-01-04 14:56:30.143000,5.34,5.33,5.35,2916500.0
2018-01-04 14:56:34.109000,5.34,5.33,5.35,2916500.0
2018-01-04 14:56:37.632000,5.34,5.33,5.35,2916500.0
2018-01-04 14:56:40.560000,5.34,5.33,5.35,2916500.0
2018-01-04 14:56:44.397000,5.34,5.33,5.35,2916500.0
2018-01-04 14:56:48.279000,5.34,5.33,5.35,2916500.0
2018-01-04 14:56:52.012000,5.34,5.33,5.35,2916500.0
2018-01-04 14:56:55.979000,5.34,5.33,5.35,2916500.0
2018-01-04 14:56:59.607000,5.34,5.33,5.35,2916500.0
2018-01-04 14:57:03.423000,5.34,5.33,5.35,2916500.0
2018-01-04 14:57:07.016000,5.34,5.33,5.35,2916500.0
2018-01-04 14:57:09.809000,5.34,5.33,5.35,2916500.0
2018-01-04 14:57:13.604000,5.34,5.33,5.35,2916500.0
2018-01-04 14:57:16.813000,5.34,5.33,5.35,2916500.0
2018-01-04 14:57:20.657000,5.34,5.33,5.35,2916500.0
2018-01-04 14:57:24.235000,5.34,5.33,5.35,2916500.0
2018-01-04 14:57:28.134000,5.34,5.33,5.35,2916500.0
2018-01-04 14:57:31.628000,5.34,5.33,5.35,2916500.0
2018-01-04 14:57:35.277000,5.34,5.33,5.35,2916500.0
2018-01-04 14:57:39.286000,5.34,5.33,5.35,2916500.0
2018-01-04 14:57:43.025000,5.34,5.33,5.35,2916500.0
2018-01-04 14:57:47.258000,5.34,5.33,5.35,2916500.0
2018-01-04 14:57:51.236000,5.34,5.33,5.35,2916500.0
2018-01-04 14:57:55.687000,5.34,5.33,5.35,2916500.0
2018-01-04 14:57:59.120000,5.34,5.33,5.35,2916500.0
2018-01-04 14:58:05.903000,5.34,5.33,5.35,2916500.0
2018-01-04 14:58:09.930000,5.34,5.33,5.35,2916500.0
2018-01-04 14:58:12.939000,5.34,5.33,5.35,2916500.0
2018-01-04 14:58:19.615000,5.34,5.33,5.35,2916500.0
2018-01-04 14:58:23.107000,5.34,5.33,5.35,2916500.0
2018-01-04 14:58:26.996000,5.34,5.33,5.35,2916500.0
2018-01-04 14:58:30.555000,5.34,5.33,5.35,2916500.0
2018-01-04 14:58:34.503000,5.34,5.33,5.35,2916500.0
2018-01-04 14:58:38.449000,5.34,5.33,5.35,2916500.0
2018-01-04 14:58:42.280000,5.34,5.33,5.35,2916500.0
2018-01-04 14:58:46.386000,5.34,5.33,5.35,2916500.0
2018-01-04 14:58:50.062000,5.34,5.33,5.35,2916500.0
2018-01-04 14:58:54.487000,5.34,5.33,5.35,2916500.0
2018-01-04 14:58:58.442000,5.34,5.33,5.35,2916500.0
2018-01-04 14:59:02.312000,5.34,5.33,5.35,2916500.0
2018-01-04 14:59:08.555000,5.34,5.33,5.35,2916500.0
2018-01-04 14:59:12.293000,5.34,5.33,5.35,2916500.0
2018-01-04 14:59:16.062000,5.34,5.33,5.35,2916500.0
2018-01-04 14:59:19.955000,5.34,5.33,5.35,2916500.0
2018-01-04 14:59:23.956000,5.34,5.33,5.35,2916500.0
2018-01-04 14:59:27.391000,5.34,5.33,5.35,2916500.0
2018-01-04 14:59:30.794000,5.34,5.34,5.35,2927500.0
2018-01-04 14:59:35.083000,5.34,5.34,5.35,2927500.0
2018-01-04 14:59:38.724000,5.34,5.34,5.35,2927500.0
2018-01-04 14:59:42.763000,5.34,5.34,5.35,2927500.0
2018-01-04 14:59:46.563000,5.34,5.34,5.35,2927500.0
2018-01-04 14:59:50.029000,5.34,5.34,5.35,2927500.0
2018-01-04 14:59:53.689000,5.34,5.34,5.35,2927500.0
2018-01-04 14:59:57.563000,5.34,5.34,5.35,2927500.0
2018-01-04 15:00:01.926000,5.34,5.34,5.35,2927500.0
2018-01-04 15:00:06.807000,5.34,5.34,5.35,2927500.0
2018-01-04 15:00:12.048000,5.34,5.34,5.35,2927500.0
2018-01-04 15:00:15.565000,5.34,5.34,5.35,2927500.0
2018-01-04 15:00:20.545000,5.34,5.34,5.35,2927500.0
2018-01-04 15:00:23.838000,5.34,5.34,5.35,2927500.0
2018-01-04 15:00:27.794000,5.34,5.34,5.35,2927500.0
2018-01-04 15:00:31.259000,5.34,5.34,5.35,2927500.0
2018-01-04 15:00:34.607000,5.34,5.34,5.35,2927500.0
2018-01-04 15:00:38.668000,5.34,5.34,5.35,2927500.0
2018-01-04 15:00:42.390000,5.34,5.34,5.35,2927500.0
2018-01-04 15:00:46.028000,5.34,5.34,5.35,2927500.0
2018-01-04 15:00:49.649000,5.34,5.34,5.35,2927500.0
2018-01-04 15:00:53.475000,5.34,5.34,5.35,2927500.0
2018-01-04 15:00:57.362000,5.34,5.34,5.35,2927500.0
2018-01-04 15:01:01.278000,5.34,5.34,5.35,2927500.0
2018-01-04 15:01:05.743000,5.34,5.34,5.35,2927500.0
2018-01-04 15:01:09.629000,5.34,5.34,5.35,2927500.0
2018-01-04 15:01:13.150000,5.34,5.34,5.35,2927500.0
2018-01-04 15:01:16.630000,5.34,5.34,5.35,2927500.0
2018-01-04 15:01:20.425000,5.34,5.34,5.35,2927500.0
2018-01-04 15:01:24.292000,5.34,5.34,5.35,2927500.0
2018-01-04 15:01:28.723000,5.34,5.34,5.35,2927500.0
2018-01-04 15:01:32.206000,5.34,5.34,5.35,2927500.0
2018-01-04 15:01:35.789000,5.34,5.34,5.35,2927500.0
2018-01-04 15:01:39.641000,5.34,5.34,5.35,2927500.0
2018-01-04 15:01:43.361000,5.34,5.33,5.35,2927500.0
2018-01-04 15:01:47.059000,5.34,5.33,5.35,2927500.0
2018-01-04 15:01:50.763000,5.34,5.33,5.35,2927500.0
2018-01-04 15:01:54.540000,5.34,5.33,5.35,2927500.0
2018-01-04 15:01:58.676000,5.34,5.33,5.35,2927500.0
2018-01-04 15:02:05.634000,5.34,5.33,5.35,2927500.0
2018-01-04 15:02:09.409000,5.34,5.33,5.35,2927500.0
2018-01-04 15:02:14.909000,5.34,5.33,5.35,2927500.0
2018-01-04 15:02:18.702000,5.34,5.33,5.35,2927500.0
2018-01-04 15:02:22.424000,5.34,5.33,5.35,2927500.0
2018-01-04 15:02:25.598000,5.34,5.33,5.35,2927500.0
2018-01-04 15:02:28.920000,5.34,5.33,5.35,2927500.0
2018-01-04 15:02:32.816000,5.34,5.33,5.35,2927500.0
2018-01-04 15:02:36.663000,5.34,5.33,5.35,2927500.0
2018-01-04 15:02:40.025000,5.34,5.33,5.35,2927500.0
2018-01-04 15:02:43.719000,5.34,5.33,5.35,2927500.0
2018-01-04 15:02:47.620000,5.34,5.33,5.35,2927500.0
2018-01-04 15:02:51.172000,5.34,5.33,5.35,2927500.0
2018-01-04 15:02:55.291000,5.34,5.33,5.35,2927500.0
2018-01-04 15:02:59.151000,5.34,5.33,5.35,2927500.0
2018-01-04 15:03:02.630000,5.34,5.33,5.35,2927500.0
2018-01-04 15:03:07.170000,5.34,5.33,5.35,2927500.0
2018-01-04 15:03:12.215000,5.34,5.33,5.35,2927500.0
2018-01-04 15:03:16.615000,5.34,5.33,5.35,2927500.0
2018-01-04 15:03:20.493000,5.34,5.33,5.35,2927500.0
2018-01-04 15:03:24.265000,5.34,5.33,5.35,2927500.0
2018-01-04 15:03:27.749000,5.34,5.33,5.35,2927500.0
2018-01-04 15:03:31.593000,5.34,5.33,5.35,2927500.0
2018-01-04 15:03:35.090000,5.34,5.33,5.35,2927500.0
2018-01-04 15:03:38.406000,5.34,5.33,5.35,2927500.0
2018-01-04 15:03:42.064000,5.34,5.33,5.35,2927500.0
2018-01-04 15:03:46.062000,5.34,5.33,5.35,2927500.0
2018-01-04 15:03:49.438000,5.34,5.33,5.35,2927500.0
2018-01-04 15:03:52.680000,5.34,5.33,5.35,2927500.0
2018-01-04 15:03:56.262000,5.34,5.33,5.35,2927500.0
2018-01-04 15:04:00.118000,5.34,5.33,5.35,2927500.0
2018-01-04 15:04:03.655000,5.34,5.33,5.35,2927500.0
2018-01-04 15:04:07.436000,5.34,5.33,5.35,2927500.0
2018-01-04 15:04:11.426000,5.34,5.33,5.35,2927500.0
2018-01-04 15:04:15.155000,5.34,5.33,5.35,2927500.0
2018-01-04 15:04:20.516000,5.34,5.33,5.35,2927500.0
2018-01-04 15:04:24.347000,5.34,5.33,5.35,2927500.0
2018-01-04 15:04:27.976000,5.34,5.33,5.35,2927500.0
2018-01-04 15:04:32.260000,5.34,5.33,5.35,2927500.0
2018-01-04 15:04:36.209000,5.34,5.33,5.35,2927500.0
2018-01-04 15:04:39.644000,5.34,5.33,5.35,2927500.0
2018-01-04 15:04:42.951000,5.34,5.33,5.35,2927500.0
2018-01-04 15:04:46.557000,5.34,5.33,5.35,2927500.0
2018-01-04 15:04:50.120000,5.34,5.33,5.35,2927500.0
2018-01-04 15:04:53.498000,5.34,5.33,5.35,2927500.0
2018-01-04 15:04:57.315000,5.34,5.33,5.35,2927500.0
2018-01-04 15:05:00.334000,5.34,5.33,5.35,2927500.0
2018-01-04 15:05:06.122000,5.34,5.33,5.35,2927500.0
2018-01-04 15:05:10.289000,5.34,5.33,5.35,2927500.0
2018-01-04 15:05:25.352000,5.34,5.33,5.35,2927500.0
2018-01-04 15:05:28.668000,5.34,5.33,5.35,2927500.0
2018-01-04 15:05:32.202000,5.34,5.33,5.35,2927500.0
2018-01-04 15:05:36.348000,5.34,5.33,5.35,2927500.0
2018-01-04 15:05:39.612000,5.34,5.33,5.35,2927500.0
2018-01-04 15:05:43.556000,5.34,5.33,5.35,2927500.0
2018-01-04 15:05:47.546000,5.34,5.33,5.35,2927500.0
2018-01-04 15:05:51.088000,5.34,5.33,5.35,2927500.0
2018-01-04 15:05:54.515000,5.34,5.33,5.35,2927500.0
2018-01-04 15:05:58.437000,5.34,5.33,5.35,2927500.0
2018-01-04 15:06:02.445000,5.34,5.33,5.35,2927500.0
2018-01-04 15:06:07.220000,,,,
2018-01-04 15:06:11.151000,5.34,5.33,5.35,2927500.0
2018-01-04 15:06:17.854000,5.34,5.33,5.35,2927500.0
2018-01-04 15:06:21.722000,5.34,5.33,5.35,2927500.0
2018-01-04 15:06:25.218000,5.34,5.33,5.35,2927500.0
2018-01-04 15:06:29.102000,5.34,5.33,5.35,2927500.0
2018-01-04 15:06:32.793000,5.34,5.33,5.35,2927500.0
2018-01-04 15:06:36.606000,5.34,5.33,5.35,2927500.0
2018-01-04 15:06:40.316000,5.34,5.33,5.35,2927500.0
2018-01-04 15:06:45.624000,5.34,5.33,5.35,2927500.0
2018-01-04 15:06:49.667000,5.34,5.33,5.35,2927500.0
2018-01-04 15:06:52.873000,5.34,5.33,5.35,2927500.0
2018-01-04 15:06:57.154000,5.34,5.33,5.35,2927500.0
2018-01-04 15:07:01.182000,5.34,5.33,5.35,2927500.0
2018-01-04 15:07:08.860000,5.34,5.33,5.35,2927500.0
2018-01-04 15:07:12.883000,5.34,5.33,5.35,2927500.0
2018-01-04 15:07:16.327000,5.34,5.33,5.35,2927500.0
2018-01-04 15:07:20.252000,5.34,5.33,5.35,2927500.0
2018-01-04 15:07:23.974000,5.34,5.33,5.35,2927500.0
2018-01-04 15:07:27.154000,5.34,5.33,5.35,2927500.0
2018-01-04 15:07:30.548000,5.34,5.33,5.35,2927500.0
2018-01-04 15:07:34.428000,5.34,5.33,5.35,2927500.0
2018-01-04 15:07:38.304000,5.34,5.33,5.35,2927500.0
2018-01-04 15:07:42.360000,5.34,5.33,5.35,2927500.0
2018-01-04 15:07:45.743000,5.34,5.33,5.35,2927500.0
2018-01-04 15:07:49.856000,5.34,5.33,5.35,2927500.0
2018-01-04 15:07:53.880000,5.34,5.33,5.35,2927500.0
2018-01-04 15:07:57.801000,5.34,5.33,5.35,2927500.0
2018-01-04 15:08:01.675000,5.34,5.33,5.35,2927500.0
2018-01-04 15:08:06.078000,5.34,5.33,5.35,2927500.0
2018-01-04 15:08:09.926000,5.34,5.33,5.35,2927500.0
2018-01-04 15:08:13.491000,5.34,5.33,5.35,2927500.0
2018-01-04 15:08:19.976000,5.34,5.33,5.35,2927500.0
2018-01-04 15:08:23.678000,5.34,5.34,5.35,2927500.0
2018-01-04 15:08:27.418000,5.34,5.34,5.35,2927500.0
2018-01-04 15:08:31.369000,5.34,5.34,5.35,2927500.0
2018-01-04 15:08:35.395000,5.34,5.34,5.35,2927500.0
2018-01-04 15:08:39.230000,5.34,5.34,5.35,2927500.0
2018-01-04 15:08:42.799000,5.34,5.34,5.35,2927500.0
2018-01-04 15:08:46.439000,5.34,5.34,5.35,2927500.0
2018-01-04 15:08:50.522000,5.34,5.34,5.35,2927500.0
2018-01-04 15:08:54.332000,5.34,5.34,5.35,2927500.0
2018-01-04 15:08:58.053000,5.34,5.34,5.35,2927500.0
2018-01-04 15:09:01.929000,5.34,5.34,5.35,2927500.0
2018-01-04 15:09:10.783000,5.34,5.34,5.35,2927500.0
2018-01-04 15:09:14.588000,5.34,5.34,5.35,2927500.0
2018-01-04 15:09:20.419000,5.34,5.33,5.35,2927500.0
2018-01-04 15:09:23.785000,5.34,5.33,5.35,2927500.0
2018-01-04 15:09:27.254000,5.34,5.33,5.35,2927500.0
2018-01-04 15:09:30.811000,5.34,5.33,5.35,2927500.0
2018-01-04 15:09:34.672000,5.34,5.33,5.35,2927500.0
2018-01-04 15:09:38.037000,5.34,5.34,5.35,2927500.0
2018-01-04 15:09:42.992000,5.34,5.34,5.35,2927500.0
2018-01-04 15:09:46.728000,5.34,5.34,5.35,2927500.0
2018-01-04 15:09:50.462000,5.34,5.34,5.35,2927500.0
2018-01-04 15:09:55.099000,5.34,5.34,5.35,2927500.0
2018-01-04 15:09:58.067000,5.34,5.34,5.35,2927500.0
2018-01-04 15:10:01.737000,5.34,5.34,5.35,2927500.0
2018-01-04 15:10:08.479000,5.34,5.34,5.35,2927500.0
2018-01-04 15:10:11.785000,5.34,5.34,5.35,2927500.0
2018-01-04 15:10:17.822000,5.34,5.34,5.35,2927500.0
2018-01-04 15:10:21.596000,5.34,5.34,5.35,2927500.0
2018-01-04 15:10:25.289000,5.34,5.34,5.35,2927500.0
2018-01-04 15:10:28.960000,5.34,5.34,5.35,2927500.0
2018-01-04 15:10:32.709000,5.34,5.34,5.35,2927500.0
2018-01-04 15:10:36.634000,5.34,5.34,5.35,2927500.0
2018-01-04 15:10:40.574000,5.34,5.34,5.35,2927500.0
2018-01-04 15:10:44.144000,5.34,5.34,5.35,2927500.0
2018-01-04 15:10:48.065000,5.34,5.34,5.35,2927500.0
2018-01-04 15:10:51.688000,5.34,5.34,5.35,2927500.0
2018-01-04 15:10:55.622000,5.34,5.34,5.35,2927500.0
2018-01-04 15:10:59.258000,5.34,5.34,5.35,2927500.0
2018-01-04 15:11:02.996000,5.34,5.34,5.35,2927500.0
2018-01-04 15:11:06.505000,5.34,5.34,5.35,2927500.0
2018-01-04 15:11:11.254000,5.34,5.34,5.35,2927500.0
2018-01-04 15:11:14.397000,5.34,5.34,5.35,2927500.0
2018-01-04 15:11:21.648000,5.34,5.34,5.35,2927500.0
2018-01-04 15:11:25.400000,5.34,5.34,5.35,2927500.0
2018-01-04 15:11:29.133000,5.34,5.34,5.35,2927500.0
2018-01-04 15:11:32.308000,5.34,5.34,5.35,2927500.0
2018-01-04 15:11:36.388000,5.34,5.34,5.35,2927500.0
2018-01-04 15:11:39.538000,5.34,5.34,5.35,2927500.0
2018-01-04 15:11:43.575000,5.34,5.34,5.35,2927500.0
2018-01-04 15:11:47.280000,5.34,5.34,5.35,2927500.0
2018-01-04 15:11:50.864000,5.34,5.34,5.35,2927500.0
2018-01-04 15:11:54.921000,5.34,5.34,5.35,2927500.0
2018-01-04 15:11:58.564000,5.34,5.34,5.35,2927500.0
2018-01-04 15:12:02.488000,5.34,5.34,5.35,2927500.0
2018-01-04 15:12:05.551000,5.34,5.34,5.35,2927500.0
2018-01-04 15:12:08.461000,5.34,5.34,5.35,2927500.0
2018-01-04 15:12:12.355000,5.34,5.34,5.35,2927500.0
2018-01-04 15:12:15.874000,5.34,5.34,5.35,2927500.0
2018-01-04 15:12:20.136000,5.34,5.34,5.35,2927500.0
2018-01-04 15:12:24.012000,5.34,5.34,5.35,2927500.0
2018-01-04 15:12:27.554000,5.34,5.34,5.35,2927500.0
2018-01-04 15:12:30.959000,5.34,5.34,5.35,2927500.0
2018-01-04 15:12:35.012000,5.34,5.34,5.35,2927500.0
2018-01-04 15:12:38.857000,5.34,5.34,5.35,2927500.0
2018-01-04 15:12:42.389000,5.34,5.34,5.35,2927500.0
2018-01-04 15:12:46.446000,5.34,5.34,5.35,2927500.0
2018-01-04 15:12:50.602000,5.34,5.34,5.35,2927500.0
2018-01-04 15:12:54.005000,5.34,5.34,5.35,2927500.0
2018-01-04 15:12:57.664000,5.34,5.34,5.35,2927500.0
2018-01-04 15:13:01.668000,5.34,5.34,5.35,2927500.0
2018-01-04 15:13:08.118000,5.34,5.34,5.35,2927500.0
2018-01-04 15:13:11.596000,5.34,5.34,5.35,2927500.0
2018-01-04 15:13:15.618000,5.34,5.34,5.35,2927500.0
2018-01-04 15:13:19.494000,5.34,5.34,5.35,2927500.0
2018-01-04 15:13:23.007000,5.34,5.34,5.35,2927500.0
2018-01-04 15:13:26.486000,5.34,5.34,5.35,2927500.0
2018-01-04 15:13:30.290000,5.34,5.34,5.35,2927500.0
2018-01-04 15:13:33.838000,5.34,5.34,5.35,2927500.0
2018-01-04 15:13:37.377000,5.34,5.34,5.35,2927500.0
2018-01-04 15:13:41.053000,5.34,5.34,5.35,2927500.0
2018-01-04 15:13:44.795000,5.34,5.34,5.35,2927500.0
2018-01-04 15:13:48.334000,5.34,5.34,5.35,2927500.0
2018-01-04 15:13:51.861000,5.34,5.34,5.35,2927500.0
2018-01-04 15:13:55.089000,5.34,5.34,5.35,2927500.0
2018-01-04 15:13:58.497000,5.34,5.34,5.35,2927500.0
2018-01-04 15:14:02.328000,5.34,5.34,5.35,2927500.0
2018-01-04 15:14:11.293000,5.34,5.34,5.35,2927500.0
2018-01-04 15:14:15.079000,5.34,5.34,5.35,2927500.0
2018-01-04 15:14:18.708000,5.34,5.34,5.35,2927500.0
2018-01-04 15:14:23.512000,5.34,5.34,5.35,2927500.0
2018-01-04 15:14:27.261000,5.34,5.34,5.35,2927500.0
2018-01-04 15:14:30.940000,5.34,5.34,5.35,2927500.0
2018-01-04 15:14:34.890000,5.34,5.34,5.35,2927500.0
2018-01-04 15:14:38.284000,5.34,5.34,5.35,2927500.0
2018-01-04 15:14:42.277000,5.34,5.34,5.35,2927500.0
2018-01-04 15:14:46.002000,5.34,5.34,5.35,2927500.0
2018-01-04 15:14:49.184000,5.34,5.34,5.35,2927500.0
2018-01-04 15:14:52.502000,5.34,5.34,5.35,2927500.0
2018-01-04 15:14:56.411000,5.34,5.34,5.35,2927500.0
2018-01-04 15:14:59.785000,5.34,5.34,5.35,2927500.0
2018-01-04 15:15:04.132000,5.34,5.34,5.35,2927500.0
2018-01-04 15:15:07.426000,5.34,5.34,5.35,2927500.0
2018-01-04 15:15:11.577000,5.34,5.34,5.35,2927500.0
2018-01-04 15:15:17.825000,5.34,5.34,5.35,2927500.0
2018-01-04 15:15:21.803000,5.34,5.34,5.35,2927500.0
2018-01-04 15:15:25.866000,5.34,5.34,5.35,2927500.0
2018-01-04 15:15:29.547000,5.34,5.34,5.35,2927500.0
2018-01-04 15:15:33.482000,5.34,5.34,5.35,2927500.0
2018-01-04 15:15:37.200000,5.34,5.34,5.35,2927500.0
2018-01-04 15:15:40.490000,5.34,5.34,5.35,2927500.0
2018-01-04 15:15:43.291000,5.34,5.34,5.35,2927500.0
2018-01-04 15:15:47.263000,5.34,5.34,5.35,2927500.0
2018-01-04 15:15:50.165000,5.34,5.34,5.35,2927500.0
2018-01-04 15:15:53.333000,5.34,5.34,5.35,2927500.0
2018-01-04 15:15:56.975000,5.34,5.34,5.35,2927500.0
2018-01-04 15:16:01.047000,5.34,5.34,5.35,2927500.0
2018-01-04 15:16:05.008000,5.34,5.34,5.35,2927500.0
2018-01-04 15:16:08.277000,5.34,5.34,5.35,2927500.0
2018-01-04 15:16:11.751000,5.34,5.34,5.35,2927500.0
2018-01-04 15:16:15.612000,5.34,5.34,5.35,2927500.0
2018-01-04 15:16:21.436000,5.34,5.34,5.35,2927500.0
2018-01-04 15:16:25.809000,5.34,5.34,5.35,2927500.0
2018-01-04 15:16:29.661000,5.34,5.34,5.35,2927500.0
2018-01-04 15:16:34.597000,5.34,5.34,5.35,2927500.0
2018-01-04 15:16:37.552000,5.34,5.34,5.35,2927500.0
2018-01-04 15:16:41.739000,5.34,5.34,5.35,2927500.0
2018-01-04 15:16:44.544000,5.34,5.34,5.35,2927500.0
2018-01-04 15:16:48.076000,5.34,5.34,5.35,2927500.0
2018-01-04 15:16:51.444000,5.34,5.34,5.35,2927500.0
2018-01-04 15:16:54.842000,5.34,5.34,5.35,2927500.0
2018-01-04 15:16:58.579000,5.34,5.34,5.35,2927500.0
2018-01-04 15:17:02.223000,5.34,5.34,5.35,2927500.0
2018-01-04 15:17:05.600000,5.34,5.34,5.35,2927500.0
2018-01-04 15:17:10.017000,5.34,5.34,5.35,2927500.0
2018-01-04 15:17:14.284000,5.34,5.34,5.35,2927500.0
2018-01-04 15:17:17.858000,5.34,5.34,5.35,2927500.0
2018-01-04 15:17:21.550000,5.34,5.34,5.35,2927500.0
2018-01-04 15:17:25.070000,5.34,5.34,5.35,2927500.0
2018-01-04 15:17:28.061000,5.34,5.34,5.35,2927500.0
2018-01-04 15:17:31.907000,5.34,5.34,5.35,2927500.0
2018-01-04 15:17:35.582000,5.34,5.34,5.35,2927500.0
2018-01-04 15:17:39.518000,5.34,5.34,5.35,2927500.0
2018-01-04 15:17:43.518000,5.34,5.34,5.35,2927500.0
2018-01-04 15:17:46.821000,5.34,5.34,5.35,2927500.0
2018-01-04 15:17:50.804000,5.34,5.34,5.35,2927500.0
2018-01-04 15:17:54.430000,5.34,5.34,5.35,2927500.0
2018-01-04 15:17:57.828000,5.34,5.34,5.35,2927500.0
2018-01-04 15:18:00.882000,5.34,5.34,5.35,2927500.0
2018-01-04 15:18:04.809000,5.34,5.34,5.35,2927500.0
2018-01-04 15:18:09.671000,5.34,5.34,5.35,2927500.0
2018-01-04 15:18:13.546000,5.34,5.34,5.35,2927500.0
2018-01-04 15:18:17.113000,5.34,5.34,5.35,2927500.0
2018-01-04 15:18:20.833000,5.34,5.34,5.35,2927500.0
2018-01-04 15:18:24.813000,5.34,5.34,5.35,2927500.0
2018-01-04 15:18:28.927000,5.34,5.34,5.35,2927500.0
2018-01-04 15:18:32.678000,5.34,5.34,5.35,2927500.0
2018-01-04 15:18:36.311000,5.34,5.34,5.35,2927500.0
2018-01-04 15:18:40.136000,5.34,5.34,5.35,2927500.0
2018-01-04 15:18:44.092000,5.34,5.34,5.35,2927500.0
2018-01-04 15:18:47.362000,5.34,5.34,5.35,2927500.0
2018-01-04 15:18:51.006000,5.34,5.34,5.35,2927500.0
2018-01-04 15:18:54.778000,5.34,5.34,5.35,2927500.0
2018-01-04 15:18:58.110000,5.34,5.34,5.35,2927500.0
2018-01-04 15:19:01.711000,5.34,5.34,5.35,2927500.0
2018-01-04 15:19:05.402000,5.34,5.34,5.35,2927500.0
2018-01-04 15:19:09.119000,5.34,5.34,5.35,2927500.0
2018-01-04 15:19:12.591000,5.34,5.34,5.35,2927500.0
2018-01-04 15:19:16.423000,5.34,5.34,5.35,2927500.0
