time,price,bid,ask,volume
2018-01-04 13:06:04.964000,30.9,30.85,30.9,18111383.0
2018-01-04 13:06:09.741000,30.9,30.85,30.9,18111383.0
2018-01-04 13:06:17.493000,30.9,30.85,30.9,18111383.0
2018-01-04 13:06:20.748000,30.9,30.85,30.9,18111383.0
2018-01-04 13:06:24.580000,30.9,30.85,30.9,18111383.0
2018-01-04 13:06:27.581000,30.9,30.85,30.9,18111383.0
2018-01-04 13:06:31.368000,30.9,30.85,30.9,18111383.0
2018-01-04 13:06:34.993000,30.9,30.85,30.9,18111383.0
2018-01-04 13:06:38.701000,30.9,30.85,30.9,18111383.0
2018-01-04 13:06:42.078000,30.9,30.85,30.9,18111383.0
2018-01-04 13:06:44.963000,30.9,30.85,30.9,18111383.0
2018-01-04 13:06:48.337000,30.9,30.85,30.9,18111383.0
2018-01-04 13:06:51.991000,30.9,30.85,30.9,18111383.0
2018-01-04 13:06:55.359000,30.9,30.85,30.9,18111383.0
2018-01-04 13:06:58.894000,30.9,30.85,30.9,18111383.0
2018-01-04 13:07:02.088000,30.9,30.85,30.9,18111383.0
2018-01-04 13:07:06.610000,30.9,30.85,30.9,18111383.0
2018-01-04 13:07:12.146000,30.9,30.85,30.9,18111383.0
2018-01-04 13:08:17.588000,30.9,30.85,30.9,18120883.0
2018-01-04 13:08:21.595000,30.9,30.85,30.9,18120883.0
2018-01-04 13:08:24.790000,30.9,30.85,30.9,18120883.0
2018-01-04 13:08:28.048000,30.9,30.85,30.9,18120883.0
2018-01-04 13:08:31.928000,30.9,30.85,30.9,18120883.0
2018-01-04 13:08:35.643000,30.9,30.85,30.9,18120883.0
2018-01-04 13:08:38.793000,30.9,30.85,30.9,18120883.0
2018-01-04 13:08:42.587000,30.9,30.85,30.9,18120883.0
2018-01-04 13:08:45.309000,30.9,30.85,30.9,18120883.0
2018-01-04 13:08:48.987000,30.9,30.85,30.9,18120883.0
2018-01-04 13:08:53.525000,30.9,30.85,30.9,18120883.0
2018-01-04 13:08:57.196000,30.9,30.85,30.9,18120883.0
2018-01-04 13:09:01.096000,30.9,30.85,30.9,18120883.0
2018-01-04 13:09:04.588000,30.9,30.85,30.9,18120883.0
2018-01-04 13:09:09.146000,30.9,30.85,30.9,18120883.0
2018-01-04 13:09:14.496000,30.9,30.85,30.9,18120883.0
2018-01-04 13:09:21.364000,30.9,30.85,30.9,18120883.0
2018-01-04 13:09:25.410000,30.9,30.85,30.9,18120883.0
2018-01-04 13:09:28.687000,30.9,30.85,30.9,18120883.0
2018-01-04 13:12:50.744000,30.9,30.9,30.95,19330363.0
2018-01-04 13:12:54.258000,30.9,30.9,30.95,20236363.0
2018-01-04 13:12:58.204000,30.9,30.9,30.95,20236363.0
2018-01-04 13:13:02.685000,30.9,30.9,30.95,20236363.0
2018-01-04 13:13:06.802000,30.9,30.9,30.95,20236363.0
2018-01-04 13:13:10.490000,30.9,30.9,30.95,20236363.0
2018-01-04 13:13:20.634000,30.9,30.9,30.95,20236363.0
2018-01-04 13:13:30.750000,30.9,30.9,30.95,20236363.0
2018-01-04 13:13:34.482000,30.9,30.9,30.95,20236363.0
2018-01-04 13:13:37.701000,30.9,30.9,30.95,20236363.0
2018-01-04 13:13:40.476000,30.9,30.9,30.95,20236363.0
2018-01-04 13:13:44.493000,30.9,30.9,30.95,20236363.0
2018-01-04 13:13:47.585000,30.9,30.9,30.95,20236363.0
2018-01-04 13:13:51.324000,30.9,30.9,30.95,20236363.0
2018-01-04 13:13:55.515000,30.9,30.9,30.95,20236363.0
2018-01-04 13:13:59.283000,30.9,30.9,30.95,20236363.0
2018-01-04 13:14:03.274000,30.9,30.9,30.95,20236363.0
2018-01-04 13:14:07.049000,30.9,30.9,30.95,20236363.0
2018-01-04 13:14:12.430000,30.9,30.9,30.95,20236363.0
2018-01-04 13:14:16.189000,30.9,30.9,30.95,20236363.0
2018-01-04 13:14:19.474000,30.9,30.9,30.95,20236363.0
2018-01-04 13:14:23.087000,30.9,30.9,30.95,20236363.0
2018-01-04 13:14:27.694000,30.9,30.9,30.95,20236363.0
2018-01-04 13:14:30.943000,30.9,30.9,30.95,20236363.0
2018-01-04 13:14:35.040000,30.9,30.9,30.95,20236363.0
2018-01-04 13:14:39.062000,30.9,30.9,30.95,20236363.0
2018-01-04 13:14:42.828000,30.9,30.9,30.95,20236363.0
2018-01-04 13:14:46.107000,30.9,30.9,30.95,20236363.0
2018-01-04 13:14:49.560000,30.9,30.9,30.95,20236363.0
2018-01-04 13:14:53.793000,30.9,30.9,30.95,20236363.0
2018-01-04 13:14:56.941000,30.9,30.9,30.95,20236363.0
2018-01-04 13:15:00.235000,30.9,30.9,30.95,20236363.0
2018-01-04 13:15:03.734000,30.9,30.9,30.95,20236363.0
2018-01-04 13:15:08.651000,30.9,30.9,30.95,20236363.0
2018-01-04 13:15:11.829000,30.9,30.9,30.95,20236363.0
2018-01-04 13:15:15.184000,30.9,30.9,30.95,20236363.0
2018-01-04 13:15:18.516000,30.9,30.9,30.95,20236363.0
2018-01-04 13:15:22.233000,30.9,30.9,30.95,20236363.0
2018-01-04 13:15:25.507000,30.9,30.9,30.95,20236363.0
2018-01-04 13:15:29.334000,30.9,30.9,30.95,20236363.0
2018-01-04 13:15:32.394000,30.9,30.9,30.95,20236363.0
2018-01-04 13:15:36.221000,30.9,30.9,30.95,20236363.0
2018-01-04 13:15:39.569000,30.9,30.9,30.95,20236363.0
2018-01-04 13:15:43.205000,30.9,30.9,30.95,20236363.0
2018-01-04 13:15:46.519000,30.9,30.9,30.95,20236363.0
2018-01-04 13:15:50.134000,30.9,30.9,30.95,20236363.0
2018-01-04 13:15:53.951000,30.9,30.9,30.95,20236363.0
2018-01-04 13:15:58.129000,30.9,30.9,30.95,20236363.0
2018-01-04 13:16:01.462000,30.9,30.9,30.95,20236363.0
2018-01-04 13:16:04.456000,30.9,30.9,30.95,20236363.0
2018-01-04 13:16:08.753000,30.9,30.9,30.95,20236363.0
2018-01-04 13:16:12.674000,30.9,30.9,30.95,20236363.0
2018-01-04 13:16:17.473000,30.9,30.9,30.95,20236363.0
2018-01-04 13:16:21.225000,30.9,30.9,30.95,20236363.0
2018-01-04 13:16:24.738000,30.9,30.9,30.95,20236363.0
2018-01-04 13:16:28.757000,30.9,30.9,30.95,20236363.0
2018-01-04 13:16:32.242000,30.9,30.9,30.95,20236363.0
2018-01-04 13:16:35.663000,30.9,30.9,30.95,20236363.0
2018-01-04 13:16:39.791000,30.9,30.9,30.95,20236363.0
2018-01-04 13:16:43.565000,30.9,30.9,30.95,20236363.0
2018-01-04 13:16:47.029000,30.9,30.9,30.95,20236363.0
2018-01-04 13:16:50.388000,30.9,30.9,30.95,20236363.0
2018-01-04 13:16:54.165000,30.9,30.9,30.95,20236363.0
2018-01-04 13:16:57.780000,30.9,30.9,30.95,20236363.0
2018-01-04 13:17:01.450000,30.9,30.9,30.95,20236363.0
2018-01-04 13:17:05.187000,30.9,30.9,30.95,22737425.0
2018-01-04 13:17:09.145000,30.9,30.9,30.95,22737425.0
2018-01-04 13:17:14.290000,30.9,30.9,30.95,22737425.0
2018-01-04 13:17:17.689000,30.9,30.9,30.95,22737425.0
2018-01-04 13:17:21.005000,30.9,30.9,30.95,22737425.0
2018-01-04 13:17:24.622000,30.9,30.9,30.95,22737425.0
2018-01-04 13:17:28.735000,30.9,30.9,30.95,22737425.0
2018-01-04 13:17:32.698000,30.9,30.9,30.95,22737425.0
2018-01-04 13:17:36.730000,30.9,30.9,30.95,22737425.0
2018-01-04 13:17:40.756000,30.9,30.9,30.95,22737425.0
2018-01-04 13:17:44.599000,30.9,30.9,30.95,22737425.0
2018-01-04 13:17:47.640000,30.9,30.9,30.95,22737425.0
2018-01-04 13:17:50.721000,30.9,30.9,30.95,22737425.0
2018-01-04 13:17:54.194000,30.9,30.9,30.95,22737425.0
2018-01-04 13:17:58.125000,30.9,30.9,30.95,22737425.0
2018-01-04 13:18:06.420000,30.9,30.9,30.95,22737425.0
2018-01-04 13:18:13.367000,30.9,30.9,30.95,22737425.0
2018-01-04 13:18:17.505000,30.9,30.9,30.95,22737425.0
2018-01-04 13:18:26.357000,30.9,30.9,30.95,22737425.0
2018-01-04 13:18:29.667000,30.9,30.9,30.95,22737425.0
2018-01-04 13:18:33.560000,30.9,30.9,30.95,22737425.0
2018-01-04 13:18:37.275000,30.95,30.9,30.95,22743509.0
2018-01-04 13:18:41.172000,30.95,30.9,30.95,22743509.0
2018-01-04 13:18:44.960000,30.95,30.9,30.95,22743509.0
2018-01-04 13:18:48.778000,30.95,30.9,30.95,22743509.0
2018-01-04 13:18:52.392000,30.95,30.9,30.95,22743509.0
2018-01-04 13:18:56.222000,30.95,30.9,30.95,22743509.0
2018-01-04 13:19:00.314000,30.95,30.9,30.95,22743509.0
2018-01-04 13:19:03.900000,30.95,30.9,30.95,22743509.0
2018-01-04 13:19:07.627000,30.95,30.9,30.95,22743509.0
2018-01-04 13:19:11.509000,30.95,30.9,30.95,22743509.0
2018-01-04 13:19:16.011000,30.95,30.9,30.95,22743509.0
2018-01-04 13:19:19.786000,30.95,30.9,30.95,22743509.0
2018-01-04 13:19:23.351000,30.95,30.9,30.95,22743509.0
2018-01-04 13:19:27.350000,30.95,30.9,30.95,22743509.0
2018-01-04 13:19:30.611000,30.95,30.9,30.95,22743509.0
2018-01-04 13:19:33.937000,30.95,30.9,30.95,22743509.0
2018-01-04 13:19:37.778000,30.9,30.9,30.95,22762542.0
2018-01-04 13:19:41.259000,30.9,30.9,30.95,22762542.0
2018-01-04 13:19:44.924000,30.9,30.9,30.95,22762542.0
2018-01-04 13:19:49.179000,30.9,30.9,30.95,22762542.0
2018-01-04 13:19:52.155000,30.9,30.9,30.95,22762542.0
2018-01-04 13:19:55.911000,30.9,30.9,30.95,22762542.0
2018-01-04 13:19:59.730000,30.9,30.9,30.95,22762542.0
2018-01-04 13:20:06.395000,30.9,30.9,30.95,22762542.0
2018-01-04 13:20:11.047000,30.9,30.9,30.95,22762542.0
2018-01-04 13:20:14.761000,30.9,30.9,30.95,22762542.0
2018-01-04 13:20:19.330000,30.9,30.9,30.95,22762542.0
2018-01-04 13:20:23.242000,30.9,30.9,30.95,22762542.0
2018-01-04 13:20:27.290000,30.9,30.9,30.95,22762542.0
2018-01-04 13:20:31.500000,30.9,30.9,30.95,22762542.0
2018-01-04 13:20:35.618000,30.9,30.9,30.95,22762542.0
2018-01-04 13:20:39.802000,30.9,30.9,30.95,22762542.0
2018-01-04 13:20:43.601000,30.9,30.9,30.95,22762542.0
2018-01-04 13:20:47.003000,30.9,30.9,30.95,22762542.0
2018-01-04 13:20:50.511000,30.9,30.9,30.95,22762542.0
2018-01-04 13:20:54.588000,30.9,30.9,30.95,22762542.0
2018-01-04 13:20:58.329000,30.9,30.9,30.95,22762542.0
2018-01-04 13:21:02.317000,30.9,30.9,30.95,22762542.0
2018-01-04 13:21:06.173000,30.9,30.9,30.95,22762542.0
2018-01-04 13:22:43.433000,30.9,30.9,30.95,22770832.0
2018-01-04 13:22:47.067000,30.9,30.9,30.95,22770832.0
2018-01-04 13:22:50.908000,30.9,30.9,30.95,22770832.0
2018-01-04 13:22:54.048000,30.9,30.9,30.95,22770832.0
2018-01-04 13:22:57.903000,30.9,30.9,30.95,22770832.0
2018-01-04 13:23:01.558000,30.9,30.9,30.95,22770832.0
2018-01-04 13:23:10.711000,30.9,30.9,30.95,22770832.0
2018-01-04 13:23:13.993000,30.9,30.9,30.95,22770832.0
2018-01-04 13:23:21.079000,30.9,30.9,30.95,22770832.0
2018-01-04 13:23:30.491000,30.9,30.9,30.95,22770832.0
2018-01-04 13:23:34.146000,30.9,30.9,30.95,22770832.0
2018-01-04 13:23:37.900000,30.9,30.9,30.95,22770832.0
2018-01-04 13:23:41.555000,30.9,30.9,30.95,22770832.0
2018-01-04 13:23:44.735000,30.9,30.9,30.95,22770832.0
2018-01-04 13:23:48.528000,30.9,30.9,30.95,22770832.0
2018-01-04 13:23:52.746000,30.9,30.9,30.95,22770832.0
2018-01-04 13:23:56.567000,30.9,30.9,30.95,22770832.0
2018-01-04 13:24:00.236000,30.9,30.9,30.95,22770832.0
2018-01-04 13:24:04.353000,30.9,30.9,30.95,22770832.0
2018-01-04 13:24:07.945000,30.95,30.9,30.95,22774832.0
2018-01-04 13:24:11.669000,30.95,30.9,30.95,22774832.0
2018-01-04 13:24:15.034000,30.95,30.9,30.95,22774832.0
2018-01-04 13:24:19.383000,30.95,30.9,30.95,22774832.0
2018-01-04 13:24:22.677000,30.95,30.9,30.95,22774832.0
2018-01-04 13:24:26.751000,30.95,30.9,30.95,22774832.0
2018-01-04 13:24:30.829000,30.95,30.9,30.95,22774832.0
2018-01-04 13:24:34.518000,30.95,30.9,30.95,22774832.0
2018-01-04 13:24:37.778000,30.95,30.9,30.95,22774832.0
2018-01-04 13:24:41.349000,30.95,30.9,30.95,22774832.0
2018-01-04 13:24:44.854000,30.95,30.9,30.95,22774832.0
2018-01-04 13:24:48.625000,30.95,30.9,30.95,22774832.0
2018-01-04 13:24:52.329000,30.95,30.9,30.95,22774832.0
2018-01-04 13:24:55.718000,30.95,30.9,30.95,22774832.0
2018-01-04 13:24:59.592000,30.95,30.9,30.95,22774832.0
2018-01-04 13:25:03.392000,30.95,30.9,30.95,22774832.0
2018-01-04 13:25:12.418000,30.95,30.9,30.95,22786832.0
2018-01-04 13:25:16.414000,30.95,30.9,30.95,22786832.0
2018-01-04 13:25:20.282000,30.95,30.9,30.95,22786832.0
2018-01-04 13:25:24.037000,30.95,30.9,30.95,22786832.0
2018-01-04 13:25:27.872000,30.95,30.9,30.95,22786832.0
2018-01-04 13:25:31.178000,30.95,30.9,30.95,22786832.0
2018-01-04 13:25:34.264000,30.95,30.9,30.95,22786832.0
2018-01-04 13:25:37.795000,30.95,30.9,30.95,22786832.0
2018-01-04 13:25:41.920000,30.95,30.9,30.95,22786832.0
2018-01-04 13:25:45.226000,30.95,30.9,30.95,22786832.0
2018-01-04 13:25:48.953000,30.95,30.9,30.95,22786832.0
2018-01-04 13:25:52.502000,30.95,30.9,30.95,22786832.0
2018-01-04 13:25:56.090000,30.95,30.9,30.95,22786832.0
2018-01-04 13:25:59.254000,30.95,30.9,30.95,22786832.0
2018-01-04 13:26:03.359000,30.95,30.9,30.95,22786832.0
2018-01-04 13:26:07.910000,30.95,30.9,30.95,22786832.0
2018-01-04 13:26:12.076000,30.95,30.9,30.95,22786832.0
2018-01-04 13:26:16.132000,30.95,30.9,30.95,22786832.0
2018-01-04 13:26:19.678000,30.95,30.9,30.95,22786832.0
2018-01-04 13:26:23.222000,30.95,30.9,30.95,22786832.0
2018-01-04 13:26:26.428000,30.95,30.9,30.95,22786832.0
2018-01-04 13:26:29.607000,30.95,30.9,30.95,22786832.0
2018-01-04 13:26:33.075000,30.95,30.9,30.95,22786832.0
2018-01-04 13:26:36.520000,30.95,30.9,30.95,22786832.0
2018-01-04 13:26:40.255000,30.95,30.9,30.95,22786832.0
2018-01-04 13:26:44.298000,30.95,30.9,30.95,22786832.0
2018-01-04 13:26:47.799000,30.95,30.9,30.95,22786832.0
2018-01-04 13:26:51.550000,30.95,30.9,30.95,22786832.0
2018-01-04 13:26:55.478000,30.95,30.9,30.95,22786832.0
2018-01-04 13:26:59.252000,30.95,30.9,30.95,22786832.0
2018-01-04 13:27:02.739000,30.95,30.9,30.95,22786832.0
2018-01-04 13:27:05.855000,30.95,30.9,30.95,22786832.0
2018-01-04 13:27:09.770000,30.95,30.9,30.95,22786832.0
2018-01-04 13:27:13.956000,30.95,30.9,30.95,22786832.0
2018-01-04 13:27:20.780000,30.95,30.9,30.95,22786832.0
2018-01-04 13:27:24.410000,30.95,30.9,30.95,22786832.0
2018-01-04 13:27:28.565000,30.95,30.9,30.95,22786832.0
2018-01-04 13:27:32.278000,30.95,30.9,30.95,22786832.0
2018-01-04 13:27:35.772000,30.95,30.9,30.95,22786832.0
2018-01-04 13:27:39.626000,30.95,30.9,30.95,22786832.0
2018-01-04 13:27:43.353000,30.95,30.9,30.95,22786832.0
2018-01-04 13:27:47.140000,30.95,30.9,30.95,22786832.0
2018-01-04 13:27:51.092000,30.95,30.9,30.95,22786832.0
2018-01-04 13:27:54.859000,30.95,30.9,30.95,22786832.0
2018-01-04 13:27:58.538000,30.95,30.9,30.95,22786832.0
2018-01-04 13:28:02.114000,30.95,30.9,30.95,22786832.0
2018-01-04 13:28:06.116000,30.95,30.9,30.95,22786832.0
2018-01-04 13:28:12.750000,30.95,30.9,30.95,22786832.0
2018-01-04 13:28:16.774000,30.95,30.9,30.95,22786832.0
2018-01-04 13:28:20.593000,30.9,30.85,30.9,24691332.0
2018-01-04 13:28:24.274000,30.9,30.85,30.9,24691332.0
2018-01-04 13:28:28.252000,30.9,30.85,30.9,24691332.0
2018-01-04 13:28:32.200000,30.9,30.85,30.9,24691332.0
2018-01-04 13:28:36.216000,30.9,30.85,30.9,24691332.0
2018-01-04 13:28:40.157000,30.9,30.85,30.9,24691332.0
2018-01-04 13:28:44.021000,30.9,30.85,30.9,24691332.0
2018-01-04 13:28:47.826000,30.9,30.85,30.9,24691332.0
2018-01-04 13:28:51.367000,30.9,30.9,30.95,25185832.0
2018-01-04 13:28:55.323000,30.9,30.9,30.95,25185832.0
2018-01-04 13:28:58.546000,30.9,30.9,30.95,25185832.0
2018-01-04 13:29:01.978000,30.9,30.9,30.95,25185832.0
2018-01-04 13:29:08.592000,30.9,30.9,30.95,25185832.0
2018-01-04 13:29:14.226000,30.9,30.9,30.95,25185832.0
2018-01-04 13:29:18.941000,30.9,30.9,30.95,25185832.0
2018-01-04 13:29:22.841000,30.9,30.9,30.95,25185832.0
2018-01-04 13:29:26.702000,30.9,30.9,30.95,25185832.0
2018-01-04 13:29:30.435000,30.9,30.9,30.95,25185832.0
2018-01-04 13:29:34.318000,30.9,30.9,30.95,25185832.0
2018-01-04 13:29:37.530000,30.9,30.9,30.95,25493332.0
2018-01-04 13:29:41.083000,30.9,30.9,30.95,25493332.0
2018-01-04 13:29:44.926000,30.9,30.9,30.95,25493332.0
2018-01-04 13:29:48.666000,30.9,30.9,30.95,25493332.0
2018-01-04 13:29:52.046000,30.9,30.9,30.95,25493332.0
2018-01-04 13:29:55.813000,30.9,30.9,30.95,25493332.0
2018-01-04 13:29:59.882000,30.9,30.9,30.95,25493332.0
2018-01-04 13:30:03.628000,30.9,30.9,30.95,25493332.0
2018-01-04 13:30:11.059000,30.9,30.9,30.95,25493332.0
2018-01-04 13:30:14.680000,30.9,30.85,30.9,26069019.0
2018-01-04 13:30:18.349000,30.9,30.85,30.9,26069019.0
2018-01-04 13:30:21.724000,30.9,30.85,30.9,26069019.0
2018-01-04 13:30:25.647000,30.9,30.85,30.9,26069019.0
2018-01-04 13:30:29.677000,30.9,30.85,30.9,26069019.0
2018-01-04 13:30:33.528000,30.9,30.85,30.9,26069019.0
2018-01-04 13:30:37.262000,30.9,30.85,30.9,26069019.0
2018-01-04 13:30:41.272000,30.9,30.85,30.9,26069019.0
2018-01-04 13:30:44.790000,30.9,30.85,30.9,26069019.0
2018-01-04 13:30:48.406000,30.9,30.85,30.9,26069019.0
2018-01-04 13:30:51.951000,30.9,30.85,30.9,26069019.0
2018-01-04 13:30:55.916000,30.9,30.85,30.9,26069019.0
2018-01-04 13:30:59.781000,30.9,30.85,30.9,26069019.0
2018-01-04 13:31:06.794000,30.9,30.85,30.9,26069019.0
2018-01-04 13:31:10.214000,30.9,30.85,30.9,26069019.0
2018-01-04 13:31:13.539000,30.9,30.85,30.9,26069019.0
2018-01-04 13:31:16.790000,30.9,30.85,30.9,26069019.0
2018-01-04 13:31:23.166000,30.9,30.85,30.9,26069019.0
2018-01-04 13:31:27.993000,30.9,30.85,30.9,26069019.0
2018-01-04 13:31:32.321000,30.9,30.85,30.9,26069019.0
2018-01-04 13:31:36.743000,30.9,30.85,30.9,26069019.0
2018-01-04 13:31:40.057000,30.9,30.85,30.9,26069019.0
2018-01-04 13:31:43.321000,30.9,30.85,30.9,26069019.0
2018-01-04 13:31:47.190000,30.9,30.85,30.9,26069019.0
2018-01-04 13:31:51.037000,30.9,30.85,30.9,26069019.0
2018-01-04 13:31:55.049000,30.9,30.85,30.9,26069019.0
2018-01-04 13:31:59.032000,30.9,30.85,30.9,26069019.0
2018-01-04 13:32:06.461000,30.9,30.85,30.9,26069019.0
2018-01-04 13:32:09.921000,30.9,30.85,30.9,26069019.0
2018-01-04 13:32:18.317000,30.9,30.85,30.9,26069019.0
2018-01-04 13:32:22.635000,30.9,30.85,30.9,26069019.0
2018-01-04 13:32:26.117000,30.9,30.85,30.9,26069019.0
2018-01-04 13:32:30.805000,30.9,30.85,30.9,26069019.0
2018-01-04 13:32:34.027000,30.9,30.85,30.9,26069019.0
2018-01-04 13:32:37.076000,30.9,30.85,30.9,26069019.0
2018-01-04 13:32:40.743000,30.9,30.85,30.9,26069019.0
2018-01-04 13:32:44.365000,30.9,30.85,30.9,26069019.0
2018-01-04 13:32:52.284000,30.9,30.85,30.9,26069019.0
2018-01-04 13:32:56.860000,30.9,30.9,30.95,26276519.0
2018-01-04 13:33:00.607000,30.9,30.9,30.95,26276519.0
2018-01-04 13:33:04.404000,30.9,30.9,30.95,26276519.0
2018-01-04 13:33:10.488000,30.9,30.9,30.95,26276519.0
2018-01-04 13:33:14.040000,30.9,30.9,30.95,26276519.0
2018-01-04 13:33:19.699000,30.9,30.9,30.95,26276519.0
2018-01-04 13:33:23.154000,30.9,30.9,30.95,26276519.0
2018-01-04 13:33:27.189000,30.9,30.9,30.95,26276519.0
2018-01-04 13:33:31.020000,30.9,30.9,30.95,26276519.0
2018-01-04 13:33:35.177000,30.9,30.9,30.95,26276519.0
2018-01-04 13:33:38.881000,30.9,30.9,30.95,26276519.0
2018-01-04 13:33:42.789000,30.9,30.9,30.95,26276519.0
2018-01-04 13:33:46.745000,30.9,30.9,30.95,26276519.0
2018-01-04 13:33:50.677000,30.9,30.9,30.95,26276519.0
2018-01-04 13:33:54.545000,30.9,30.9,30.95,26276519.0
2018-01-04 13:33:58.306000,30.9,30.9,30.95,26279019.0
2018-01-04 13:34:01.985000,30.9,30.9,30.95,26279019.0
2018-01-04 13:34:05.430000,30.9,30.9,30.95,26279019.0
2018-01-04 13:34:09.437000,30.9,30.9,30.95,26279019.0
2018-01-04 13:34:13.376000,30.9,30.9,30.95,26279019.0
2018-01-04 13:34:16.882000,30.9,30.9,30.95,26279019.0
2018-01-04 13:34:20.827000,30.9,30.9,30.95,26279019.0
2018-01-04 13:34:24.783000,30.9,30.9,30.95,26279019.0
2018-01-04 13:34:28.613000,30.9,30.9,30.95,26279019.0
2018-01-04 13:34:32.433000,30.9,30.9,30.95,26279019.0
2018-01-04 13:34:35.908000,30.9,30.9,30.95,26279019.0
2018-01-04 13:34:39.561000,30.9,30.9,30.95,26279019.0
2018-01-04 13:34:43.584000,30.9,30.9,30.95,26279019.0
2018-01-04 13:34:47.413000,30.9,30.9,30.95,26279019.0
2018-01-04 13:34:51.132000,30.9,30.9,30.95,26279019.0
2018-01-04 13:34:54.889000,30.9,30.9,30.95,26279019.0
2018-01-04 13:34:58.793000,30.9,30.9,30.95,26279019.0
2018-01-04 13:35:02.204000,30.9,30.9,30.95,26279019.0
2018-01-04 13:35:06.351000,30.9,30.9,30.95,26279019.0
2018-01-04 13:35:14.012000,30.9,30.9,30.95,26279019.0
2018-01-04 13:35:21.705000,30.9,30.9,30.95,26279019.0
2018-01-04 13:35:25.820000,30.9,30.9,30.95,26280519.0
2018-01-04 13:35:29.500000,30.9,30.9,30.95,26280519.0
2018-01-04 13:35:33.584000,30.9,30.9,30.95,26280519.0
2018-01-04 13:35:36.774000,30.9,30.9,30.95,26280519.0
2018-01-04 13:35:40.973000,30.9,30.9,30.95,26280519.0
2018-01-04 13:35:44.454000,30.9,30.9,30.95,26280519.0
2018-01-04 13:35:48.446000,30.9,30.9,30.95,26280519.0
2018-01-04 13:35:52.641000,30.9,30.9,30.95,26280519.0
2018-01-04 13:35:56.160000,30.9,30.9,30.95,26280519.0
2018-01-04 13:35:59.686000,30.9,30.9,30.95,26280519.0
2018-01-04 13:36:03.148000,30.9,30.9,30.95,26280519.0
2018-01-04 13:36:12.331000,30.9,30.9,30.95,26280519.0
2018-01-04 13:36:16.134000,30.9,30.9,30.95,26280519.0
2018-01-04 13:36:22.477000,30.9,30.9,30.95,26280519.0
2018-01-04 13:36:26.088000,30.9,30.9,30.95,26280519.0
2018-01-04 13:36:29.454000,30.9,30.9,30.95,26280519.0
2018-01-04 13:36:34.336000,30.9,30.9,30.95,26280519.0
2018-01-04 13:36:37.775000,30.9,30.9,30.95,26280519.0
2018-01-04 13:36:41.450000,30.9,30.9,30.95,26280519.0
2018-01-04 13:36:45.136000,30.9,30.9,30.95,26280519.0
2018-01-04 13:36:48.777000,30.9,30.9,30.95,26292519.0
2018-01-04 13:36:52.603000,30.9,30.9,30.95,26292519.0
2018-01-04 13:36:56.462000,30.9,30.9,30.95,26292519.0
2018-01-04 13:37:00.389000,30.9,30.9,30.95,26292519.0
2018-01-04 13:37:07.644000,30.9,30.9,30.95,26292519.0
2018-01-04 13:37:12.973000,30.9,30.9,30.95,26292519.0
2018-01-04 13:37:18.881000,30.9,30.9,30.95,26292519.0
2018-01-04 13:37:21.886000,30.9,30.9,30.95,26292519.0
2018-01-04 13:37:25.878000,30.9,30.9,30.95,26292519.0
2018-01-04 13:37:29.753000,30.9,30.9,30.95,26292519.0
2018-01-04 13:37:33.929000,30.9,30.9,30.95,26292519.0
2018-01-04 13:37:37.566000,30.9,30.9,30.95,26292759.0
2018-01-04 13:37:41.451000,30.9,30.9,30.95,26292759.0
2018-01-04 13:37:45.271000,30.9,30.9,30.95,26292759.0
2018-01-04 13:37:48.371000,30.9,30.9,30.95,26292759.0
2018-01-04 13:37:51.805000,30.9,30.9,30.95,26292759.0
2018-01-04 13:37:55.589000,30.9,30.9,30.95,26292759.0
2018-01-04 13:37:59.367000,30.9,30.9,30.95,26292759.0
2018-01-04 13:38:03.254000,30.9,30.9,30.95,26292759.0
2018-01-04 13:38:07,30.9,30.9,30.95,26292759.0
2018-01-04 13:38:10.593000,30.9,30.9,30.95,26292759.0
2018-01-04 13:38:14.124000,30.9,30.9,30.95,26292759.0
2018-01-04 13:38:21.483000,30.9,30.9,30.95,26292759.0
2018-01-04 13:38:25.052000,30.9,30.9,30.95,26292759.0
2018-01-04 13:38:29.073000,30.9,30.9,30.95,26292759.0
2018-01-04 13:38:32.463000,30.9,30.9,30.95,26292759.0
2018-01-04 13:38:35.751000,30.9,30.9,30.95,26292759.0
2018-01-04 13:38:39.676000,30.9,30.9,30.95,26292759.0
2018-01-04 13:38:43.209000,30.9,30.9,30.95,26292759.0
2018-01-04 13:38:47.200000,30.9,30.9,30.95,26292759.0
2018-01-04 13:38:51.163000,30.9,30.9,30.95,26292759.0
2018-01-04 13:38:54.912000,30.9,30.9,30.95,26292759.0
2018-01-04 13:38:58.982000,30.9,30.9,30.95,26292759.0
2018-01-04 13:39:02.800000,30.9,30.9,30.95,26292759.0
2018-01-04 13:39:09.078000,30.9,30.9,30.95,26292759.0
2018-01-04 13:39:16.841000,30.9,30.9,30.95,26292759.0
2018-01-04 13:39:22.433000,30.9,30.9,30.95,26292759.0
2018-01-04 13:39:26.180000,30.9,30.9,30.95,26292759.0
2018-01-04 13:39:31.006000,30.9,30.9,30.95,26292759.0
2018-01-04 13:39:34.818000,30.9,30.9,30.95,26292759.0
2018-01-04 13:39:38.422000,30.9,30.9,30.95,26292759.0
2018-01-04 13:39:42.043000,30.9,30.9,30.95,26292759.0
2018-01-04 13:39:45.404000,30.9,30.9,30.95,26292759.0
2018-01-04 13:39:49.376000,30.9,30.9,30.95,26292759.0
2018-01-04 13:39:53.380000,30.9,30.9,30.95,26292759.0
2018-01-04 13:39:56.768000,30.9,30.9,30.95,26292759.0
2018-01-04 13:40:00.585000,30.9,30.9,30.95,26292759.0
2018-01-04 13:40:05.021000,30.9,30.9,30.95,26292759.0
2018-01-04 13:40:10.042000,30.9,30.9,30.95,26292759.0
2018-01-04 13:40:13.853000,30.9,30.9,30.95,26292759.0
2018-01-04 13:40:17.332000,30.9,30.9,30.95,26292759.0
2018-01-04 13:40:23.367000,30.9,30.9,30.95,26292759.0
2018-01-04 13:40:26.939000,30.95,30.9,30.95,27168259.0
2018-01-04 13:40:30.782000,30.95,30.95,31.0,30274759.0
2018-01-04 13:40:34.660000,30.95,30.95,31.0,30274759.0
2018-01-04 13:40:38.464000,30.95,30.95,31.0,30274759.0
2018-01-04 13:40:42.456000,30.95,30.95,31.0,30274759.0
2018-01-04 13:40:45.467000,30.95,30.95,31.0,30274759.0
2018-01-04 13:40:49.485000,30.95,30.95,31.0,30274759.0
2018-01-04 13:40:53.017000,30.95,30.95,31.0,30274759.0
2018-01-04 13:40:56.824000,30.95,30.95,31.0,30274759.0
2018-01-04 13:41:00.366000,30.95,30.95,31.0,30274759.0
2018-01-04 13:41:04,30.95,30.95,31.0,30274759.0
2018-01-04 13:41:11.083000,30.95,30.95,31.0,30274759.0
2018-01-04 13:41:15.090000,30.95,30.95,31.0,30274759.0
2018-01-04 13:41:18.731000,30.95,30.95,31.0,30274759.0
2018-01-04 13:41:22.566000,30.95,30.95,31.0,30274759.0
2018-01-04 13:41:26.610000,30.95,30.95,31.0,30274759.0
2018-01-04 13:41:30.179000,30.95,30.95,31.0,30274759.0
2018-01-04 13:41:33.430000,30.95,30.95,31.0,30274759.0
2018-01-04 13:41:37.141000,30.95,30.95,31.0,30274759.0
2018-01-04 13:41:40.776000,30.95,30.9,30.95,30622259.0
2018-01-04 13:41:44.299000,30.95,30.9,30.95,30622259.0
2018-01-04 13:41:47.411000,30.95,30.9,30.95,30622259.0
2018-01-04 13:41:51.388000,30.95,30.9,30.95,30622259.0
2018-01-04 13:41:55.354000,30.95,30.9,30.95,30622259.0
2018-01-04 13:41:59.434000,30.95,30.9,30.95,30622259.0
2018-01-04 13:42:02.918000,30.95,30.9,30.95,30622259.0
2018-01-04 13:42:09.522000,30.95,30.9,30.95,30622259.0
2018-01-04 13:42:13.391000,30.95,30.9,30.95,30622259.0
2018-01-04 13:42:17.116000,30.95,30.9,30.95,30622259.0
2018-01-04 13:42:20.906000,30.95,30.9,30.95,30622259.0
2018-01-04 13:42:24.204000,30.95,30.9,30.95,30622259.0
2018-01-04 13:42:27.926000,30.95,30.9,30.95,30622259.0
2018-01-04 13:42:31.486000,30.95,30.9,30.95,30622259.0
2018-01-04 13:42:35.778000,30.95,30.9,30.95,30622622.0
2018-01-04 13:42:39.326000,30.95,30.9,30.95,30622622.0
2018-01-04 13:42:42.932000,30.95,30.9,30.95,30622622.0
2018-01-04 13:42:46.607000,30.95,30.9,30.95,30622622.0
2018-01-04 13:42:50.116000,30.95,30.9,30.95,30622622.0
2018-01-04 13:42:53.371000,30.95,30.9,30.95,30622622.0
2018-01-04 13:42:56.442000,30.95,30.9,30.95,30622622.0
2018-01-04 13:42:59.932000,30.95,30.9,30.95,30622622.0
2018-01-04 13:43:03.715000,30.95,30.9,30.95,30622622.0
2018-01-04 13:43:07.494000,30.95,30.9,30.95,30622622.0
2018-01-04 13:43:10.788000,30.95,30.9,30.95,30622622.0
2018-01-04 13:43:14.780000,30.95,30.9,30.95,30622622.0
2018-01-04 13:43:18.764000,30.95,30.9,30.95,30622622.0
2018-01-04 13:43:22.972000,30.95,30.9,30.95,30622622.0
2018-01-04 13:43:26.898000,30.95,30.9,30.95,30622622.0
2018-01-04 13:43:29.971000,30.95,30.9,30.95,30622622.0
2018-01-04 13:43:34.135000,30.95,30.9,30.95,30622622.0
2018-01-04 13:43:37.796000,30.95,30.9,30.95,30622622.0
2018-01-04 13:43:40.702000,30.95,30.9,30.95,30622622.0
2018-01-04 13:43:44.873000,30.95,30.9,30.95,30622622.0
2018-01-04 13:43:48.815000,30.95,30.9,30.95,30622622.0
2018-01-04 13:43:52.343000,30.95,30.9,30.95,30622622.0
2018-01-04 13:43:56.353000,30.95,30.9,30.95,30622622.0
2018-01-04 13:43:59.910000,30.95,30.9,30.95,30622622.0
2018-01-04 13:44:07.809000,30.9,30.9,30.95,30626994.0
2018-01-04 13:44:11.556000,30.9,30.9,30.95,30626994.0
2018-01-04 13:44:15.510000,30.9,30.9,30.95,30626994.0
2018-01-04 13:44:19.207000,30.9,30.9,30.95,30626994.0
2018-01-04 13:44:23.149000,30.9,30.9,30.95,30626994.0
2018-01-04 13:44:26.406000,30.9,30.9,30.95,30626994.0
2018-01-04 13:44:30.309000,30.9,30.9,30.95,30626994.0
2018-01-04 13:44:34.308000,30.9,30.9,30.95,30626994.0
2018-01-04 13:44:38.781000,30.9,30.9,30.95,30626994.0
2018-01-04 13:44:42.250000,30.9,30.9,30.95,30626994.0
2018-01-04 13:44:46.347000,30.9,30.9,30.95,30626994.0
2018-01-04 13:44:50.562000,30.9,30.9,30.95,30626994.0
2018-01-04 13:44:54.521000,30.9,30.9,30.95,30626994.0
2018-01-04 13:44:58.491000,30.9,30.9,30.95,30626994.0
2018-01-04 13:45:03.004000,30.9,30.9,30.95,30626994.0
2018-01-04 13:45:08.500000,30.9,30.9,30.95,30626994.0
2018-01-04 13:45:12.488000,30.9,30.9,30.95,30626994.0
2018-01-04 13:45:18.868000,30.9,30.9,30.95,30626994.0
2018-01-04 13:45:23.078000,30.9,30.9,30.95,30626994.0
2018-01-04 13:45:26.994000,30.9,30.9,30.95,30626994.0
2018-01-04 13:45:30.902000,30.9,30.9,30.95,30626994.0
2018-01-04 13:45:35.158000,30.9,30.9,30.95,30626994.0
2018-01-04 13:45:39.474000,30.9,30.9,30.95,30632474.0
2018-01-04 13:45:43.364000,30.9,30.9,30.95,30632474.0
2018-01-04 13:45:46.953000,30.9,30.9,30.95,30632474.0
2018-01-04 13:45:50.264000,30.9,30.9,30.95,30632474.0
2018-01-04 13:45:54.307000,30.9,30.9,30.95,30632474.0
2018-01-04 13:45:57.739000,30.9,30.9,30.95,30632474.0
2018-01-04 13:46:01.623000,30.9,30.9,30.95,30632474.0
2018-01-04 13:46:06.812000,30.9,30.9,30.95,30632474.0
2018-01-04 13:46:12.213000,30.9,30.9,30.95,30632474.0
2018-01-04 13:46:15.609000,30.9,30.9,30.95,30632474.0
2018-01-04 13:46:19.436000,30.9,30.9,30.95,30632474.0
2018-01-04 13:46:23.305000,30.9,30.9,30.95,30632474.0
2018-01-04 13:46:27.248000,30.9,30.9,30.95,30632474.0
2018-01-04 13:46:31.126000,30.9,30.9,30.95,30632474.0
2018-01-04 13:46:35.159000,30.9,30.9,30.95,30632474.0
2018-01-04 13:46:38.611000,30.9,30.9,30.95,30632474.0
2018-01-04 13:46:42.439000,30.9,30.9,30.95,30632474.0
2018-01-04 13:46:46.156000,30.9,30.9,30.95,30632474.0
2018-01-04 13:46:50.181000,30.9,30.9,30.95,30632474.0
2018-01-04 13:46:53.815000,30.9,30.9,30.95,30632474.0
2018-01-04 13:46:57.584000,30.95,30.9,30.95,30638974.0
2018-01-04 13:47:01.069000,30.95,30.9,30.95,30638974.0
2018-01-04 13:47:04.896000,30.95,30.9,30.95,30638974.0
2018-01-04 13:47:12.197000,30.95,30.9,30.95,30638974.0
2018-01-04 13:47:15.963000,30.95,30.9,30.95,30638974.0
2018-01-04 13:47:19.233000,30.95,30.9,30.95,30638974.0
2018-01-04 13:47:22.959000,30.95,30.9,30.95,30638974.0
2018-01-04 13:47:26.897000,30.95,30.9,30.95,30638974.0
2018-01-04 13:47:31.302000,30.95,30.9,30.95,30638974.0
2018-01-04 13:47:35.322000,30.95,30.95,31.0,30813974.0
2018-01-04 13:47:39.269000,30.95,30.9,30.95,33093974.0
2018-01-04 13:47:42.757000,30.95,30.9,30.95,33903974.0
2018-01-04 13:47:47.259000,30.95,30.9,30.95,33903974.0
2018-01-04 13:47:50.642000,30.95,30.9,30.95,33903974.0
2018-01-04 13:47:54.766000,30.95,30.9,30.95,33903974.0
2018-01-04 13:47:58.793000,30.95,30.9,30.95,33903974.0
2018-01-04 13:48:02.591000,30.95,30.9,30.95,33903974.0
2018-01-04 13:48:05.889000,30.95,30.9,30.95,33903974.0
2018-01-04 13:48:09.922000,30.95,30.9,30.95,33903974.0
2018-01-04 13:48:13.334000,30.95,30.9,30.95,33903974.0
2018-01-04 13:48:16.460000,30.95,30.9,30.95,33903974.0
2018-01-04 13:48:20.063000,30.95,30.9,30.95,33903974.0
2018-01-04 13:48:24.081000,30.95,30.9,30.95,33903974.0
2018-01-04 13:48:27.866000,30.95,30.9,30.95,33903974.0
2018-01-04 13:48:31.387000,30.95,30.9,30.95,33903974.0
2018-01-04 13:48:35.442000,30.95,30.9,30.95,33903974.0
2018-01-04 13:48:39.701000,30.95,30.9,30.95,33903974.0
2018-01-04 13:48:43.026000,30.95,30.9,30.95,34158474.0
2018-01-04 13:48:46.838000,30.95,30.9,30.95,34158474.0
2018-01-04 13:48:50.326000,30.95,30.9,30.95,34158474.0
2018-01-04 13:48:53.959000,30.95,30.9,30.95,34158474.0
2018-01-04 13:48:57.320000,30.95,30.9,30.95,34158474.0
2018-01-04 13:49:01.282000,30.95,30.9,30.95,34158474.0
2018-01-04 13:49:04.549000,30.95,30.9,30.95,34158474.0
2018-01-04 13:49:08.364000,30.95,30.9,30.95,34158474.0
2018-01-04 13:49:12.294000,30.95,30.9,30.95,34158474.0
2018-01-04 13:49:18.064000,30.95,30.9,30.95,34158474.0
2018-01-04 13:49:21.873000,30.95,30.9,30.95,34158474.0
2018-01-04 13:49:25.569000,30.95,30.9,30.95,34158474.0
2018-01-04 13:49:29.629000,30.95,30.9,30.95,34158474.0
2018-01-04 13:49:33.611000,30.95,30.9,30.95,34158474.0
2018-01-04 13:49:37.186000,30.95,30.9,30.95,34158474.0
2018-01-04 13:49:40.411000,30.95,30.9,30.95,34158474.0
2018-01-04 13:49:44.299000,30.95,30.9,30.95,34158474.0
2018-01-04 13:49:47.836000,30.95,30.9,30.95,34158474.0
2018-01-04 13:49:51.963000,30.95,30.9,30.95,34158474.0
2018-01-04 13:49:55.325000,30.95,30.9,30.95,34158474.0
2018-01-04 13:49:59.403000,30.95,30.9,30.95,34158474.0
2018-01-04 13:50:02.899000,30.95,30.9,30.95,34158474.0
2018-01-04 13:50:10.945000,30.95,30.9,30.95,34158474.0
2018-01-04 13:50:17.161000,30.95,30.9,30.95,34158474.0
2018-01-04 13:50:20.709000,30.95,30.9,30.95,34158474.0
2018-01-04 13:50:24.631000,30.95,30.9,30.95,34158474.0
2018-01-04 13:50:28.564000,30.95,30.9,30.95,34158474.0
2018-01-04 13:50:32.219000,30.95,30.95,31.0,34512974.0
2018-01-04 13:50:36.256000,30.95,30.95,31.0,34512974.0
2018-01-04 13:50:40.275000,30.95,30.95,31.0,34512974.0
2018-01-04 13:50:44.028000,30.95,30.95,31.0,34512974.0
2018-01-04 13:50:47.767000,30.95,30.95,31.0,34512974.0
2018-01-04 13:50:52.688000,30.95,30.9,30.95,35043974.0
2018-01-04 13:50:55.929000,30.95,30.9,30.95,35043974.0
2018-01-04 13:50:59.564000,30.95,30.9,30.95,35043974.0
2018-01-04 13:51:03.369000,30.95,30.9,30.95,35043974.0
2018-01-04 13:51:10.544000,30.95,30.9,30.95,35043974.0
2018-01-04 13:51:15.590000,30.95,30.9,30.95,35043974.0
2018-01-04 13:51:19.524000,30.95,30.9,30.95,35043974.0
2018-01-04 13:51:23.481000,30.95,30.9,30.95,35043974.0
2018-01-04 13:51:27.423000,30.95,30.9,30.95,35043974.0
2018-01-04 13:51:31.125000,30.95,30.9,30.95,35043974.0
2018-01-04 13:51:34.517000,30.95,30.9,30.95,35043974.0
2018-01-04 13:51:38.158000,30.95,30.9,30.95,35043974.0
2018-01-04 13:51:42.017000,30.95,30.9,30.95,35043974.0
2018-01-04 13:51:45.567000,30.95,30.9,30.95,35261474.0
2018-01-04 13:51:49.682000,30.95,30.9,30.95,35261474.0
2018-01-04 13:51:53.123000,30.95,30.9,30.95,35261474.0
2018-01-04 13:51:57.043000,30.95,30.9,30.95,35261474.0
2018-01-04 13:52:00.490000,30.95,30.9,30.95,35261474.0
2018-01-04 13:52:03.852000,30.95,30.9,30.95,35261474.0
2018-01-04 13:52:09.012000,30.95,30.9,30.95,35261474.0
2018-01-04 13:52:15.915000,30.95,30.9,31.0,35989474.0
2018-01-04 13:52:20.091000,30.95,30.9,31.0,35989474.0
2018-01-04 13:52:23.519000,30.95,30.9,31.0,35989474.0
2018-01-04 13:52:27.491000,30.95,30.9,31.0,35989474.0
2018-01-04 13:52:31.398000,30.95,30.9,31.0,35989474.0
2018-01-04 13:52:35.430000,30.95,30.9,31.0,35989474.0
2018-01-04 13:52:39.786000,30.95,30.9,31.0,35989474.0
2018-01-04 13:52:43.489000,30.95,30.9,31.0,35989474.0
2018-01-04 13:52:47.065000,30.95,30.9,31.0,35989474.0
2018-01-04 13:52:50.933000,30.95,30.9,31.0,35989474.0
2018-01-04 13:52:54.808000,30.95,30.9,31.0,35989474.0
2018-01-04 13:52:58.368000,30.95,30.9,30.95,36385974.0
2018-01-04 13:53:02.019000,30.95,30.9,30.95,36385974.0
2018-01-04 13:53:05.678000,30.95,30.9,30.95,36385974.0
2018-01-04 13:53:10.078000,30.95,30.9,30.95,36385974.0
2018-01-04 13:53:13.950000,30.95,30.9,30.95,36385974.0
2018-01-04 13:53:17.698000,30.95,30.9,30.95,36385974.0
2018-01-04 13:53:21.242000,30.95,30.9,30.95,36385974.0
2018-01-04 13:53:25.167000,30.95,30.9,30.95,36385974.0
2018-01-04 13:53:29.005000,30.95,30.9,30.95,36541474.0
2018-01-04 13:53:33.014000,30.95,30.9,30.95,36541474.0
2018-01-04 13:53:36.608000,30.95,30.9,30.95,36541474.0
2018-01-04 13:53:41.084000,30.95,30.9,30.95,36541474.0
2018-01-04 13:53:44.764000,30.95,30.9,30.95,36541474.0
2018-01-04 13:53:48.505000,30.95,30.9,30.95,37253974.0
2018-01-04 13:53:51.998000,30.95,30.9,30.95,37253974.0
2018-01-04 13:53:55.870000,30.95,30.9,30.95,37253974.0
2018-01-04 13:53:59.813000,30.95,30.9,30.95,37253974.0
2018-01-04 13:54:03.501000,30.95,30.9,30.95,37253974.0
2018-01-04 13:54:09.017000,30.95,30.9,30.95,37253974.0
2018-01-04 13:54:13.114000,30.95,30.9,30.95,37253974.0
2018-01-04 13:54:20.648000,30.95,30.9,30.95,37253974.0
2018-01-04 13:54:24.718000,30.95,30.9,30.95,37253974.0
2018-01-04 13:54:28.376000,30.95,30.9,30.95,37253974.0
2018-01-04 13:54:32.432000,30.95,30.9,30.95,37253974.0
2018-01-04 13:54:36.082000,30.95,30.9,30.95,37253974.0
2018-01-04 13:54:40.162000,30.95,30.9,30.95,37253974.0
2018-01-04 13:54:43.948000,30.95,30.95,31.0,37562974.0
2018-01-04 13:54:48.062000,30.95,30.95,31.0,37562974.0
2018-01-04 13:54:51.485000,30.95,30.95,31.0,37562974.0
2018-01-04 13:54:55.684000,30.95,30.95,31.0,37562974.0
2018-01-04 13:54:59.996000,30.95,30.95,31.0,37562974.0
2018-01-04 13:55:03.350000,30.95,30.95,31.0,37562974.0
2018-01-04 13:55:06.675000,30.95,30.95,31.0,37562974.0
2018-01-04 13:55:10.509000,30.95,30.95,31.0,37562974.0
2018-01-04 13:55:15.018000,30.95,30.95,31.0,37562974.0
2018-01-04 13:55:18.932000,30.95,30.95,31.0,37562974.0
2018-01-04 13:55:22.583000,30.95,30.95,31.0,37562974.0
2018-01-04 13:55:26.449000,30.95,30.95,31.0,37562974.0
2018-01-04 13:55:29.719000,30.95,30.95,31.0,37562974.0
2018-01-04 13:55:33.591000,30.95,30.95,31.0,37562974.0
2018-01-04 13:55:37.727000,30.95,30.95,31.0,37562974.0
2018-01-04 13:55:41.590000,30.95,30.95,31.0,37562974.0
2018-01-04 13:55:44.991000,30.95,30.95,31.0,37562974.0
2018-01-04 13:55:48.489000,30.95,30.95,31.0,37562974.0
2018-01-04 13:55:51.916000,30.95,30.95,31.0,37562974.0
2018-01-04 13:55:55.820000,30.95,30.95,31.0,37562974.0
2018-01-04 13:56:00.186000,30.95,30.95,31.0,37562974.0
2018-01-04 13:56:04.084000,30.95,30.95,31.0,37562974.0
2018-01-04 13:56:11.311000,30.95,30.95,31.0,37562974.0
2018-01-04 13:56:15.623000,30.95,30.95,31.0,37562974.0
2018-01-04 13:56:21.385000,30.95,30.95,31.0,37568974.0
2018-01-04 13:56:27.979000,30.95,30.95,31.0,37568974.0
2018-01-04 13:56:33.583000,30.95,30.95,31.0,37568974.0
2018-01-04 13:56:37.248000,30.95,30.95,31.0,37568974.0
2018-01-04 13:56:40.458000,30.95,30.95,31.0,37568974.0
2018-01-04 13:56:44.515000,30.95,30.95,31.0,37568974.0
2018-01-04 13:56:48.391000,30.95,30.95,31.0,37568974.0
2018-01-04 13:56:52.376000,30.95,30.95,31.0,37568974.0
2018-01-04 13:56:56.345000,30.95,30.95,31.0,37568974.0
2018-01-04 13:57:00.187000,30.95,30.95,31.0,37568974.0
2018-01-04 13:57:07.281000,30.95,30.95,31.0,37568974.0
2018-01-04 13:57:10.852000,30.95,30.95,31.0,37568974.0
2018-01-04 13:57:14.497000,30.95,30.95,31.0,37568974.0
2018-01-04 13:57:20.488000,31.0,30.95,31.0,37580974.0
2018-01-04 13:57:24.385000,31.0,30.95,31.0,37580974.0
2018-01-04 13:57:28.366000,31.0,30.95,31.0,37580974.0
2018-01-04 13:57:32.442000,31.0,30.95,31.0,37580974.0
2018-01-04 13:57:36.612000,31.0,30.95,31.0,37580974.0
2018-01-04 13:57:40.697000,31.0,30.95,31.0,37580974.0
2018-01-04 13:57:43.973000,31.0,30.95,31.0,37580974.0
2018-01-04 13:57:47.577000,31.0,30.95,31.0,37580974.0
2018-01-04 13:57:51.347000,31.0,30.95,31.0,37580974.0
2018-01-04 13:57:55.191000,31.0,30.95,31.0,37580974.0
2018-01-04 13:57:59.191000,31.0,30.95,31.0,37580974.0
2018-01-04 13:58:03.183000,31.0,30.95,31.0,37580974.0
2018-01-04 13:58:06.929000,31.0,30.95,31.0,37580974.0
2018-01-04 13:58:10.952000,31.0,30.95,31.0,37580974.0
2018-01-04 13:58:14.707000,31.0,30.95,31.0,37580974.0
2018-01-04 13:58:18.531000,30.95,30.95,31.0,37689974.0
2018-01-04 13:58:22.175000,30.95,30.95,31.0,37689974.0
2018-01-04 13:58:26.061000,30.95,30.95,31.0,37689974.0
2018-01-04 13:58:30.522000,30.95,30.9,31.0,38114474.0
2018-01-04 13:58:34.190000,30.95,30.9,31.0,38114474.0
2018-01-04 13:58:37.459000,30.95,30.9,31.0,38114474.0
2018-01-04 13:58:41.629000,30.95,30.9,31.0,38114474.0
2018-01-04 13:58:45.660000,30.95,30.9,31.0,38114474.0
2018-01-04 13:58:49.318000,30.95,30.9,31.0,38114474.0
2018-01-04 13:58:52.927000,30.95,30.9,31.0,38114474.0
2018-01-04 13:58:57.101000,30.95,30.9,31.0,38114474.0
2018-01-04 13:59:00.773000,30.95,30.9,31.0,38114474.0
2018-01-04 13:59:04.585000,30.95,30.9,31.0,38114474.0
2018-01-04 13:59:11.285000,30.95,30.9,31.0,38114474.0
2018-01-04 13:59:18.081000,30.95,30.9,31.0,38114474.0
2018-01-04 13:59:22.108000,30.95,30.9,31.0,38114474.0
2018-01-04 13:59:25.858000,30.95,30.9,31.0,38114474.0
2018-01-04 13:59:30.146000,30.95,30.95,31.0,38715474.0
2018-01-04 13:59:33.567000,30.95,30.95,31.0,38715474.0
2018-01-04 13:59:37.309000,30.95,30.95,31.0,38715474.0
2018-01-04 13:59:40.553000,30.95,30.95,31.0,38715474.0
2018-01-04 13:59:44.028000,30.95,30.95,31.0,38715474.0
2018-01-04 13:59:48.169000,30.95,30.95,31.0,38715474.0
2018-01-04 13:59:52.175000,30.95,30.95,31.0,38715474.0
2018-01-04 13:59:55.763000,30.95,30.95,31.0,38715474.0
2018-01-04 13:59:59.261000,30.95,30.95,31.0,38715474.0
2018-01-04 14:00:02.586000,30.95,30.95,31.0,38715474.0
2018-01-04 14:00:07.483000,30.95,30.95,31.0,38715474.0
2018-01-04 14:00:10.629000,30.95,30.95,31.0,38715474.0
2018-01-04 14:00:14.780000,30.95,30.95,31.0,38715474.0
2018-01-04 14:00:21.773000,30.95,30.95,31.0,38715474.0
2018-01-04 14:00:25.711000,30.95,30.95,31.0,38715474.0
2018-01-04 14:00:29.732000,30.95,30.95,31.0,38715474.0
2018-01-04 14:00:34.094000,30.95,30.95,31.0,38715474.0
2018-01-04 14:00:37.952000,30.95,30.95,31.0,38715474.0
2018-01-04 14:00:42.037000,30.95,30.95,31.0,38715474.0
2018-01-04 14:00:46.493000,30.95,30.95,31.0,38715474.0
2018-01-04 14:00:49.879000,30.95,30.95,31.0,38715474.0
2018-01-04 14:00:53.669000,30.95,30.95,31.0,38715474.0
2018-01-04 14:00:57.734000,30.95,30.95,31.0,38715474.0
2018-01-04 14:01:01.805000,30.95,30.95,31.0,38715474.0
2018-01-04 14:01:05.503000,30.95,30.95,31.0,38715474.0
2018-01-04 14:01:09.212000,30.95,30.95,31.0,38715474.0
2018-01-04 14:01:12.560000,30.95,30.95,31.0,38715474.0
2018-01-04 14:01:18.697000,30.95,30.95,31.0,38715474.0
2018-01-04 14:01:23.858000,30.9,30.9,30.95,39025974.0
2018-01-04 14:01:28.064000,30.9,30.9,30.95,39025974.0
2018-01-04 14:01:32.309000,30.9,30.9,30.95,39025974.0
2018-01-04 14:01:36.330000,30.9,30.9,30.95,39025974.0
2018-01-04 14:01:40.189000,30.9,30.9,30.95,39025974.0
2018-01-04 14:01:44.209000,30.9,30.9,30.95,39025974.0
2018-01-04 14:01:48.270000,30.9,30.9,30.95,39025974.0
2018-01-04 14:01:52.275000,30.9,30.9,30.95,39025974.0
2018-01-04 14:01:56.280000,30.9,30.9,30.95,39025974.0
2018-01-04 14:02:00.653000,30.9,30.9,30.95,39025974.0
2018-01-04 14:02:06.785000,30.9,30.9,30.95,39025974.0
2018-01-04 14:02:11.029000,30.9,30.9,30.95,39025974.0
2018-01-04 14:02:14.779000,30.9,30.9,30.95,39025974.0
2018-01-04 14:02:18.301000,30.9,30.9,30.95,39025974.0
2018-01-04 14:02:22.450000,30.9,30.9,30.95,39025974.0
2018-01-04 14:02:26.067000,30.9,30.9,30.95,39025974.0
2018-01-04 14:02:29.792000,30.9,30.9,30.95,39025974.0
2018-01-04 14:02:33.631000,30.9,30.9,30.95,39025974.0
2018-01-04 14:02:37.547000,30.9,30.9,30.95,39025974.0
2018-01-04 14:02:41.168000,30.9,30.9,30.95,39025974.0
2018-01-04 14:02:45.119000,30.9,30.9,30.95,39025974.0
2018-01-04 14:02:49.215000,30.9,30.9,30.95,39025974.0
2018-01-04 14:02:53.315000,30.9,30.9,30.95,39025974.0
2018-01-04 14:02:56.588000,30.9,30.9,30.95,39025974.0
2018-01-04 14:03:00.084000,30.9,30.9,30.95,39025974.0
2018-01-04 14:03:03.810000,30.9,30.9,30.95,39025974.0
2018-01-04 14:03:07.373000,30.9,30.9,30.95,39025974.0
2018-01-04 14:03:10.953000,30.9,30.9,30.95,39025974.0
2018-01-04 14:03:14.729000,30.9,30.9,30.95,39025974.0
2018-01-04 14:03:18.440000,30.9,30.9,30.95,39025974.0
2018-01-04 14:03:22.254000,30.9,30.9,30.95,39025974.0
2018-01-04 14:03:26.282000,30.9,30.9,30.95,39026974.0
2018-01-04 14:03:29.767000,30.9,30.9,30.95,39026974.0
2018-01-04 14:03:34.139000,30.9,30.9,30.95,39026974.0
2018-01-04 14:03:38.082000,30.9,30.9,30.95,39026974.0
2018-01-04 14:03:42.217000,30.9,30.9,30.95,39026974.0
2018-01-04 14:03:46.246000,30.9,30.9,30.95,39026974.0
2018-01-04 14:03:50.426000,30.9,30.9,30.95,39026974.0
2018-01-04 14:03:53.918000,30.9,30.9,30.95,39026974.0
2018-01-04 14:03:57.828000,30.9,30.9,30.95,39026974.0
2018-01-04 14:04:01.011000,30.9,30.9,30.95,39026974.0
2018-01-04 14:04:04.697000,30.9,30.9,30.95,39026974.0
2018-01-04 14:04:11.340000,30.9,30.9,30.95,39026974.0
2018-01-04 14:04:15.077000,30.9,30.9,30.95,39026974.0
2018-01-04 14:04:19.270000,30.9,30.9,30.95,39026974.0
2018-01-04 14:04:22.922000,30.9,30.9,30.95,39026974.0
2018-01-04 14:04:27.200000,30.9,30.9,30.95,39026974.0
2018-01-04 14:04:31.318000,30.9,30.9,30.95,39026974.0
2018-01-04 14:04:35.127000,30.9,30.9,30.95,39026974.0
2018-01-04 14:04:39.164000,30.9,30.9,30.95,39026974.0
2018-01-04 14:04:43.042000,30.9,30.9,30.95,39026974.0
2018-01-04 14:04:46.379000,30.9,30.9,30.95,39026974.0
2018-01-04 14:04:50.234000,30.9,30.9,30.95,39026974.0
2018-01-04 14:04:54.222000,30.9,30.9,30.95,39026974.0
2018-01-04 14:04:57.828000,30.9,30.9,30.95,39026974.0
2018-01-04 14:05:02.029000,30.9,30.9,30.95,39027081.0
2018-01-04 14:05:05.506000,30.9,30.9,30.95,39027081.0
2018-01-04 14:05:09.979000,30.9,30.9,30.95,39027081.0
2018-01-04 14:05:14.022000,30.9,30.9,30.95,39027081.0
2018-01-04 14:05:17.637000,30.9,30.9,30.95,39027081.0
2018-01-04 14:05:21.588000,30.9,30.9,30.95,39027081.0
2018-01-04 14:05:25.615000,30.9,30.9,30.95,39027081.0
2018-01-04 14:05:29.576000,30.9,30.9,30.95,39027081.0
2018-01-04 14:05:33.599000,30.9,30.9,30.95,39027081.0
2018-01-04 14:05:37.321000,30.9,30.9,30.95,39027081.0
2018-01-04 14:05:41.044000,30.9,30.9,30.95,39027081.0
2018-01-04 14:05:44.597000,30.9,30.9,30.95,39027081.0
2018-01-04 14:05:48.560000,30.9,30.9,30.95,39027081.0
2018-01-04 14:05:52.278000,30.9,30.9,30.95,39027081.0
2018-01-04 14:05:56.218000,30.9,30.9,30.95,39027081.0
2018-01-04 14:05:59.841000,30.9,30.9,30.95,39027081.0
2018-01-04 14:06:03.523000,30.9,30.9,30.95,39027081.0
2018-01-04 14:06:07.580000,30.9,30.9,30.95,39027081.0
2018-01-04 14:06:11.420000,30.9,30.9,30.95,39027081.0
2018-01-04 14:06:19.529000,30.9,30.9,30.95,39027081.0
2018-01-04 14:06:23.543000,30.9,30.9,30.95,39027081.0
2018-01-04 14:06:27.425000,30.9,30.9,30.95,39027081.0
2018-01-04 14:06:31.330000,30.9,30.9,30.95,39027081.0
2018-01-04 14:06:35.397000,30.9,30.9,30.95,39027081.0
2018-01-04 14:06:38.639000,30.9,30.9,30.95,39027081.0
2018-01-04 14:06:42.204000,30.9,30.9,30.95,39027081.0
2018-01-04 14:06:45.500000,30.9,30.9,30.95,39027081.0
2018-01-04 14:06:49.551000,30.9,30.9,30.95,39027081.0
2018-01-04 14:06:53.266000,30.9,30.9,30.95,39027081.0
2018-01-04 14:06:56.694000,30.9,30.9,30.95,39028081.0
2018-01-04 14:07:00.918000,30.9,30.9,30.95,39028081.0
2018-01-04 14:07:04.456000,30.9,30.9,30.95,39028081.0
2018-01-04 14:07:08.485000,30.9,30.9,30.95,39028081.0
2018-01-04 14:07:12.118000,30.9,30.9,30.95,39028081.0
2018-01-04 14:07:16.046000,30.9,30.9,30.95,39028081.0
2018-01-04 14:07:20.027000,30.9,30.9,30.95,39028081.0
2018-01-04 14:07:23.574000,30.9,30.9,30.95,39028081.0
2018-01-04 14:07:27.719000,30.9,30.9,30.95,39028081.0
2018-01-04 14:07:31.582000,30.9,30.9,30.95,39028081.0
2018-01-04 14:07:34.994000,30.9,30.9,30.95,39028081.0
2018-01-04 14:07:38.828000,30.9,30.9,30.95,39028081.0
2018-01-04 14:07:42.328000,30.9,30.9,30.95,39028081.0
2018-01-04 14:07:46.342000,30.9,30.9,30.95,39028081.0
2018-01-04 14:07:50.079000,30.9,30.9,30.95,39028081.0
2018-01-04 14:07:53.764000,30.9,30.9,30.95,39028081.0
2018-01-04 14:07:57.387000,30.9,30.9,30.95,39028081.0
2018-01-04 14:08:00.977000,30.9,30.9,30.95,39028081.0
2018-01-04 14:08:08.059000,30.9,30.9,30.95,39028081.0
2018-01-04 14:08:12.341000,30.9,30.9,30.95,39028081.0
2018-01-04 14:08:18.255000,30.9,30.9,30.95,39028081.0
2018-01-04 14:08:22.149000,30.9,30.9,30.95,39028081.0
2018-01-04 14:08:26.084000,30.9,30.9,30.95,39028081.0
2018-01-04 14:08:30.010000,30.9,30.9,30.95,39028081.0
2018-01-04 14:08:33.742000,30.9,30.9,30.95,39028081.0
2018-01-04 14:08:37.120000,30.9,30.9,30.95,39028081.0
2018-01-04 14:08:41.361000,30.9,30.9,30.95,39028081.0
2018-01-04 14:08:44.773000,30.9,30.9,30.95,39028081.0
2018-01-04 14:08:48.574000,30.95,30.9,30.95,39035581.0
2018-01-04 14:08:53.208000,30.95,30.9,30.95,39035581.0
2018-01-04 14:08:57.138000,30.95,30.9,30.95,39035581.0
2018-01-04 14:09:00.640000,30.95,30.9,30.95,39035581.0
2018-01-04 14:09:04.838000,30.95,30.9,30.95,39035581.0
2018-01-04 14:09:10.807000,30.9,30.9,30.95,40149581.0
2018-01-04 14:09:14.771000,30.9,30.9,30.95,40149581.0
2018-01-04 14:09:22.989000,30.9,30.9,30.95,40149581.0
2018-01-04 14:09:26.889000,30.9,30.9,30.95,40149581.0
2018-01-04 14:09:30.674000,30.9,30.9,30.95,40149581.0
2018-01-04 14:09:34.726000,30.9,30.9,30.95,40149581.0
2018-01-04 14:09:38.278000,30.9,30.9,30.95,40149581.0
2018-01-04 14:09:41.960000,30.9,30.9,30.95,40149581.0
2018-01-04 14:09:45.822000,30.9,30.9,30.95,40149581.0
2018-01-04 14:09:49.398000,30.9,30.9,30.95,40149581.0
2018-01-04 14:09:53.475000,30.9,30.9,30.95,40149581.0
2018-01-04 14:09:57.402000,30.9,30.9,30.95,40149581.0
2018-01-04 14:10:01.668000,30.9,30.9,30.95,40149581.0
2018-01-04 14:10:05.120000,30.9,30.9,30.95,40149581.0
2018-01-04 14:10:09.817000,30.9,30.9,30.95,40149581.0
2018-01-04 14:10:17.456000,30.9,30.9,30.95,40149581.0
2018-01-04 14:10:21.609000,30.9,30.9,30.95,40149581.0
2018-01-04 14:10:25.457000,30.9,30.9,30.95,40149581.0
2018-01-04 14:10:29.168000,30.9,30.9,30.95,40149581.0
2018-01-04 14:10:33.138000,30.9,30.9,30.95,40149581.0
2018-01-04 14:10:37.131000,30.9,30.9,30.95,40149581.0
2018-01-04 14:10:41.119000,30.9,30.9,30.95,40149581.0
2018-01-04 14:10:45.008000,30.9,30.9,30.95,40149581.0
2018-01-04 14:10:48.791000,30.9,30.9,30.95,40149581.0
2018-01-04 14:10:51.884000,30.9,30.9,30.95,40149581.0
2018-01-04 14:10:55.529000,30.9,30.85,30.9,40525081.0
2018-01-04 14:10:59.384000,30.9,30.85,30.9,40525081.0
2018-01-04 14:11:02.991000,30.9,30.85,30.9,40525081.0
2018-01-04 14:11:06.839000,30.9,30.85,30.9,40525081.0
2018-01-04 14:11:10.636000,30.9,30.85,30.9,40525081.0
2018-01-04 14:11:14.091000,30.9,30.85,30.9,40525081.0
2018-01-04 14:11:17.950000,30.9,30.85,30.9,40525081.0
2018-01-04 14:11:21.765000,30.9,30.85,30.9,40525081.0
2018-01-04 14:11:25.574000,30.9,30.85,30.9,40525081.0
2018-01-04 14:11:28.890000,30.9,30.85,30.9,40525081.0
2018-01-04 14:11:32.834000,30.9,30.85,30.9,40525081.0
2018-01-04 14:11:36.393000,30.9,30.85,30.9,40525081.0
2018-01-04 14:11:40.454000,30.9,30.85,30.9,40525081.0
2018-01-04 14:11:44.245000,30.9,30.85,30.9,40525081.0
2018-01-04 14:11:48.346000,30.9,30.85,30.9,40525081.0
2018-01-04 14:11:51.977000,30.9,30.85,30.9,40525081.0
2018-01-04 14:11:55.591000,30.9,30.85,30.9,40525081.0
2018-01-04 14:11:59.333000,30.9,30.85,30.9,40525081.0
2018-01-04 14:12:03.444000,30.9,30.85,30.9,40525081.0
2018-01-04 14:12:08.986000,30.9,30.85,30.9,40525081.0
2018-01-04 14:12:12.883000,30.9,30.85,30.9,40525081.0
2018-01-04 14:12:15.585000,30.9,30.85,30.9,40525081.0
2018-01-04 14:12:18.659000,30.9,30.85,30.9,40690581.0
2018-01-04 14:12:22.476000,30.9,30.85,30.9,40690581.0
2018-01-04 14:12:26.244000,30.9,30.85,30.9,40690581.0
2018-01-04 14:12:29.577000,30.9,30.85,30.9,40690581.0
2018-01-04 14:12:32.680000,30.9,30.85,30.9,40690581.0
2018-01-04 14:12:35.880000,30.9,30.85,30.9,40690581.0
2018-01-04 14:12:39.246000,30.9,30.85,30.9,40690581.0
2018-01-04 14:12:43.148000,30.9,30.85,30.9,40690581.0
2018-01-04 14:12:47.098000,30.9,30.85,30.9,40690581.0
2018-01-04 14:12:50.629000,30.9,30.85,30.9,40690581.0
2018-01-04 14:12:54.369000,30.9,30.85,30.9,40690581.0
2018-01-04 14:12:58.118000,30.9,30.85,30.9,40690581.0
2018-01-04 14:13:01.953000,30.9,30.85,30.9,40690581.0
2018-01-04 14:13:05.947000,30.9,30.85,30.9,40690581.0
2018-01-04 14:13:08.972000,30.9,30.85,30.9,40690581.0
2018-01-04 14:13:12.721000,30.9,30.85,30.9,40690581.0
2018-01-04 14:13:16.424000,30.9,30.85,30.9,40690581.0
2018-01-04 14:13:20.524000,30.9,30.85,30.9,40690581.0
2018-01-04 14:13:24.091000,30.9,30.85,30.9,40690581.0
2018-01-04 14:13:28.143000,30.9,30.85,30.9,40690581.0
2018-01-04 14:13:32.068000,30.9,30.85,30.9,40690581.0
2018-01-04 14:13:35.785000,30.9,30.85,30.9,40690581.0
2018-01-04 14:13:39.890000,30.9,30.85,30.9,40690581.0
2018-01-04 14:13:44.585000,30.9,30.85,30.9,40690581.0
2018-01-04 14:13:48.545000,30.9,30.85,30.9,40690581.0
2018-01-04 14:13:52.146000,30.9,30.85,30.9,40690581.0
2018-01-04 14:13:56.376000,30.9,30.85,30.9,40690581.0
2018-01-04 14:13:59.839000,30.9,30.85,30.9,40690581.0
2018-01-04 14:14:03.302000,30.9,30.85,30.9,40690581.0
2018-01-04 14:14:07.094000,30.9,30.85,30.9,40693581.0
2018-01-04 14:14:11.097000,30.9,30.85,30.9,40693581.0
2018-01-04 14:14:16.686000,30.9,30.85,30.9,40693581.0
2018-01-04 14:14:20.558000,30.9,30.85,30.9,40693581.0
2018-01-04 14:14:24.761000,30.9,30.85,30.9,40693581.0
2018-01-04 14:14:28.092000,30.9,30.85,30.9,40693581.0
2018-01-04 14:14:32.178000,30.9,30.85,30.9,40693581.0
2018-01-04 14:14:35.917000,30.9,30.85,30.9,40693581.0
2018-01-04 14:14:39.913000,30.9,30.85,30.9,40693581.0
2018-01-04 14:14:43.601000,30.9,30.85,30.9,40693581.0
2018-01-04 14:14:47.858000,30.9,30.85,30.9,40693581.0
2018-01-04 14:14:51.927000,30.9,30.85,30.9,40693581.0
2018-01-04 14:14:55.296000,30.9,30.85,30.9,40693581.0
2018-01-04 14:14:59.024000,30.9,30.85,30.9,40693581.0
2018-01-04 14:15:03.246000,30.9,30.85,30.9,40693581.0
2018-01-04 14:15:07.446000,30.9,30.85,30.9,40693581.0
2018-01-04 14:15:10.910000,30.9,30.85,30.9,40693581.0
2018-01-04 14:15:14.527000,30.9,30.85,30.9,40693581.0
2018-01-04 14:15:18.174000,30.9,30.85,30.9,40693581.0
2018-01-04 14:15:22.024000,30.9,30.85,30.9,40693581.0
2018-01-04 14:15:27.030000,30.9,30.85,30.9,40693581.0
2018-01-04 14:15:29.843000,30.9,30.85,30.9,40693581.0
2018-01-04 14:15:33.640000,30.9,30.85,30.9,40693581.0
2018-01-04 14:15:37.814000,30.9,30.85,30.9,40693581.0
2018-01-04 14:15:41.234000,30.9,30.85,30.9,40693581.0
2018-01-04 14:15:44.918000,30.85,30.85,30.9,40703581.0
2018-01-04 14:15:49.603000,30.85,30.85,30.9,40703581.0
2018-01-04 14:15:53.623000,30.85,30.85,30.9,40703581.0
2018-01-04 14:15:57.514000,30.85,30.85,30.9,40703581.0
2018-01-04 14:16:00.976000,30.85,30.85,30.9,40703581.0
2018-01-04 14:16:04.815000,30.85,30.85,30.9,40703581.0
2018-01-04 14:16:08.794000,30.85,30.85,30.9,40703581.0
2018-01-04 14:16:12.730000,30.85,30.85,30.9,40703581.0
2018-01-04 14:16:16.463000,30.85,30.85,30.9,40703581.0
2018-01-04 14:16:20.678000,30.85,30.85,30.9,40703581.0
2018-01-04 14:16:23.671000,30.85,30.85,30.9,40703581.0
2018-01-04 14:16:27.464000,30.85,30.85,30.9,40703581.0
2018-01-04 14:16:30.856000,30.85,30.85,30.9,40703581.0
2018-01-04 14:16:34.676000,30.85,30.85,30.9,40703581.0
2018-01-04 14:16:38.284000,30.85,30.85,30.9,40703581.0
2018-01-04 14:16:42.138000,30.85,30.85,30.9,40703581.0
2018-01-04 14:16:46.089000,30.85,30.85,30.9,40703581.0
2018-01-04 14:16:50.002000,30.85,30.85,30.9,40703581.0
2018-01-04 14:16:53.471000,30.85,30.85,30.9,40703581.0
2018-01-04 14:16:57.461000,30.85,30.85,30.9,40705681.0
2018-01-04 14:17:00.655000,30.85,30.85,30.9,40705681.0
2018-01-04 14:17:04.782000,30.85,30.85,30.9,40705681.0
2018-01-04 14:17:08.829000,30.85,30.85,30.9,40705681.0
2018-01-04 14:17:12.672000,30.85,30.85,30.9,40705681.0
2018-01-04 14:17:20.049000,30.85,30.85,30.9,40705681.0
2018-01-04 14:17:23.749000,30.85,30.85,30.9,40705681.0
2018-01-04 14:17:27.587000,30.85,30.85,30.9,40705681.0
2018-01-04 14:17:31.576000,30.85,30.85,30.9,40705681.0
2018-01-04 14:17:35.579000,30.85,30.85,30.9,40705681.0
2018-01-04 14:17:39.529000,30.85,30.85,30.9,40705681.0
2018-01-04 14:17:42.813000,30.85,30.85,30.9,40705681.0
2018-01-04 14:17:46.970000,30.85,30.85,30.9,40705681.0
2018-01-04 14:17:50.085000,30.85,30.85,30.9,40705681.0
2018-01-04 14:17:53.743000,30.85,30.85,30.9,40705681.0
2018-01-04 14:17:57.552000,30.85,30.85,30.9,40705681.0
2018-01-04 14:18:01.293000,30.85,30.85,30.9,40705681.0
2018-01-04 14:18:10.933000,30.85,30.85,30.9,40705681.0
2018-01-04 14:18:14.931000,30.85,30.85,30.9,40705681.0
2018-01-04 14:18:21.698000,30.85,30.85,30.9,40705681.0
2018-01-04 14:18:25.387000,30.85,30.85,30.9,40705681.0
2018-01-04 14:18:28.980000,30.85,30.85,30.9,40705681.0
2018-01-04 14:18:32.688000,30.85,30.85,30.9,40705681.0
2018-01-04 14:18:37.007000,30.85,30.85,30.9,40705681.0
2018-01-04 14:18:41.200000,30.85,30.85,30.9,40705681.0
2018-01-04 14:18:45.796000,30.85,30.85,30.9,40705681.0
2018-01-04 14:18:49.582000,30.85,30.85,30.9,40705681.0
2018-01-04 14:18:53.861000,30.85,30.85,30.9,40705681.0
2018-01-04 14:18:58.048000,30.85,30.85,30.9,40705681.0
2018-01-04 14:19:02.344000,30.85,30.85,30.9,40705681.0
2018-01-04 14:19:05.829000,30.85,30.85,30.9,40705681.0
2018-01-04 14:19:09.639000,30.85,30.85,30.9,40705681.0
2018-01-04 14:19:13.630000,30.85,30.85,30.9,40705681.0
2018-01-04 14:19:17.156000,30.85,30.85,30.9,40705681.0
2018-01-04 14:19:20.880000,30.85,30.85,30.9,40705681.0
2018-01-04 14:19:24.732000,30.85,30.85,30.9,40705681.0
2018-01-04 14:19:28.480000,30.85,30.85,30.9,40705681.0
2018-01-04 14:19:32.019000,30.85,30.85,30.9,40705681.0
2018-01-04 14:19:35.851000,30.9,30.85,30.9,40855681.0
2018-01-04 14:19:39.593000,30.9,30.85,30.9,40855681.0
2018-01-04 14:19:43.343000,30.9,30.85,30.9,40855681.0
2018-01-04 14:19:46.152000,30.9,30.85,30.9,40855681.0
2018-01-04 14:19:50.052000,30.9,30.85,30.9,40855681.0
2018-01-04 14:19:53.360000,30.9,30.85,30.9,40855681.0
2018-01-04 14:19:57.978000,30.9,30.85,30.9,40855681.0
2018-01-04 14:20:01.558000,30.9,30.85,30.9,40855681.0
2018-01-04 14:20:09.139000,30.9,30.85,30.9,40855681.0
2018-01-04 14:20:12.910000,30.9,30.85,30.9,40855681.0
2018-01-04 14:20:17,30.9,30.85,30.9,42119749.0
2018-01-04 14:20:20.593000,30.9,30.85,30.9,42119749.0
2018-01-04 14:20:24.351000,30.9,30.85,30.9,42119749.0
2018-01-04 14:20:28.890000,30.9,30.85,30.9,42119749.0
2018-01-04 14:20:32.689000,30.9,30.85,30.9,42119749.0
2018-01-04 14:20:36.892000,30.9,30.85,30.9,42119749.0
2018-01-04 14:20:41.032000,30.9,30.85,30.9,42119749.0
2018-01-04 14:20:44.836000,30.9,30.85,30.9,42119749.0
2018-01-04 14:20:48.739000,30.9,30.85,30.9,42119749.0
2018-01-04 14:20:52.192000,30.9,30.85,30.9,42119749.0
2018-01-04 14:20:55.284000,30.9,30.85,30.9,42119749.0
2018-01-04 14:20:59.176000,30.9,30.85,30.9,42119749.0
2018-01-04 14:21:03.005000,30.9,30.85,30.9,42119749.0
2018-01-04 14:21:10.214000,30.9,30.85,30.9,42124784.0
2018-01-04 14:21:14.161000,30.9,30.85,30.9,42124784.0
2018-01-04 14:21:18.193000,30.9,30.85,30.9,42124784.0
2018-01-04 14:21:21.907000,30.9,30.85,30.9,42124784.0
2018-01-04 14:21:25.751000,30.9,30.85,30.9,42124784.0
2018-01-04 14:21:29.660000,30.9,30.85,30.9,42124784.0
2018-01-04 14:21:33.341000,30.9,30.85,30.9,42124784.0
2018-01-04 14:21:37.305000,30.9,30.85,30.9,42124784.0
2018-01-04 14:21:41.443000,30.9,30.85,30.9,42124784.0
2018-01-04 14:21:45.522000,30.9,30.85,30.9,42124784.0
2018-01-04 14:21:49.388000,30.9,30.85,30.9,42124784.0
2018-01-04 14:21:53.421000,30.9,30.85,30.9,42124784.0
2018-01-04 14:21:56.740000,30.9,30.85,30.9,42124784.0
2018-01-04 14:22:00.441000,30.9,30.85,30.9,42124784.0
2018-01-04 14:22:04.456000,30.9,30.85,30.9,42124784.0
2018-01-04 14:22:12.110000,30.9,30.85,30.9,42124784.0
2018-01-04 14:22:15.610000,30.9,30.85,30.9,42124784.0
2018-01-04 14:22:19.399000,30.9,30.85,30.9,42124784.0
2018-01-04 14:22:23.593000,30.9,30.85,30.9,42124784.0
2018-01-04 14:22:27.502000,30.9,30.85,30.9,42124784.0
2018-01-04 14:22:31.526000,30.9,30.85,30.9,42124784.0
2018-01-04 14:22:35.373000,30.9,30.85,30.9,42124784.0
2018-01-04 14:22:39.163000,30.9,30.85,30.9,42124784.0
2018-01-04 14:22:43.038000,30.85,30.85,30.9,42134284.0
2018-01-04 14:22:46.854000,30.85,30.85,30.9,42134284.0
2018-01-04 14:22:51.056000,30.85,30.85,30.9,42134284.0
2018-01-04 14:22:55.097000,30.85,30.85,30.9,42134284.0
2018-01-04 14:22:59.006000,30.85,30.85,30.9,42134284.0
2018-01-04 14:23:02.539000,30.85,30.85,30.9,42134284.0
2018-01-04 14:23:06.768000,30.85,30.85,30.9,42134284.0
2018-01-04 14:23:13.013000,30.85,30.85,30.9,42134284.0
2018-01-04 14:23:20.258000,30.85,30.85,30.9,42134284.0
2018-01-04 14:23:23.811000,30.85,30.85,30.9,42134284.0
2018-01-04 14:23:27.656000,30.85,30.85,30.9,42134284.0
2018-01-04 14:23:31.482000,30.85,30.85,30.9,42134284.0
2018-01-04 14:23:35.544000,30.85,30.85,30.9,42134284.0
2018-01-04 14:23:38.742000,30.85,30.85,30.9,42134284.0
2018-01-04 14:23:42.126000,30.85,30.85,30.9,42134284.0
2018-01-04 14:23:46.141000,30.85,30.85,30.9,42134284.0
2018-01-04 14:23:50.090000,30.85,30.85,30.9,42134284.0
2018-01-04 14:23:54.056000,30.85,30.85,30.9,42134284.0
2018-01-04 14:23:57.745000,30.9,30.85,30.9,42150784.0
2018-01-04 14:24:01.573000,30.9,30.85,30.9,42150784.0
2018-01-04 14:24:07.679000,30.9,30.85,30.9,42150784.0
2018-01-04 14:24:11.753000,30.9,30.85,30.9,42150784.0
2018-01-04 14:24:15.792000,30.9,30.85,30.9,42150784.0
2018-01-04 14:24:19.542000,30.9,30.85,30.9,42150784.0
2018-01-04 14:24:23.349000,30.9,30.85,30.9,42150784.0
2018-01-04 14:24:27.428000,30.9,30.85,30.9,42150784.0
2018-01-04 14:24:31.453000,30.9,30.85,30.9,42528784.0
2018-01-04 14:24:35.403000,30.9,30.85,30.9,42528784.0
2018-01-04 14:24:39.580000,30.9,30.85,30.9,42528784.0
2018-01-04 14:24:43.432000,30.9,30.85,30.9,42528784.0
2018-01-04 14:24:47.411000,30.9,30.85,30.9,42528784.0
2018-01-04 14:24:51.355000,30.9,30.85,30.9,42528784.0
2018-01-04 14:24:55.094000,30.9,30.85,30.9,42528784.0
2018-01-04 14:24:59.497000,30.9,30.85,30.9,42528784.0
2018-01-04 14:25:03.418000,30.9,30.85,30.9,42528784.0
2018-01-04 14:25:09.968000,30.9,30.85,30.9,42528784.0
2018-01-04 14:25:14.045000,30.9,30.85,30.9,42528784.0
2018-01-04 14:25:18.013000,30.9,30.85,30.9,42528784.0
2018-01-04 14:25:21.972000,30.9,30.9,30.95,42857284.0
2018-01-04 14:25:25.621000,30.9,30.9,30.95,42857284.0
2018-01-04 14:25:29.468000,30.9,30.9,30.95,42857284.0
2018-01-04 14:25:33.698000,30.9,30.9,30.95,42857284.0
2018-01-04 14:25:37.661000,30.9,30.9,30.95,42857284.0
2018-01-04 14:25:40.894000,30.9,30.9,30.95,42857284.0
2018-01-04 14:25:44.153000,30.9,30.9,30.95,42857284.0
2018-01-04 14:25:47.984000,30.9,30.9,30.95,42857284.0
2018-01-04 14:25:51.545000,30.9,30.9,30.95,42857284.0
2018-01-04 14:25:55.055000,30.9,30.9,30.95,42857284.0
2018-01-04 14:25:58.808000,30.9,30.9,30.95,42857284.0
2018-01-04 14:26:01.934000,30.9,30.9,30.95,42857284.0
2018-01-04 14:26:09.408000,30.9,30.85,30.9,43131284.0
2018-01-04 14:26:17.414000,30.9,30.85,30.9,43131284.0
2018-01-04 14:26:21.397000,30.9,30.85,30.9,43131284.0
2018-01-04 14:26:25.221000,30.9,30.85,30.9,43131284.0
2018-01-04 14:26:28.640000,30.9,30.85,30.9,43131284.0
2018-01-04 14:26:32.762000,30.9,30.85,30.9,43131284.0
2018-01-04 14:26:36.296000,30.9,30.85,30.9,43131284.0
2018-01-04 14:26:39.724000,30.9,30.85,30.9,43131284.0
2018-01-04 14:26:44.279000,30.9,30.85,30.9,43131284.0
2018-01-04 14:26:47.754000,30.9,30.85,30.9,43131284.0
2018-01-04 14:26:51.783000,30.9,30.85,30.9,43131284.0
2018-01-04 14:26:55.587000,30.9,30.85,30.9,43131284.0
2018-01-04 14:26:59.463000,30.9,30.85,30.9,43131284.0
2018-01-04 14:27:03.054000,30.9,30.85,30.9,43131284.0
2018-01-04 14:27:06.527000,30.9,30.85,30.9,43131284.0
2018-01-04 14:27:10.135000,30.9,30.85,30.9,43131284.0
2018-01-04 14:27:14.582000,30.9,30.85,30.9,43131284.0
2018-01-04 14:27:18.170000,30.9,30.85,30.9,43131284.0
2018-01-04 14:27:22.118000,30.9,30.9,30.95,43138833.0
2018-01-04 14:27:26.150000,30.9,30.9,30.95,43138833.0
2018-01-04 14:27:30.047000,30.9,30.9,30.95,43138833.0
2018-01-04 14:27:33.736000,30.9,30.9,30.95,43138833.0
2018-01-04 14:27:37.363000,30.9,30.9,30.95,43138833.0
2018-01-04 14:27:41.766000,30.9,30.9,30.95,43138833.0
2018-01-04 14:27:45.266000,30.9,30.9,30.95,43138833.0
2018-01-04 14:27:49.190000,30.9,30.9,30.95,43138833.0
2018-01-04 14:27:53.048000,30.9,30.9,30.95,43138833.0
2018-01-04 14:27:56.713000,30.9,30.9,30.95,43138833.0
2018-01-04 14:28:00.553000,30.9,30.9,30.95,43138833.0
2018-01-04 14:28:07.686000,30.9,30.9,30.95,43138833.0
2018-01-04 14:28:11.438000,30.9,30.9,30.95,43138833.0
2018-01-04 14:28:15.360000,30.9,30.9,30.95,43138833.0
2018-01-04 14:28:19.285000,30.9,30.9,30.95,43138833.0
2018-01-04 14:28:23.260000,30.9,30.9,30.95,43138833.0
2018-01-04 14:28:27.352000,30.9,30.9,30.95,43138833.0
2018-01-04 14:28:31.322000,30.9,30.9,30.95,43138833.0
2018-01-04 14:28:35.167000,30.9,30.9,30.95,43138833.0
2018-01-04 14:28:38.781000,30.9,30.9,30.95,43138833.0
2018-01-04 14:28:42.234000,30.9,30.9,30.95,43138833.0
2018-01-04 14:28:45.744000,30.9,30.9,30.95,43138833.0
2018-01-04 14:28:49.901000,30.9,30.9,30.95,43141833.0
2018-01-04 14:28:54.047000,30.9,30.9,30.95,43141833.0
2018-01-04 14:28:58.073000,30.9,30.9,30.95,43141833.0
2018-01-04 14:29:01.841000,30.9,30.9,30.95,43141833.0
2018-01-04 14:29:06.186000,30.9,30.9,30.95,43141833.0
2018-01-04 14:29:09.815000,30.9,30.9,30.95,43141833.0
2018-01-04 14:29:13.544000,30.9,30.9,30.95,43141833.0
2018-01-04 14:29:17.275000,30.9,30.9,30.95,43141833.0
2018-01-04 14:29:20.737000,30.9,30.9,30.95,43141833.0
2018-01-04 14:29:23.894000,30.9,30.9,30.95,43141833.0
2018-01-04 14:29:27.871000,30.9,30.9,30.95,43141833.0
2018-01-04 14:29:31.565000,30.9,30.9,30.95,43141833.0
2018-01-04 14:29:35.236000,30.9,30.9,30.95,43141833.0
2018-01-04 14:29:38.942000,30.9,30.9,30.95,43211333.0
2018-01-04 14:29:42.672000,30.9,30.9,30.95,43211333.0
2018-01-04 14:29:46.370000,30.9,30.9,30.95,43211333.0
2018-01-04 14:29:50.107000,30.9,30.9,30.95,43211333.0
2018-01-04 14:29:53.476000,30.9,30.9,30.95,43211333.0
2018-01-04 14:29:57.332000,30.9,30.9,30.95,43211333.0
2018-01-04 14:30:01.238000,30.9,30.9,30.95,43211333.0
2018-01-04 14:30:16.403000,30.9,30.9,30.95,43211333.0
2018-01-04 14:30:19.589000,30.9,30.9,30.95,43211333.0
2018-01-04 14:30:23.128000,30.9,30.9,30.95,43211333.0
2018-01-04 14:30:26.107000,30.9,30.9,30.95,43211333.0
2018-01-04 14:30:29.575000,30.9,30.9,30.95,43211333.0
2018-01-04 14:30:33.508000,30.9,30.9,30.95,43211333.0
2018-01-04 14:31:49.437000,30.9,30.85,30.9,43246833.0
2018-01-04 14:31:53.567000,30.9,30.85,30.9,43246833.0
2018-01-04 14:31:57.182000,30.9,30.85,30.9,43246833.0
2018-01-04 14:32:04.088000,30.9,30.85,30.9,43246833.0
2018-01-04 14:32:09.938000,30.9,30.85,30.9,43246833.0
2018-01-04 14:32:13.545000,30.9,30.85,30.9,43246833.0
2018-01-04 14:32:17.769000,30.9,30.85,30.9,43246833.0
2018-01-04 14:32:21.691000,30.9,30.85,30.9,43246833.0
2018-01-04 14:32:24.969000,30.9,30.85,30.9,43246833.0
2018-01-04 14:32:28.082000,30.9,30.85,30.9,43246833.0
2018-01-04 14:32:31.465000,30.9,30.85,30.9,43349333.0
2018-01-04 14:32:34.992000,30.9,30.85,30.9,43349333.0
2018-01-04 14:32:39.071000,30.9,30.85,30.9,43349333.0
2018-01-04 14:32:42.394000,30.9,30.85,30.9,43349333.0
2018-01-04 14:32:45.756000,30.9,30.85,30.9,43349333.0
2018-01-04 14:32:49.454000,30.9,30.85,30.9,43349333.0
2018-01-04 14:32:53.838000,30.9,30.85,30.9,43349333.0
2018-01-04 14:32:57.213000,30.9,30.85,30.9,43349333.0
2018-01-04 14:33:00.864000,30.9,30.85,30.9,43349333.0
2018-01-04 14:33:04.750000,30.9,30.85,30.9,43349333.0
2018-01-04 14:33:12.074000,30.9,30.85,30.9,43349333.0
2018-01-04 14:33:15.102000,30.9,30.85,30.9,43349333.0
2018-01-04 14:33:18.615000,30.9,30.85,30.9,43349333.0
2018-01-04 14:33:22.601000,30.9,30.85,30.9,43349333.0
2018-01-04 14:33:26.589000,30.9,30.85,30.9,43349333.0
2018-01-04 14:33:30.199000,30.9,30.85,30.9,43349333.0
2018-01-04 14:33:34.015000,30.9,30.85,30.9,43349333.0
2018-01-04 14:33:38.026000,30.9,30.85,30.9,43349333.0
2018-01-04 14:33:41.745000,30.9,30.85,30.9,43349333.0
2018-01-04 14:33:44.994000,30.9,30.85,30.9,43349333.0
2018-01-04 14:33:48.816000,30.9,30.85,30.9,43349333.0
2018-01-04 14:33:52.231000,30.9,30.85,30.9,43349333.0
2018-01-04 14:33:56.178000,30.9,30.85,30.9,43359833.0
2018-01-04 14:33:59.430000,30.9,30.85,30.9,43359833.0
2018-01-04 14:34:03.244000,30.9,30.85,30.9,43359833.0
2018-01-04 14:34:06.632000,30.9,30.85,30.9,43359833.0
2018-01-04 14:34:10.371000,30.9,30.85,30.9,43359833.0
2018-01-04 14:34:18.839000,30.9,30.85,30.9,43359833.0
2018-01-04 14:34:22.720000,30.9,30.85,30.9,43359833.0
2018-01-04 14:34:26.018000,30.9,30.85,30.9,43359833.0
2018-01-04 14:34:29.291000,30.9,30.85,30.9,43359833.0
2018-01-04 14:34:33.379000,30.9,30.85,30.9,43359833.0
2018-01-04 14:34:37.690000,30.9,30.85,30.9,43359833.0
2018-01-04 14:34:41.527000,30.9,30.85,30.9,43359833.0
2018-01-04 14:34:44.869000,30.9,30.85,30.9,43359833.0
2018-01-04 14:34:48.095000,30.9,30.85,30.9,43359833.0
2018-01-04 14:35:10.968000,30.9,30.85,30.9,43359833.0
2018-01-04 14:35:14.732000,30.9,30.85,30.9,43359833.0
2018-01-04 14:35:18.754000,30.9,30.85,30.9,43359833.0
2018-01-04 14:35:22.157000,30.9,30.85,30.9,43359833.0
2018-01-04 14:35:26.566000,30.9,30.85,30.9,43359833.0
2018-01-04 14:35:29.668000,30.9,30.85,30.9,43359833.0
2018-01-04 14:35:33.239000,30.9,30.85,30.9,43359833.0
2018-01-04 14:35:37.113000,30.9,30.9,30.95,43361897.0
2018-01-04 14:35:40.834000,30.9,30.9,30.95,43361897.0
2018-01-04 14:35:44.787000,30.9,30.9,30.95,43361897.0
2018-01-04 14:35:48.294000,30.9,30.9,30.95,43361897.0
2018-01-04 14:35:52.416000,30.9,30.9,30.95,43361897.0
2018-01-04 14:35:56.648000,30.9,30.9,30.95,43361897.0
2018-01-04 14:36:00.539000,30.9,30.9,30.95,43361897.0
2018-01-04 14:36:04.497000,30.9,30.9,30.95,43361897.0
2018-01-04 14:36:08.397000,30.9,30.9,30.95,43361897.0
2018-01-04 14:36:12.229000,30.9,30.9,30.95,43361897.0
2018-01-04 14:36:16.833000,30.9,30.9,30.95,43361897.0
2018-01-04 14:36:20.649000,30.9,30.9,30.95,43361897.0
2018-01-04 14:36:24.546000,30.9,30.9,30.95,43361897.0
2018-01-04 14:36:28.409000,30.9,30.9,30.95,43361897.0
2018-01-04 14:36:32.886000,30.9,30.9,30.95,43361897.0
2018-01-04 14:36:37.469000,30.9,30.9,30.95,43361897.0
2018-01-04 14:36:46.026000,30.9,30.9,30.95,43361897.0
2018-01-04 14:36:49.588000,30.9,30.9,30.95,43361897.0
2018-01-04 14:36:52.972000,30.9,30.9,30.95,43361897.0
2018-01-04 14:36:56.777000,30.9,30.9,30.95,43366397.0
2018-01-04 14:37:00.484000,30.9,30.9,30.95,43366397.0
2018-01-04 14:37:04.108000,30.9,30.9,30.95,43366397.0
2018-01-04 14:37:10.301000,30.9,30.9,30.95,43366397.0
2018-01-04 14:37:13.943000,30.9,30.9,30.95,43366397.0
2018-01-04 14:37:17.598000,30.9,30.9,30.95,43366397.0
2018-01-04 14:37:21.688000,30.9,30.9,30.95,43366397.0
2018-01-04 14:37:25.929000,30.9,30.9,30.95,43366397.0
2018-01-04 14:37:30.208000,30.9,30.9,30.95,43366397.0
2018-01-04 14:37:33.953000,30.9,30.9,30.95,43366397.0
2018-01-04 14:37:37.969000,30.9,30.9,30.95,43366397.0
2018-01-04 14:37:41.531000,30.9,30.9,30.95,43366397.0
2018-01-04 14:37:45.584000,30.9,30.9,30.95,43366397.0
2018-01-04 14:37:49.232000,30.9,30.9,30.95,43366397.0
2018-01-04 14:37:53.431000,30.9,30.9,30.95,43366397.0
2018-01-04 14:37:57.320000,30.9,30.9,30.95,43366397.0
2018-01-04 14:38:01.406000,30.9,30.9,30.95,43366397.0
2018-01-04 14:38:05.513000,30.9,30.9,30.95,43366397.0
2018-01-04 14:38:09.451000,30.9,30.9,30.95,43366397.0
2018-01-04 14:38:12.832000,30.9,30.9,30.95,43366397.0
2018-01-04 14:38:16.704000,30.9,30.9,30.95,43366397.0
2018-01-04 14:38:22.454000,30.9,30.9,30.95,43372397.0
2018-01-04 14:38:26.036000,30.9,30.9,30.95,43372397.0
2018-01-04 14:38:29.720000,30.9,30.9,30.95,43372397.0
2018-01-04 14:38:33.105000,30.9,30.9,30.95,43372397.0
2018-01-04 14:38:36.370000,30.9,30.9,30.95,43372397.0
2018-01-04 14:38:39.940000,30.9,30.9,30.95,43372397.0
2018-01-04 14:38:44.429000,30.9,30.9,30.95,43372397.0
2018-01-04 14:38:48.185000,30.9,30.9,30.95,43372397.0
2018-01-04 14:38:51.803000,30.9,30.9,30.95,43372397.0
2018-01-04 14:38:55.826000,30.9,30.9,30.95,43372397.0
2018-01-04 14:38:59.115000,30.9,30.9,30.95,43372397.0
2018-01-04 14:39:06.008000,30.9,30.9,30.95,43372397.0
2018-01-04 14:39:09.395000,30.9,30.9,30.95,43372397.0
2018-01-04 14:39:13.154000,30.9,30.9,30.95,43372397.0
2018-01-04 14:39:17.541000,30.9,30.9,30.95,43372397.0
2018-01-04 14:39:22.235000,30.9,30.9,30.95,43372397.0
2018-01-04 14:39:25.348000,30.9,30.9,30.95,43372397.0
2018-01-04 14:39:28.913000,30.9,30.9,30.95,43372397.0
2018-01-04 14:39:32.800000,30.9,30.9,30.95,43372397.0
2018-01-04 14:39:37.018000,30.9,30.9,30.95,43372397.0
2018-01-04 14:39:40.726000,30.9,30.9,30.95,43372397.0
2018-01-04 14:39:44.706000,30.9,30.9,30.95,43372397.0
2018-01-04 14:39:48.342000,30.9,30.9,30.95,43382897.0
2018-01-04 14:39:52.021000,30.9,30.9,30.95,43382897.0
2018-01-04 14:39:55.597000,30.9,30.9,30.95,43382897.0
2018-01-04 14:39:59.641000,30.9,30.9,30.95,43382897.0
2018-01-04 14:40:03.310000,30.9,30.9,30.95,43382897.0
2018-01-04 14:40:06.558000,30.9,30.9,30.95,43382897.0
2018-01-04 14:40:11.012000,30.9,30.9,30.95,43382897.0
2018-01-04 14:40:14.944000,30.9,30.9,30.95,43382897.0
2018-01-04 14:40:18.855000,30.9,30.9,30.95,43382897.0
2018-01-04 14:40:23.015000,30.9,30.9,30.95,43382897.0
2018-01-04 14:40:26.959000,30.9,30.9,30.95,43382897.0
2018-01-04 14:40:31.344000,30.9,30.9,30.95,43382897.0
2018-01-04 14:40:35.192000,30.9,30.9,30.95,43382897.0
2018-01-04 14:40:39.048000,30.9,30.9,30.95,43382897.0
2018-01-04 14:40:43.510000,30.9,30.9,30.95,43382897.0
2018-01-04 14:40:47.047000,30.9,30.9,30.95,43382897.0
2018-01-04 14:40:51.150000,30.9,30.9,30.95,43382897.0
2018-01-04 14:40:55.175000,30.9,30.9,30.95,43382897.0
2018-01-04 14:40:58.696000,30.9,30.9,30.95,43382897.0
2018-01-04 14:41:02.757000,30.9,30.9,30.95,43382897.0
2018-01-04 14:41:07.062000,30.9,30.9,30.95,43382897.0
2018-01-04 14:41:12.077000,30.9,30.9,30.95,43382897.0
2018-01-04 14:41:15.870000,30.9,30.9,30.95,43382897.0
2018-01-04 14:41:19.751000,30.95,30.9,30.95,43404897.0
2018-01-04 14:41:23.069000,30.95,30.9,30.95,43404897.0
2018-01-04 14:41:26.569000,30.95,30.9,30.95,43404897.0
2018-01-04 14:41:30.020000,30.95,30.9,30.95,43404897.0
2018-01-04 14:41:33.982000,30.95,30.9,30.95,43404897.0
2018-01-04 14:41:37.807000,30.95,30.9,30.95,43404897.0
2018-01-04 14:41:41.630000,30.95,30.9,30.95,43404897.0
2018-01-04 14:41:45.696000,30.95,30.9,30.95,43404897.0
2018-01-04 14:41:49.265000,30.95,30.9,30.95,43404897.0
2018-01-04 14:41:53.374000,30.95,30.9,30.95,43404897.0
2018-01-04 14:41:56.803000,30.95,30.9,30.95,43404897.0
2018-01-04 14:41:59.974000,30.95,30.9,30.95,43404897.0
2018-01-04 14:42:03.395000,30.95,30.9,30.95,43404897.0
2018-01-04 14:42:08.144000,30.95,30.9,30.95,43404897.0
2018-01-04 14:42:11.256000,30.95,30.9,30.95,43421397.0
2018-01-04 14:42:14.566000,30.95,30.9,30.95,43421397.0
2018-01-04 14:42:17.633000,30.95,30.9,30.95,43421397.0
2018-01-04 14:42:23.080000,30.95,30.9,30.95,43421397.0
2018-01-04 14:42:26.810000,30.95,30.9,30.95,43421397.0
2018-01-04 14:42:30.331000,30.95,30.9,30.95,43421397.0
2018-01-04 14:42:33.337000,30.95,30.9,30.95,43421397.0
2018-01-04 14:42:36.921000,30.95,30.9,30.95,43421397.0
2018-01-04 14:42:40.461000,30.95,30.9,30.95,43421397.0
2018-01-04 14:42:44.141000,30.95,30.9,30.95,43421397.0
2018-01-04 14:42:47.509000,30.95,30.9,30.95,43421397.0
2018-01-04 14:42:51.535000,30.95,30.9,30.95,43421397.0
2018-01-04 14:42:55.284000,30.95,30.9,30.95,43421397.0
2018-01-04 14:42:58.813000,30.95,30.9,30.95,43421397.0
2018-01-04 14:43:02.602000,30.95,30.9,30.95,43421397.0
2018-01-04 14:43:06.489000,30.95,30.9,30.95,43421397.0
2018-01-04 14:43:10.354000,30.95,30.9,30.95,43421397.0
2018-01-04 14:43:15.879000,30.95,30.9,30.95,43421397.0
2018-01-04 14:43:19.586000,30.95,30.9,30.95,43421397.0
2018-01-04 14:43:23.423000,30.95,30.9,30.95,43421397.0
2018-01-04 14:43:26.688000,30.95,30.9,30.95,43421397.0
2018-01-04 14:43:30.650000,30.95,30.9,30.95,43421397.0
2018-01-04 14:43:34.434000,30.95,30.9,30.95,43421397.0
2018-01-04 14:43:38.416000,30.95,30.9,30.95,43421397.0
2018-01-04 14:43:42.370000,30.95,30.9,30.95,43421397.0
2018-01-04 14:43:45.779000,30.95,30.9,30.95,43421397.0
2018-01-04 14:43:49.062000,30.95,30.9,30.95,43433397.0
2018-01-04 14:43:52.588000,30.9,30.9,30.95,43639897.0
2018-01-04 14:43:56.004000,30.9,30.9,30.95,43639897.0
2018-01-04 14:44:00.056000,30.9,30.9,30.95,43639897.0
2018-01-04 14:44:04.285000,30.9,30.9,30.95,43639897.0
2018-01-04 14:44:10.072000,30.9,30.9,30.95,43639897.0
2018-01-04 14:44:13.341000,30.9,30.9,30.95,43639897.0
2018-01-04 14:44:20.025000,30.9,30.9,30.95,43639897.0
2018-01-04 14:44:23.820000,30.9,30.9,30.95,43639897.0
2018-01-04 14:44:27.694000,30.9,30.9,30.95,43639897.0
2018-01-04 14:44:31.432000,30.9,30.9,30.95,43639897.0
2018-01-04 14:44:34.656000,30.9,30.9,30.95,43639897.0
2018-01-04 14:44:38.152000,30.9,30.9,30.95,43639897.0
2018-01-04 14:44:41.782000,30.9,30.9,30.95,43639897.0
2018-01-04 14:44:45.745000,30.9,30.9,30.95,43639897.0
2018-01-04 14:44:49.631000,30.9,30.9,30.95,43639897.0
2018-01-04 14:44:53.761000,30.9,30.9,30.95,43639897.0
2018-01-04 14:44:57.407000,30.9,30.85,30.9,43914397.0
2018-01-04 14:45:01.133000,30.9,30.85,30.9,43914397.0
2018-01-04 14:45:04.718000,30.9,30.85,30.9,43914397.0
2018-01-04 14:45:12.300000,30.9,30.85,30.9,43914397.0
2018-01-04 14:45:16.227000,30.9,30.85,30.9,43914397.0
2018-01-04 14:45:19.640000,30.9,30.85,30.9,43914397.0
2018-01-04 14:45:23.733000,30.9,30.85,30.9,43914397.0
2018-01-04 14:45:27.800000,30.9,30.85,30.9,43914397.0
2018-01-04 14:45:31.780000,30.9,30.85,30.9,43914397.0
2018-01-04 14:45:35.739000,30.9,30.85,30.9,43914397.0
2018-01-04 14:45:38.678000,30.9,30.85,30.9,43914397.0
2018-01-04 14:45:41.861000,30.9,30.85,30.9,43914397.0
2018-01-04 14:45:45.342000,30.9,30.85,30.9,43914397.0
2018-01-04 14:45:48.453000,30.9,30.85,30.9,43914397.0
2018-01-04 14:45:52.652000,30.9,30.85,30.9,43914397.0
2018-01-04 14:45:56.352000,30.9,30.85,30.9,43914397.0
2018-01-04 14:45:59.722000,30.9,30.85,30.9,43914397.0
2018-01-04 14:46:07.807000,30.9,30.85,30.9,43914397.0
2018-01-04 14:46:11.624000,30.9,30.85,30.9,43914397.0
2018-01-04 14:46:15.545000,30.9,30.85,30.9,43914397.0
2018-01-04 14:46:19.114000,30.9,30.85,30.9,43914397.0
2018-01-04 14:46:23.026000,30.9,30.85,30.9,43914397.0
2018-01-04 14:46:26.680000,30.9,30.85,30.9,43914397.0
2018-01-04 14:46:30.436000,30.9,30.85,30.9,43914397.0
2018-01-04 14:46:33.826000,30.9,30.85,30.9,43914397.0
2018-01-04 14:46:37.285000,30.9,30.85,30.9,43914397.0
2018-01-04 14:46:41.050000,30.9,30.85,30.9,43914397.0
2018-01-04 14:46:45.136000,30.9,30.9,30.95,43945397.0
2018-01-04 14:46:49.103000,30.9,30.9,30.95,43945397.0
2018-01-04 14:46:52.617000,30.9,30.9,30.95,43945397.0
2018-01-04 14:46:56.446000,30.9,30.9,30.95,43945397.0
2018-01-04 14:47:00.235000,30.9,30.9,30.95,43945397.0
2018-01-04 14:47:03.564000,30.9,30.9,30.95,43945397.0
2018-01-04 14:47:07.500000,30.9,30.9,30.95,43945397.0
2018-01-04 14:47:11.476000,30.9,30.9,30.95,43945397.0
2018-01-04 14:47:15.660000,30.9,30.9,30.95,43945397.0
2018-01-04 14:47:19.596000,30.9,30.9,30.95,43945397.0
2018-01-04 14:47:24.601000,30.9,30.9,30.95,43945397.0
2018-01-04 14:47:28.196000,30.9,30.9,30.95,43945397.0
2018-01-04 14:47:31.531000,30.9,30.9,30.95,43945397.0
2018-01-04 14:47:35.200000,30.9,30.9,30.95,43945397.0
2018-01-04 14:47:38.403000,30.9,30.9,30.95,43945397.0
2018-01-04 14:47:41.788000,30.9,30.9,30.95,43945397.0
2018-01-04 14:47:45.923000,30.9,30.9,30.95,43945397.0
2018-01-04 14:47:49.683000,30.9,30.9,30.95,43945397.0
2018-01-04 14:47:53.154000,30.9,30.9,30.95,43945397.0
2018-01-04 14:47:56.314000,30.9,30.9,30.95,43945397.0
2018-01-04 14:47:59.757000,30.9,30.9,30.95,43945397.0
2018-01-04 14:48:05.577000,30.9,30.9,30.95,43945397.0
2018-01-04 14:48:09.181000,30.9,30.9,30.95,43945397.0
2018-01-04 14:48:13.137000,30.9,30.9,30.95,43945397.0
2018-01-04 14:48:17.335000,30.9,30.9,30.95,43945397.0
2018-01-04 14:48:21.233000,30.9,30.9,30.95,43945397.0
2018-01-04 14:48:25.064000,30.9,30.9,30.95,43945397.0
2018-01-04 14:48:28.218000,30.9,30.9,30.95,43945397.0
2018-01-04 14:48:31.597000,30.9,30.9,30.95,43945397.0
2018-01-04 14:48:35.287000,30.9,30.9,30.95,43945397.0
2018-01-04 14:48:39.086000,30.9,30.9,30.95,43945397.0
2018-01-04 14:48:42.260000,30.9,30.9,30.95,43945397.0
2018-01-04 14:48:46.319000,30.9,30.9,30.95,43945397.0
2018-01-04 14:48:53.222000,30.9,30.9,30.95,43945397.0
2018-01-04 14:48:57.122000,30.9,30.9,30.95,43945397.0
2018-01-04 14:49:00.656000,30.9,30.9,30.95,43945397.0
2018-01-04 14:49:04.120000,30.95,30.9,30.95,43947397.0
2018-01-04 14:49:11.350000,30.95,30.9,30.95,43947397.0
2018-01-04 14:49:15.050000,30.95,30.9,30.95,43947397.0
2018-01-04 14:49:18.569000,30.95,30.9,30.95,43947397.0
2018-01-04 14:49:22.539000,30.95,30.9,30.95,43947397.0
2018-01-04 14:49:26.014000,30.95,30.9,30.95,43947397.0
2018-01-04 14:49:29.189000,30.95,30.9,30.95,43947397.0
2018-01-04 14:49:32.149000,30.95,30.9,30.95,43947397.0
2018-01-04 14:49:36.096000,30.95,30.9,30.95,43947397.0
2018-01-04 14:49:39.745000,30.95,30.9,30.95,43947397.0
2018-01-04 14:49:43.262000,30.95,30.9,30.95,43947397.0
2018-01-04 14:49:46.950000,30.95,30.9,30.95,43947397.0
2018-01-04 14:49:50.927000,30.95,30.9,30.95,43947397.0
2018-01-04 14:49:54.252000,30.95,30.9,30.95,43947397.0
2018-01-04 14:49:57.985000,30.95,30.9,30.95,43947397.0
2018-01-04 14:50:01.278000,30.95,30.9,30.95,43947397.0
2018-01-04 14:50:04.912000,30.95,30.9,30.95,43947397.0
2018-01-04 14:50:09.541000,30.95,30.9,30.95,43947397.0
2018-01-04 14:50:13.445000,30.95,30.9,30.95,43947397.0
2018-01-04 14:50:17.246000,30.95,30.9,30.95,43947397.0
2018-01-04 14:50:21.026000,30.95,30.9,30.95,43947397.0
2018-01-04 14:50:24.687000,30.95,30.9,30.95,43947397.0
2018-01-04 14:50:28.694000,30.95,30.9,30.95,43947397.0
2018-01-04 14:50:32.441000,30.95,30.9,30.95,43947397.0
2018-01-04 14:50:35.909000,30.95,30.9,30.95,43947397.0
2018-01-04 14:50:39.899000,30.9,30.9,30.95,43954897.0
2018-01-04 14:50:43.974000,30.9,30.9,30.95,43954897.0
2018-01-04 14:50:47.910000,30.9,30.9,30.95,43954897.0
2018-01-04 14:50:50.738000,30.9,30.9,30.95,43954897.0
2018-01-04 14:50:54.858000,30.9,30.9,30.95,43954897.0
2018-01-04 14:50:58.365000,30.9,30.9,30.95,43954897.0
2018-01-04 14:51:01.639000,30.9,30.9,30.95,43954897.0
2018-01-04 14:51:07.219000,30.9,30.9,30.95,43954897.0
2018-01-04 14:51:10.993000,30.9,30.9,30.95,43954897.0
2018-01-04 14:51:15.166000,30.9,30.9,30.95,43954897.0
2018-01-04 14:51:20.022000,30.9,30.9,30.95,43954897.0
2018-01-04 14:51:23.529000,30.9,30.9,30.95,43954897.0
2018-01-04 14:51:27.429000,30.9,30.9,30.95,43954897.0
2018-01-04 14:51:31.253000,30.9,30.9,30.95,43954897.0
2018-01-04 14:51:34.793000,30.9,30.9,30.95,43954897.0
2018-01-04 14:51:38.979000,30.9,30.9,30.95,43954897.0
2018-01-04 14:51:42.581000,30.9,30.9,30.95,43954897.0
2018-01-04 14:51:45.725000,30.9,30.9,30.95,43954897.0
2018-01-04 14:51:49.402000,30.9,30.9,30.95,43958897.0
2018-01-04 14:51:53.255000,30.9,30.9,30.95,43958897.0
2018-01-04 14:51:57.482000,30.9,30.9,30.95,43958897.0
2018-01-04 14:52:01.508000,30.9,30.9,30.95,43958897.0
2018-01-04 14:52:07.592000,30.9,30.9,30.95,43958897.0
2018-01-04 14:52:11.392000,30.9,30.9,30.95,43958897.0
2018-01-04 14:52:15.204000,30.9,30.9,30.95,43958897.0
2018-01-04 14:52:21.956000,30.9,30.9,30.95,43958897.0
2018-01-04 14:52:25.381000,30.9,30.9,30.95,43958897.0
2018-01-04 14:52:29.308000,30.9,30.9,30.95,43958897.0
2018-01-04 14:52:35.914000,30.9,30.9,30.95,43958897.0
2018-01-04 14:52:40.163000,30.9,30.9,30.95,43958897.0
2018-01-04 14:52:44.406000,30.9,30.9,30.95,43958897.0
2018-01-04 14:52:48.326000,30.9,30.9,30.95,43958897.0
2018-01-04 14:52:52.303000,30.9,30.9,30.95,43958897.0
2018-01-04 14:52:56.470000,30.9,30.9,30.95,43958897.0
2018-01-04 14:53:00.191000,30.9,30.9,30.95,43958897.0
2018-01-04 14:53:03.197000,30.9,30.9,30.95,43959897.0
2018-01-04 14:53:07.657000,30.9,30.9,30.95,43959897.0
2018-01-04 14:53:11.040000,30.9,30.9,30.95,43959897.0
2018-01-04 14:53:15.064000,30.9,30.9,30.95,43959897.0
2018-01-04 14:53:18.494000,30.9,30.9,30.95,43959897.0
2018-01-04 14:53:22.360000,30.9,30.9,30.95,43959897.0
2018-01-04 14:53:25.748000,30.9,30.9,30.95,43959897.0
2018-01-04 14:53:29.564000,30.9,30.9,30.95,43959897.0
2018-01-04 14:53:33.074000,30.9,30.9,30.95,43959897.0
2018-01-04 14:53:36.835000,30.9,30.9,30.95,43959897.0
2018-01-04 14:53:40.858000,30.9,30.9,30.95,43959897.0
2018-01-04 14:53:44.787000,30.9,30.9,30.95,43959897.0
2018-01-04 14:53:48.514000,30.9,30.9,30.95,43959897.0
2018-01-04 14:53:52.688000,30.9,30.9,30.95,43959897.0
2018-01-04 14:53:56.107000,30.9,30.9,30.95,43959897.0
2018-01-04 14:54:00.307000,30.9,30.9,30.95,43959897.0
2018-01-04 14:54:03.994000,30.9,30.9,30.95,43959897.0
2018-01-04 14:54:08.048000,30.9,30.9,30.95,43959897.0
2018-01-04 14:54:11.524000,30.9,30.9,30.95,43959897.0
2018-01-04 14:54:15.231000,30.9,30.9,30.95,43959897.0
2018-01-04 14:54:19.206000,30.9,30.9,30.95,43959897.0
2018-01-04 14:54:22.729000,30.9,30.9,30.95,43959897.0
2018-01-04 14:54:26.430000,30.9,30.9,30.95,43959897.0
2018-01-04 14:54:30.414000,30.9,30.9,30.95,43959897.0
2018-01-04 14:54:33.902000,30.9,30.9,30.95,43959897.0
2018-01-04 14:54:37.778000,30.9,30.9,30.95,43959897.0
2018-01-04 14:54:41.581000,30.9,30.9,30.95,43959897.0
2018-01-04 14:54:45.598000,30.9,30.9,30.95,43959897.0
2018-01-04 14:54:49.042000,30.9,30.9,30.95,43959897.0
2018-01-04 14:54:52.978000,30.9,30.9,30.95,43959897.0
2018-01-04 14:54:56.441000,30.9,30.9,30.95,43959897.0
2018-01-04 14:55:01.293000,30.9,30.9,30.95,43959897.0
2018-01-04 14:55:05.142000,30.9,30.9,30.95,43959897.0
2018-01-04 14:55:08.601000,30.9,30.9,30.95,43959897.0
2018-01-04 14:55:12.092000,30.9,30.9,30.95,43959897.0
2018-01-04 14:55:15.963000,30.9,30.9,30.95,43959897.0
2018-01-04 14:55:19.306000,30.9,30.9,30.95,43959897.0
2018-01-04 14:55:22.973000,30.9,30.9,30.95,43959897.0
2018-01-04 14:55:26.757000,30.9,30.9,30.95,43959897.0
2018-01-04 14:55:30.871000,30.9,30.9,30.95,43959897.0
2018-01-04 14:55:34.708000,30.95,30.9,30.95,43963897.0
2018-01-04 14:55:38.513000,30.95,30.9,30.95,43963897.0
2018-01-04 14:55:42.209000,30.95,30.9,30.95,43963897.0
2018-01-04 14:55:46.192000,30.95,30.9,30.95,43963897.0
2018-01-04 14:55:50.137000,30.95,30.9,30.95,43963897.0
2018-01-04 14:55:54.291000,30.95,30.9,30.95,43963897.0
2018-01-04 14:55:57.628000,30.95,30.9,30.95,43963897.0
2018-01-04 14:56:01.272000,30.95,30.9,30.95,43963897.0
2018-01-04 14:56:06.058000,30.9,30.9,30.95,44329897.0
2018-01-04 14:56:09.647000,30.9,30.9,30.95,44329897.0
2018-01-04 14:56:13.668000,30.9,30.9,30.95,44329897.0
2018-01-04 14:56:17.814000,30.9,30.9,30.95,44329897.0
2018-01-04 14:56:21.503000,30.9,30.9,30.95,44329897.0
2018-01-04 14:56:25.053000,30.9,30.9,30.95,44329897.0
2018-01-04 14:56:28.407000,30.9,30.9,30.95,45344897.0
2018-01-04 14:56:32.258000,30.9,30.9,30.95,45344897.0
2018-01-04 14:56:36.092000,30.9,30.9,30.95,45344897.0
2018-01-04 14:56:39.185000,30.9,30.9,30.95,45344897.0
2018-01-04 14:56:42.503000,30.9,30.9,30.95,45344897.0
2018-01-04 14:56:46.451000,30.9,30.9,30.95,45344897.0
2018-01-04 14:56:50.218000,30.9,30.9,30.95,45344897.0
2018-01-04 14:56:53.837000,30.9,30.9,30.95,45344897.0
2018-01-04 14:56:57.959000,30.9,30.9,30.95,45344897.0
2018-01-04 14:57:01.553000,30.9,30.9,30.95,45344897.0
2018-01-04 14:57:05.054000,30.9,30.9,30.95,45344897.0
2018-01-04 14:57:08.475000,30.9,30.9,30.95,45344897.0
2018-01-04 14:57:11.831000,30.9,30.9,30.95,45344897.0
2018-01-04 14:57:15.336000,30.9,30.9,30.95,45344897.0
2018-01-04 14:57:18.712000,30.9,30.9,30.95,45344897.0
2018-01-04 14:57:22.304000,30.9,30.9,30.95,45344897.0
2018-01-04 14:57:26.366000,30.9,30.9,30.95,45344897.0
2018-01-04 14:57:29.799000,30.9,30.9,30.95,45344897.0
2018-01-04 14:57:33.138000,30.9,30.9,30.95,45344897.0
2018-01-04 14:57:37.550000,30.9,30.9,30.95,45344897.0
2018-01-04 14:57:41.280000,30.9,30.9,30.95,45344897.0
2018-01-04 14:57:45.079000,30.9,30.9,30.95,45344897.0
2018-01-04 14:57:49.109000,30.9,30.9,30.95,45344897.0
2018-01-04 14:57:53.789000,30.9,30.9,30.95,45344897.0
2018-01-04 14:57:57.649000,30.9,30.9,30.95,45344897.0
2018-01-04 14:58:01.006000,30.9,30.9,30.95,45344897.0
2018-01-04 14:58:07.982000,30.9,30.9,30.95,45344897.0
2018-01-04 14:58:11.431000,30.9,30.9,30.95,45344897.0
2018-01-04 14:58:17.723000,30.9,30.9,30.95,45344897.0
2018-01-04 14:58:21.091000,30.9,30.9,30.95,45344897.0
2018-01-04 14:58:25.032000,30.9,30.9,30.95,45344897.0
2018-01-04 14:58:28.471000,30.9,30.9,30.95,45344897.0
2018-01-04 14:58:32.602000,30.9,30.9,30.95,45344897.0
2018-01-04 14:58:36.328000,30.9,30.9,30.95,45344897.0
2018-01-04 14:58:40.656000,30.9,30.9,30.95,45344897.0
2018-01-04 14:58:44.354000,30.9,30.9,30.95,45344897.0
2018-01-04 14:58:48.237000,30.9,30.9,30.95,45344897.0
2018-01-04 14:58:52.235000,30.9,30.9,30.95,45344897.0
2018-01-04 14:58:56.578000,30.9,30.9,30.95,45344897.0
2018-01-04 14:59:00.444000,30.9,30.9,30.95,45344897.0
2018-01-04 14:59:06.880000,30.9,30.9,30.95,45344997.0
2018-01-04 14:59:10.551000,30.9,30.9,30.95,45344997.0
2018-01-04 14:59:14.099000,30.9,30.9,30.95,45344997.0
2018-01-04 14:59:18.150000,30.9,30.9,30.95,45344997.0
2018-01-04 14:59:22.046000,30.9,30.9,30.95,45344997.0
2018-01-04 14:59:26.038000,30.9,30.9,30.95,45344997.0
2018-01-04 14:59:29.125000,30.9,30.9,30.95,45344997.0
2018-01-04 14:59:32.811000,30.9,30.9,30.95,45344997.0
2018-01-04 14:59:36.860000,30.9,30.9,30.95,45344997.0
2018-01-04 14:59:40.739000,30.9,30.9,30.95,45344997.0
2018-01-04 14:59:44.787000,30.9,30.9,30.95,45344997.0
2018-01-04 14:59:48.148000,30.9,30.9,30.95,45344997.0
2018-01-04 14:59:52.038000,30.9,30.9,30.95,45344997.0
2018-01-04 14:59:55.729000,30.9,30.9,30.95,45344997.0
2018-01-04 14:59:59.095000,30.9,30.9,30.95,45344997.0
2018-01-04 15:00:05.419000,30.9,30.9,30.95,45360997.0
2018-01-04 15:00:10.162000,30.9,30.9,30.95,45360997.0
2018-01-04 15:00:14.082000,30.9,30.9,30.95,45360997.0
2018-01-04 15:00:16.961000,30.9,30.9,30.95,45360997.0
2018-01-04 15:00:21.910000,,,,
2018-01-04 15:00:26.054000,30.9,30.9,30.95,45360997.0
2018-01-04 15:00:29.899000,30.9,30.9,30.95,45360997.0
2018-01-04 15:00:32.715000,30.9,30.9,30.95,45360997.0
2018-01-04 15:00:36.800000,30.9,30.9,30.95,45360997.0
2018-01-04 15:00:40.614000,30.9,30.9,30.95,45360997.0
2018-01-04 15:00:44.236000,30.9,30.9,30.95,45360997.0
2018-01-04 15:00:47.962000,30.9,30.9,30.95,45360997.0
2018-01-04 15:00:51.598000,30.9,30.9,30.95,45360997.0
2018-01-04 15:00:55.421000,30.9,30.9,30.95,45360997.0
2018-01-04 15:00:59.311000,30.9,30.9,30.95,45360997.0
2018-01-04 15:01:03.260000,30.9,30.9,30.95,45360997.0
2018-01-04 15:01:07.799000,30.9,30.9,30.95,45360997.0
2018-01-04 15:01:11.365000,30.9,30.9,30.95,45360997.0
2018-01-04 15:01:14.868000,30.9,30.9,30.95,45360997.0
2018-01-04 15:01:18.599000,30.9,30.9,30.95,45372197.0
2018-01-04 15:01:22.104000,30.9,30.9,30.95,45372197.0
2018-01-04 15:01:26.118000,30.9,30.9,30.95,45372197.0
2018-01-04 15:01:30.786000,30.9,30.9,30.95,45372197.0
2018-01-04 15:01:34.168000,30.9,30.9,30.95,45372197.0
2018-01-04 15:01:37.840000,30.9,30.9,30.95,45372197.0
2018-01-04 15:01:41.550000,30.9,30.9,30.95,45372197.0
2018-01-04 15:01:45.191000,30.9,30.9,30.95,45372197.0
2018-01-04 15:01:48.880000,30.9,30.9,30.95,45372197.0
2018-01-04 15:01:52.699000,30.9,30.9,30.95,45372197.0
2018-01-04 15:01:56.806000,30.9,30.9,30.95,45372197.0
2018-01-04 15:02:00.837000,30.9,30.9,30.95,45372197.0
2018-01-04 15:02:07.548000,30.9,30.9,30.95,45398197.0
2018-01-04 15:02:12.780000,30.9,30.9,30.95,45398197.0
2018-01-04 15:02:16.865000,30.9,30.9,30.95,45398197.0
2018-01-04 15:02:20.705000,30.9,30.9,30.95,45398197.0
2018-01-04 15:02:23.957000,30.9,30.9,30.95,45398197.0
2018-01-04 15:02:27.001000,30.9,30.9,30.95,45398197.0
2018-01-04 15:02:30.972000,30.9,30.9,30.95,45398197.0
2018-01-04 15:02:34.884000,30.9,30.9,30.95,45398197.0
2018-01-04 15:02:38.290000,30.9,30.9,30.95,45398197.0
2018-01-04 15:02:42.042000,30.9,30.9,30.95,45398197.0
2018-01-04 15:02:45.752000,30.9,30.85,30.9,45398197.0
2018-01-04 15:02:49.491000,30.9,30.85,30.9,45398197.0
2018-01-04 15:02:53.342000,30.9,30.85,30.9,45398197.0
2018-01-04 15:02:57.328000,30.9,30.85,30.9,45398197.0
2018-01-04 15:03:00.756000,30.9,30.85,30.9,45398197.0
2018-01-04 15:03:04.539000,30.9,30.85,30.9,45398197.0
2018-01-04 15:03:10.178000,30.9,30.85,30.9,45398197.0
2018-01-04 15:03:14.851000,30.9,30.85,30.9,45398197.0
2018-01-04 15:03:18.370000,30.9,30.85,30.9,45398197.0
2018-01-04 15:03:22.536000,30.9,30.85,30.9,45398197.0
2018-01-04 15:03:26.033000,30.9,30.85,30.9,45398197.0
2018-01-04 15:03:29.566000,30.9,30.85,30.9,45398197.0
2018-01-04 15:03:33.177000,30.9,30.85,30.9,45398197.0
2018-01-04 15:03:36.581000,30.9,30.85,30.9,45398197.0
2018-01-04 15:03:40.415000,30.95,30.9,30.95,45752697.0
2018-01-04 15:03:44.091000,30.95,30.9,30.95,45752697.0
2018-01-04 15:03:47.536000,30.95,30.9,30.95,45752697.0
2018-01-04 15:03:51.201000,30.95,30.9,30.95,45752697.0
2018-01-04 15:03:54.736000,30.95,30.9,30.95,45752697.0
2018-01-04 15:03:57.989000,30.95,30.9,30.95,45752697.0
2018-01-04 15:04:01.853000,30.95,30.9,30.95,45752697.0
2018-01-04 15:04:05.591000,30.95,30.9,30.95,45752697.0
2018-01-04 15:04:09.424000,30.95,30.9,30.95,45752697.0
2018-01-04 15:04:13.372000,30.95,30.9,30.95,45752697.0
2018-01-04 15:04:17.216000,30.95,30.9,30.95,45752697.0
2018-01-04 15:04:22.370000,30.95,30.9,30.95,45752697.0
2018-01-04 15:04:25.979000,30.95,30.9,30.95,45752697.0
2018-01-04 15:04:29.965000,30.95,30.9,30.95,45752697.0
2018-01-04 15:04:34.273000,30.95,30.9,30.95,45752697.0
2018-01-04 15:04:37.997000,30.95,30.9,30.95,45752697.0
2018-01-04 15:04:41.533000,30.95,30.9,30.95,45752697.0
2018-01-04 15:04:45.012000,30.95,30.9,30.95,45752697.0
2018-01-04 15:04:48.227000,30.95,30.9,30.95,45752697.0
2018-01-04 15:04:52.220000,30.95,30.9,30.95,45752697.0
2018-01-04 15:04:55.448000,30.95,30.9,30.95,45752697.0
2018-01-04 15:04:58.889000,30.95,30.9,30.95,45752697.0
2018-01-04 15:05:01.902000,30.95,30.9,30.95,45752697.0
2018-01-04 15:05:08.856000,30.95,30.9,30.95,45752697.0
2018-01-04 15:05:12.263000,30.95,30.9,30.95,45752697.0
2018-01-04 15:05:27.369000,30.95,30.9,30.95,45752697.0
2018-01-04 15:05:30.693000,30.95,30.9,30.95,45752697.0
2018-01-04 15:05:34.461000,30.95,30.9,30.95,45752697.0
2018-01-04 15:05:37.739000,30.95,30.9,30.95,45752697.0
2018-01-04 15:05:41.567000,30.95,30.9,30.95,45752697.0
2018-01-04 15:05:45.551000,30.9,30.9,30.95,45779697.0
2018-01-04 15:05:49.435000,30.9,30.9,30.95,45779697.0
2018-01-04 15:05:53.069000,30.9,30.9,30.95,45779697.0
2018-01-04 15:05:56.460000,30.9,30.9,30.95,45779697.0
2018-01-04 15:06:00.633000,30.9,30.9,30.95,45779697.0
2018-01-04 15:06:05.651000,30.9,30.9,30.95,45779697.0
2018-01-04 15:06:09.422000,30.9,30.9,30.95,45779697.0
2018-01-04 15:06:16.235000,30.9,30.9,30.95,45779697.0
2018-01-04 15:06:19.861000,30.9,30.9,30.95,45779697.0
2018-01-04 15:06:23.407000,30.9,30.9,30.95,45779697.0
2018-01-04 15:06:27.132000,30.9,30.9,30.95,45779697.0
2018-01-04 15:06:31.202000,30.9,30.9,30.95,45779697.0
2018-01-04 15:06:34.661000,30.9,30.9,30.95,45779697.0
2018-01-04 15:06:38.647000,30.9,30.9,30.95,45779697.0
2018-01-04 15:06:42.091000,30.9,30.9,30.95,45779697.0
2018-01-04 15:06:47.608000,30.9,30.9,30.95,45779697.0
2018-01-04 15:06:51.267000,30.9,30.9,30.95,45779697.0
2018-01-04 15:06:54.937000,30.9,30.9,30.95,45779697.0
2018-01-04 15:06:59.238000,30.9,30.9,30.95,45779697.0
2018-01-04 15:07:02.974000,30.9,30.9,30.95,45779697.0
2018-01-04 15:07:10.991000,30.9,30.9,30.95,45779697.0
2018-01-04 15:07:14.375000,30.9,30.9,30.95,45779697.0
2018-01-04 15:07:18.313000,30.9,30.9,30.95,45779697.0
2018-01-04 15:07:22.092000,30.9,30.9,30.95,45779697.0
2018-01-04 15:07:25.453000,30.9,30.9,30.95,45779697.0
2018-01-04 15:07:28.733000,30.9,30.9,30.95,45779697.0
2018-01-04 15:07:32.502000,30.9,30.9,30.95,45779697.0
2018-01-04 15:07:36.804000,30.9,30.9,30.95,45779697.0
2018-01-04 15:07:40.237000,30.9,30.9,30.95,45779697.0
2018-01-04 15:07:44.110000,30.9,30.9,30.95,45779697.0
2018-01-04 15:07:48.097000,30.9,30.9,30.95,45779697.0
2018-01-04 15:07:51.884000,30.9,30.9,30.95,45779697.0
2018-01-04 15:07:55.972000,30.9,30.9,30.95,45779697.0
2018-01-04 15:07:59.963000,30.9,30.9,30.95,45779697.0
2018-01-04 15:08:04.164000,30.9,30.9,30.95,45779697.0
2018-01-04 15:08:07.937000,30.9,30.9,30.95,45779697.0
2018-01-04 15:08:11.697000,30.9,30.9,30.95,45779697.0
2018-01-04 15:08:14.908000,30.9,30.9,30.95,45779697.0
2018-01-04 15:08:21.931000,30.95,30.9,30.95,45780197.0
2018-01-04 15:08:25.630000,30.95,30.9,30.95,45780197.0
2018-01-04 15:08:29.277000,30.95,30.9,30.95,45780197.0
2018-01-04 15:08:33.387000,30.95,30.9,30.95,45780197.0
2018-01-04 15:08:37.422000,30.95,30.9,30.95,45780197.0
2018-01-04 15:08:40.829000,30.95,30.9,30.95,45780197.0
2018-01-04 15:08:44.695000,30.95,30.9,30.95,45780197.0
2018-01-04 15:08:48.542000,30.95,30.9,30.95,45780197.0
2018-01-04 15:08:52.353000,30.95,30.9,30.95,45780197.0
2018-01-04 15:08:56.139000,30.95,30.9,30.95,45780197.0
2018-01-04 15:09:00.140000,30.95,30.9,30.95,45780197.0
2018-01-04 15:09:05.372000,30.95,30.9,30.95,45780197.0
2018-01-04 15:09:12.870000,30.95,30.9,30.95,45780197.0
2018-01-04 15:09:16.487000,30.95,30.9,30.95,45795697.0
2018-01-04 15:09:22.316000,30.95,30.9,30.95,45795697.0
2018-01-04 15:09:25.666000,30.95,30.9,30.95,45795697.0
2018-01-04 15:09:29.058000,30.95,30.9,30.95,45795697.0
2018-01-04 15:09:32.668000,30.95,30.9,30.95,45795697.0
2018-01-04 15:09:36.658000,30.95,30.9,30.95,45795697.0
2018-01-04 15:09:41.069000,30.95,30.9,30.95,45795697.0
2018-01-04 15:09:44.947000,30.95,30.9,30.95,45795697.0
2018-01-04 15:09:48.607000,30.95,30.9,30.95,45795697.0
2018-01-04 15:09:53.053000,30.95,30.9,30.95,45795697.0
2018-01-04 15:09:56.615000,30.95,30.9,30.95,45795697.0
2018-01-04 15:09:59.921000,30.95,30.9,30.95,45795697.0
2018-01-04 15:10:03.574000,30.95,30.9,30.95,45795697.0
2018-01-04 15:10:10.016000,30.95,30.9,30.95,45795697.0
2018-01-04 15:10:16.034000,30.95,30.9,30.95,45795697.0
2018-01-04 15:10:19.796000,30.95,30.9,30.95,45795697.0
2018-01-04 15:10:23.407000,30.95,30.9,30.95,45795697.0
2018-01-04 15:10:27.151000,30.95,30.9,30.95,45795697.0
2018-01-04 15:10:30.953000,30.95,30.9,30.95,45795697.0
2018-01-04 15:10:34.679000,30.95,30.9,30.95,45795697.0
2018-01-04 15:10:38.641000,30.95,30.9,30.95,45801697.0
2018-01-04 15:10:42.568000,30.95,30.9,30.95,45801697.0
2018-01-04 15:10:46.219000,30.95,30.9,30.95,45801697.0
2018-01-04 15:10:49.882000,30.95,30.9,30.95,45801697.0
2018-01-04 15:10:53.755000,30.95,30.9,30.95,45801697.0
2018-01-04 15:10:57.581000,30.95,30.9,30.95,45801697.0
2018-01-04 15:11:01.226000,30.95,30.9,30.95,45801697.0
2018-01-04 15:11:04.942000,30.95,30.9,30.95,45801697.0
2018-01-04 15:11:07.987000,30.95,30.9,30.95,45801697.0
2018-01-04 15:11:12.792000,30.95,30.9,30.95,45801697.0
2018-01-04 15:11:19.818000,30.95,30.9,30.95,45801697.0
2018-01-04 15:11:23.726000,30.95,30.9,30.95,45801697.0
2018-01-04 15:11:27.635000,30.95,30.9,30.95,45801697.0
2018-01-04 15:11:30.670000,30.95,30.9,30.95,45801697.0
2018-01-04 15:11:34.299000,30.95,30.9,30.95,45801697.0
2018-01-04 15:11:37.880000,30.95,30.9,30.95,45801697.0
2018-01-04 15:11:41.444000,30.95,30.9,30.95,45801697.0
2018-01-04 15:11:45.310000,30.95,30.9,30.95,45801697.0
2018-01-04 15:11:49.425000,30.95,30.9,30.95,45801697.0
2018-01-04 15:11:53.102000,30.95,30.9,30.95,45801697.0
2018-01-04 15:11:57.006000,30.95,30.9,30.95,45801697.0
2018-01-04 15:12:00.626000,30.9,30.9,30.95,45977197.0
2018-01-04 15:12:03.963000,30.9,30.9,30.95,45977197.0
2018-01-04 15:12:06.959000,30.9,30.9,30.95,45977197.0
2018-01-04 15:12:10.408000,30.9,30.9,30.95,45977197.0
2018-01-04 15:12:14.297000,30.9,30.9,30.95,45977197.0
2018-01-04 15:12:17.833000,30.9,30.9,30.95,45977197.0
2018-01-04 15:12:22.203000,30.9,30.9,30.95,45977197.0
2018-01-04 15:12:26.131000,30.9,30.9,30.95,45977197.0
2018-01-04 15:12:29.559000,30.9,30.9,30.95,45977197.0
2018-01-04 15:12:33.218000,30.9,30.9,30.95,45977197.0
2018-01-04 15:12:36.844000,30.9,30.9,30.95,45977197.0
2018-01-04 15:12:40.461000,30.9,30.9,30.95,45977197.0
2018-01-04 15:12:44.442000,30.9,30.9,30.95,45977197.0
2018-01-04 15:12:48.383000,30.9,30.9,30.95,45977197.0
2018-01-04 15:12:52.648000,30.9,30.9,30.95,45977197.0
2018-01-04 15:12:56.114000,30.9,30.9,30.95,45977197.0
2018-01-04 15:12:59.634000,30.9,30.9,30.95,45977197.0
2018-01-04 15:13:03.879000,30.9,30.9,30.95,45977197.0
2018-01-04 15:13:10.190000,30.9,30.9,30.95,45977197.0
2018-01-04 15:13:13.778000,30.9,30.9,30.95,45977197.0
2018-01-04 15:13:17.550000,30.9,30.9,30.95,46281697.0
2018-01-04 15:13:21.579000,30.9,30.9,30.95,46281697.0
2018-01-04 15:13:24.528000,30.9,30.9,30.95,46281697.0
2018-01-04 15:13:28.444000,30.9,30.9,30.95,46281697.0
2018-01-04 15:13:31.980000,30.9,30.9,30.95,46281697.0
2018-01-04 15:13:35.534000,30.9,30.9,30.95,46281697.0
2018-01-04 15:13:39.090000,30.9,30.9,30.95,46281697.0
2018-01-04 15:13:43.001000,30.9,30.9,30.95,46281697.0
2018-01-04 15:13:46.760000,30.9,30.9,30.95,46281697.0
2018-01-04 15:13:50.438000,30.9,30.9,30.95,46281697.0
2018-01-04 15:13:53.731000,30.9,30.9,30.95,46281697.0
2018-01-04 15:13:57.089000,30.9,30.9,30.95,46281697.0
2018-01-04 15:14:00.493000,30.9,30.9,30.95,46281697.0
2018-01-04 15:14:06.378000,30.9,30.9,30.95,46281697.0
2018-01-04 15:14:13.104000,30.9,30.9,30.95,46281697.0
