time,price,bid,ask,volume
2018-01-05 09:33:15.324000,5.32,5.31,5.32,44100.0
2018-01-05 09:33:19.844000,5.32,5.31,5.32,44100.0
2018-01-05 09:33:23.614000,5.32,5.31,5.32,44100.0
2018-01-05 09:33:27.340000,5.32,5.31,5.32,44100.0
2018-01-05 09:33:31.156000,5.32,5.31,5.32,44100.0
2018-01-05 09:33:35.087000,5.32,5.31,5.32,44100.0
2018-01-05 09:33:38.571000,5.32,5.31,5.32,44100.0
2018-01-05 09:33:42.704000,5.32,5.31,5.32,44100.0
2018-01-05 09:33:45.981000,5.32,5.31,5.32,44600.0
2018-01-05 09:33:49.961000,5.32,5.31,5.32,44600.0
2018-01-05 09:33:53.731000,5.32,5.31,5.32,44600.0
2018-01-05 09:33:57.884000,5.32,5.31,5.32,44600.0
2018-01-05 09:34:01.718000,5.32,5.31,5.32,44600.0
2018-01-05 09:34:05.344000,5.32,5.31,5.32,44600.0
2018-01-05 09:34:08.353000,5.32,5.31,5.32,44600.0
2018-01-05 09:34:12.422000,5.32,5.31,5.32,44600.0
2018-01-05 09:34:17.788000,5.32,5.31,5.32,44600.0
2018-01-05 09:34:21.430000,5.32,5.31,5.32,44600.0
2018-01-05 09:34:25.232000,5.32,5.31,5.32,44600.0
2018-01-05 09:34:28.591000,5.32,5.31,5.32,44600.0
2018-01-05 09:34:31.804000,5.32,5.31,5.32,44600.0
2018-01-05 09:34:35.557000,5.32,5.31,5.32,44600.0
2018-01-05 09:34:39.392000,5.32,5.31,5.32,44600.0
2018-01-05 09:34:43.176000,5.32,5.31,5.32,44600.0
2018-01-05 09:34:47.439000,5.32,5.31,5.32,44600.0
2018-01-05 09:34:51.451000,5.32,5.31,5.32,44600.0
2018-01-05 09:34:54.952000,5.32,5.31,5.32,44600.0
2018-01-05 09:34:58.529000,5.32,5.31,5.32,44600.0
2018-01-05 09:35:02.349000,5.32,5.31,5.32,44600.0
2018-01-05 09:35:07.749000,5.32,5.31,5.32,44600.0
2018-01-05 09:35:13.323000,5.32,5.31,5.32,44600.0
2018-01-05 09:35:16.962000,5.32,5.31,5.32,44600.0
2018-01-05 09:35:20.345000,5.32,5.31,5.32,44600.0
2018-01-05 09:35:23.825000,5.32,5.31,5.32,44600.0
2018-01-05 09:35:27.424000,5.32,5.31,5.32,44600.0
2018-01-05 09:35:31.415000,5.32,5.31,5.32,44600.0
2018-01-05 09:35:35.296000,5.32,5.31,5.32,44600.0
2018-01-05 09:35:39.261000,5.32,5.31,5.32,44600.0
2018-01-05 09:35:42.840000,5.32,5.31,5.32,44600.0
2018-01-05 09:35:48.164000,5.33,5.32,5.33,64600.0
2018-01-05 09:35:51.960000,5.33,5.32,5.33,64600.0
2018-01-05 09:35:55.325000,5.33,5.32,5.33,64600.0
2018-01-05 09:35:58.543000,5.33,5.32,5.33,64600.0
2018-01-05 09:36:01.930000,5.33,5.32,5.33,64600.0
2018-01-05 09:36:08.818000,5.33,5.32,5.33,64600.0
2018-01-05 09:36:12.178000,5.33,5.32,5.33,64600.0
2018-01-05 09:36:15.904000,5.33,5.32,5.33,64600.0
2018-01-05 09:36:19.543000,5.33,5.32,5.33,64600.0
2018-01-05 09:36:23.169000,5.33,5.32,5.33,64600.0
2018-01-05 09:36:27.145000,5.33,5.32,5.33,64600.0
2018-01-05 09:36:30.755000,5.33,5.32,5.33,64600.0
2018-01-05 09:36:34.703000,5.33,5.32,5.33,64600.0
2018-01-05 09:36:38.156000,5.33,5.32,5.33,64600.0
2018-01-05 09:36:41.703000,5.33,5.32,5.33,64600.0
2018-01-05 09:36:45.600000,5.33,5.32,5.33,64600.0
2018-01-05 09:36:49.068000,5.33,5.32,5.33,64600.0
2018-01-05 09:36:52.763000,5.33,5.32,5.33,64600.0
2018-01-05 09:36:56.963000,5.33,5.32,5.33,64600.0
2018-01-05 09:37:00.854000,5.33,5.32,5.33,64600.0
2018-01-05 09:37:04.329000,5.33,5.32,5.33,64600.0
2018-01-05 09:37:08.001000,5.33,5.32,5.33,64600.0
2018-01-05 09:37:11.726000,5.33,5.32,5.33,64600.0
2018-01-05 09:37:15.748000,5.33,5.32,5.33,64600.0
2018-01-05 09:37:19.598000,5.33,5.32,5.33,64600.0
2018-01-05 09:37:23.495000,5.33,5.32,5.33,64600.0
2018-01-05 09:37:27.236000,5.33,5.32,5.33,64600.0
2018-01-05 09:37:31.358000,5.33,5.32,5.33,64600.0
2018-01-05 09:37:34.445000,5.33,5.32,5.33,64600.0
2018-01-05 09:37:38.194000,5.33,5.32,5.33,64600.0
2018-01-05 09:37:41.858000,5.33,5.32,5.33,64600.0
2018-01-05 09:37:45.592000,5.33,5.32,5.33,64600.0
2018-01-05 09:37:49.080000,5.33,5.32,5.33,64600.0
2018-01-05 09:37:52.911000,5.33,5.32,5.33,64600.0
2018-01-05 09:37:56.351000,5.33,5.32,5.33,64600.0
2018-01-05 09:38:00.377000,5.33,5.32,5.33,64600.0
2018-01-05 09:38:04.718000,5.33,5.32,5.33,64600.0
2018-01-05 09:38:07.960000,5.33,5.32,5.33,64600.0
2018-01-05 09:38:11.640000,5.33,5.32,5.33,64600.0
2018-01-05 09:38:15.396000,5.33,5.32,5.33,64600.0
2018-01-05 09:38:19.898000,5.33,5.32,5.33,64600.0
2018-01-05 09:38:23.416000,5.33,5.32,5.33,64600.0
2018-01-05 09:38:27.006000,5.33,5.32,5.33,64800.0
2018-01-05 09:38:30.752000,5.33,5.32,5.33,64800.0
2018-01-05 09:38:33.947000,5.33,5.32,5.33,64800.0
2018-01-05 09:38:37.649000,5.33,5.32,5.33,64800.0
2018-01-05 09:38:41.265000,5.33,5.32,5.33,64800.0
2018-01-05 09:38:44.665000,5.33,5.32,5.33,64800.0
2018-01-05 09:38:48.090000,5.33,5.32,5.33,64800.0
2018-01-05 09:38:52.093000,5.33,5.32,5.33,64800.0
2018-01-05 09:38:55.850000,5.33,5.32,5.33,64800.0
2018-01-05 09:38:59.910000,5.33,5.32,5.33,64800.0
2018-01-05 09:39:03.665000,5.33,5.32,5.33,64800.0
2018-01-05 09:39:09.266000,5.33,5.32,5.33,64800.0
2018-01-05 09:39:16.804000,5.33,5.32,5.33,64800.0
2018-01-05 09:39:20.591000,5.33,5.32,5.33,64800.0
2018-01-05 09:39:23.819000,5.33,5.32,5.33,64800.0
2018-01-05 09:39:27.624000,5.33,5.32,5.33,64800.0
2018-01-05 09:39:31.932000,5.33,5.32,5.33,64800.0
2018-01-05 09:39:35.720000,5.33,5.32,5.33,64800.0
2018-01-05 09:39:39.126000,5.33,5.32,5.33,64800.0
2018-01-05 09:39:42.862000,5.33,5.31,5.33,64800.0
2018-01-05 09:39:46.616000,5.33,5.31,5.33,64800.0
2018-01-05 09:39:49.992000,5.33,5.31,5.33,64800.0
2018-01-05 09:39:53.632000,5.33,5.31,5.33,64800.0
2018-01-05 09:39:57.264000,5.33,5.31,5.33,64800.0
2018-01-05 09:40:00.699000,5.32,5.31,5.33,125500.0
2018-01-05 09:40:04.193000,5.32,5.31,5.33,125500.0
2018-01-05 09:40:07.017000,5.32,5.31,5.33,125500.0
2018-01-05 09:40:10.402000,5.32,5.31,5.33,125500.0
2018-01-05 09:40:13.978000,5.32,5.31,5.33,125500.0
2018-01-05 09:40:19.019000,5.32,5.31,5.33,125500.0
2018-01-05 09:40:22.924000,5.32,5.31,5.33,125500.0
2018-01-05 09:40:26.774000,5.32,5.31,5.33,125500.0
2018-01-05 09:40:30.887000,5.32,5.31,5.33,125500.0
2018-01-05 09:40:35.112000,5.32,5.31,5.33,176800.0
2018-01-05 09:40:38.434000,5.32,5.31,5.33,176800.0
2018-01-05 09:40:42.200000,5.32,5.31,5.33,176800.0
2018-01-05 09:40:46.053000,5.32,5.31,5.33,176800.0
2018-01-05 09:40:49.252000,5.32,5.31,5.33,176800.0
2018-01-05 09:40:52.581000,5.32,5.31,5.33,176800.0
2018-01-05 09:40:56.329000,5.32,5.31,5.33,176800.0
2018-01-05 09:40:59.815000,5.32,5.31,5.33,176800.0
2018-01-05 09:41:03.619000,5.32,5.31,5.33,176800.0
2018-01-05 09:41:07.453000,5.32,5.31,5.33,176800.0
2018-01-05 09:41:11.716000,5.32,5.31,5.33,176800.0
2018-01-05 09:41:15.426000,5.32,5.31,5.33,176800.0
2018-01-05 09:41:19.416000,5.32,5.31,5.33,176800.0
2018-01-05 09:41:23.591000,5.32,5.31,5.33,176800.0
2018-01-05 09:41:27.598000,5.32,5.31,5.33,176800.0
2018-01-05 09:41:31.446000,5.32,5.31,5.32,276800.0
2018-01-05 09:41:35.140000,5.32,5.31,5.32,276800.0
2018-01-05 09:41:39,5.32,5.31,5.32,276800.0
2018-01-05 09:41:42.967000,5.32,5.31,5.32,276800.0
2018-01-05 09:41:46.226000,5.32,5.31,5.32,276800.0
2018-01-05 09:41:49.942000,5.32,5.31,5.32,276800.0
2018-01-05 09:41:53.467000,5.32,5.31,5.32,276800.0
2018-01-05 09:41:57.364000,5.32,5.31,5.32,276800.0
2018-01-05 09:42:01.374000,5.32,5.31,5.32,276800.0
2018-01-05 09:42:08.214000,5.32,5.31,5.32,276800.0
2018-01-05 09:42:11.667000,5.32,5.31,5.32,276800.0
2018-01-05 09:42:15.136000,5.32,5.31,5.32,276800.0
2018-01-05 09:42:18.636000,5.32,5.31,5.32,276800.0
2018-01-05 09:42:22.231000,5.32,5.31,5.32,276800.0
2018-01-05 09:42:25.746000,5.32,5.31,5.32,276800.0
2018-01-05 09:42:30.056000,5.32,5.31,5.32,276800.0
2018-01-05 09:42:33.687000,5.32,5.31,5.32,276800.0
2018-01-05 09:42:37.203000,5.32,5.31,5.32,276800.0
2018-01-05 09:42:40.571000,5.32,5.31,5.32,276800.0
2018-01-05 09:42:43.915000,5.32,5.31,5.32,276800.0
2018-01-05 09:42:47.143000,5.32,5.31,5.32,276800.0
2018-01-05 09:42:51.250000,5.32,5.31,5.32,276800.0
2018-01-05 09:42:54.400000,5.32,5.31,5.32,276800.0
2018-01-05 09:42:58.600000,5.32,5.31,5.32,276800.0
2018-01-05 09:43:02.303000,5.32,5.31,5.32,276800.0
2018-01-05 09:43:07.904000,5.32,5.31,5.32,276800.0
2018-01-05 09:43:11.979000,5.32,5.31,5.32,276800.0
2018-01-05 09:43:15.385000,5.32,5.31,5.32,276800.0
2018-01-05 09:43:19.164000,5.32,5.31,5.32,276800.0
2018-01-05 09:43:23.132000,5.32,5.31,5.32,276800.0
2018-01-05 09:43:26.512000,5.32,5.31,5.32,276800.0
2018-01-05 09:43:29.943000,5.32,5.31,5.32,276800.0
2018-01-05 09:43:33.757000,5.32,5.31,5.32,276800.0
2018-01-05 09:43:37.179000,5.32,5.31,5.32,276800.0
2018-01-05 09:43:40.236000,5.32,5.31,5.32,276800.0
2018-01-05 09:43:43.751000,5.32,5.31,5.32,276800.0
2018-01-05 09:43:47.167000,5.32,5.31,5.32,276800.0
2018-01-05 09:43:50.527000,5.32,5.31,5.32,276800.0
2018-01-05 09:43:54.423000,5.32,5.31,5.32,276800.0
2018-01-05 09:43:57.764000,5.32,5.31,5.32,276800.0
2018-01-05 09:44:01.330000,5.32,5.31,5.32,276800.0
2018-01-05 09:44:05.655000,5.32,5.31,5.32,276800.0
2018-01-05 09:44:09.209000,5.32,5.31,5.32,276800.0
2018-01-05 09:44:13.339000,5.32,5.31,5.32,276800.0
2018-01-05 09:44:17.206000,5.32,5.31,5.32,276800.0
2018-01-05 09:44:21.202000,5.32,5.31,5.32,276800.0
2018-01-05 09:44:24.540000,5.32,5.31,5.32,276800.0
2018-01-05 09:44:28.536000,5.32,5.31,5.32,276800.0
2018-01-05 09:44:32.146000,5.32,5.31,5.32,276800.0
2018-01-05 09:44:35.568000,5.32,5.31,5.32,276800.0
2018-01-05 09:44:38.858000,5.32,5.31,5.32,276800.0
2018-01-05 09:44:42.328000,5.32,5.31,5.32,276800.0
2018-01-05 09:44:46.449000,5.32,5.31,5.32,276800.0
2018-01-05 09:44:50.238000,5.32,5.31,5.32,276800.0
2018-01-05 09:44:54.313000,5.32,5.31,5.32,276800.0
2018-01-05 09:44:57.982000,5.32,5.31,5.32,276800.0
2018-01-05 09:45:00.886000,5.32,5.31,5.32,276800.0
2018-01-05 09:45:05.059000,5.32,5.31,5.32,276800.0
2018-01-05 09:45:08.835000,5.32,5.31,5.32,276800.0
2018-01-05 09:45:12.909000,5.32,5.31,5.32,276800.0
2018-01-05 09:45:16.038000,5.32,5.31,5.32,276800.0
2018-01-05 09:45:19.576000,5.32,5.31,5.32,278800.0
2018-01-05 09:45:23.341000,5.32,5.31,5.32,278800.0
2018-01-05 09:45:26.715000,5.32,5.31,5.32,278800.0
2018-01-05 09:45:30.723000,5.32,5.31,5.32,278800.0
2018-01-05 09:45:34.876000,5.32,5.31,5.32,278800.0
2018-01-05 09:45:38.680000,5.32,5.31,5.32,278800.0
2018-01-05 09:45:41.976000,5.32,5.31,5.32,278800.0
2018-01-05 09:45:45.664000,5.32,5.31,5.32,278800.0
2018-01-05 09:45:49.039000,5.32,5.31,5.32,278800.0
2018-01-05 09:45:52.330000,5.32,5.31,5.32,278800.0
2018-01-05 09:45:55.976000,5.32,5.31,5.32,278800.0
2018-01-05 09:45:59.901000,5.32,5.31,5.32,278800.0
2018-01-05 09:46:03.301000,5.32,5.31,5.32,278800.0
2018-01-05 09:46:07.177000,5.32,5.31,5.32,278800.0
2018-01-05 09:46:12.280000,5.32,5.31,5.32,278800.0
2018-01-05 09:46:19.139000,5.32,5.31,5.32,278800.0
2018-01-05 09:46:23.355000,5.32,5.31,5.32,278800.0
2018-01-05 09:46:27.571000,5.32,5.31,5.32,278800.0
2018-01-05 09:46:30.753000,5.32,5.31,5.32,278800.0
2018-01-05 09:46:34.284000,5.32,5.31,5.32,278800.0
2018-01-05 09:46:37.293000,5.32,5.31,5.32,278800.0
2018-01-05 09:46:41.191000,5.32,5.31,5.32,278800.0
2018-01-05 09:46:44.862000,5.32,5.31,5.32,278800.0
2018-01-05 09:46:48.175000,5.32,5.31,5.32,278800.0
2018-01-05 09:46:51.575000,5.32,5.31,5.32,278800.0
2018-01-05 09:46:55,5.32,5.31,5.32,278800.0
2018-01-05 09:46:58.902000,5.32,5.31,5.32,278800.0
2018-01-05 09:47:02.347000,5.32,5.31,5.32,278800.0
2018-01-05 09:47:06.197000,5.32,5.31,5.32,278800.0
2018-01-05 09:47:09.923000,5.32,5.31,5.32,278800.0
2018-01-05 09:47:13.960000,5.32,5.31,5.32,278800.0
2018-01-05 09:47:17.795000,5.32,5.31,5.32,278800.0
2018-01-05 09:47:21.535000,5.32,5.31,5.32,278800.0
2018-01-05 09:47:24.882000,5.32,5.31,5.32,278800.0
2018-01-05 09:47:28.730000,5.31,5.31,5.32,290200.0
2018-01-05 09:47:32.511000,5.31,5.31,5.32,290200.0
2018-01-05 09:47:36.425000,5.31,5.31,5.32,290200.0
2018-01-05 09:47:39.992000,5.31,5.31,5.32,290200.0
2018-01-05 09:47:44.208000,5.31,5.31,5.32,290200.0
2018-01-05 09:47:47.149000,5.31,5.31,5.32,290200.0
2018-01-05 09:47:50.859000,5.31,5.31,5.32,290200.0
2018-01-05 09:47:54.211000,5.31,5.31,5.32,290200.0
2018-01-05 09:47:57.695000,5.31,5.31,5.32,290200.0
2018-01-05 09:48:01.359000,5.31,5.31,5.32,290200.0
2018-01-05 09:48:04.430000,5.31,5.31,5.32,290200.0
2018-01-05 09:48:07.511000,5.31,5.31,5.32,290200.0
2018-01-05 09:48:10.824000,5.31,5.31,5.32,290200.0
2018-01-05 09:48:13.842000,5.31,5.31,5.32,290200.0
2018-01-05 09:48:17.840000,5.31,5.31,5.32,290200.0
2018-01-05 09:48:21.879000,5.31,5.31,5.32,290200.0
2018-01-05 09:48:26.116000,5.31,5.31,5.32,290200.0
2018-01-05 09:48:30.168000,5.31,5.31,5.32,297600.0
2018-01-05 09:48:34.181000,5.31,5.31,5.32,297600.0
2018-01-05 09:48:37.775000,5.31,5.31,5.32,297600.0
2018-01-05 09:48:41.974000,5.31,5.31,5.32,297600.0
2018-01-05 09:48:45.250000,5.31,5.31,5.32,297600.0
2018-01-05 09:48:48.932000,5.31,5.31,5.32,297600.0
2018-01-05 09:48:52.277000,5.31,5.31,5.32,297600.0
2018-01-05 09:48:55.829000,5.31,5.31,5.32,297600.0
2018-01-05 09:48:59.094000,5.31,5.31,5.32,297600.0
2018-01-05 09:49:02.354000,5.31,5.31,5.32,297600.0
2018-01-05 09:49:05.869000,5.31,5.31,5.32,297600.0
2018-01-05 09:49:09.051000,5.31,5.31,5.32,297600.0
2018-01-05 09:49:16.013000,5.31,5.31,5.32,297600.0
2018-01-05 09:49:19.644000,5.31,5.31,5.32,297600.0
2018-01-05 09:49:23.148000,5.31,5.31,5.32,297600.0
2018-01-05 09:49:26.761000,5.31,5.31,5.32,297600.0
2018-01-05 09:49:30.751000,5.31,5.31,5.32,297600.0
2018-01-05 09:49:34.826000,5.31,5.31,5.32,297600.0
2018-01-05 09:49:38.217000,5.31,5.31,5.32,297600.0
2018-01-05 09:49:41.997000,5.31,5.31,5.32,297600.0
2018-01-05 09:49:45.817000,5.31,5.31,5.32,297600.0
2018-01-05 09:49:49.512000,5.31,5.31,5.32,297600.0
2018-01-05 09:49:53.011000,5.31,5.31,5.32,297600.0
2018-01-05 09:49:56.962000,5.31,5.31,5.32,297600.0
2018-01-05 09:50:01,5.31,5.31,5.32,297600.0
2018-01-05 09:50:05.643000,5.31,5.31,5.32,297600.0
2018-01-05 09:50:09.064000,5.31,5.31,5.32,297600.0
2018-01-05 09:50:14.899000,5.31,5.31,5.32,297600.0
2018-01-05 09:50:22.077000,5.31,5.31,5.32,297600.0
2018-01-05 09:50:25.483000,5.31,5.31,5.32,297600.0
2018-01-05 09:50:29.840000,5.31,5.31,5.32,297600.0
2018-01-05 09:50:34.035000,5.31,5.31,5.32,297600.0
2018-01-05 09:50:38.318000,5.31,5.31,5.32,297600.0
2018-01-05 09:50:42.635000,5.31,5.31,5.32,297600.0
2018-01-05 09:50:46.322000,5.31,5.31,5.32,297600.0
2018-01-05 09:50:49.744000,5.31,5.31,5.32,297600.0
2018-01-05 09:50:53.828000,5.31,5.31,5.32,297600.0
2018-01-05 09:50:57.339000,5.31,5.31,5.32,297600.0
2018-01-05 09:51:00.782000,5.31,5.31,5.32,297600.0
2018-01-05 09:51:04.919000,5.31,5.31,5.32,297600.0
2018-01-05 09:51:08.216000,5.31,5.31,5.32,297600.0
2018-01-05 09:51:12.343000,5.31,5.31,5.32,297600.0
2018-01-05 09:51:15.959000,5.32,5.31,5.32,308500.0
2018-01-05 09:51:19.923000,5.32,5.31,5.32,308500.0
2018-01-05 09:51:22.785000,5.32,5.31,5.32,308500.0
2018-01-05 09:51:26.620000,5.32,5.31,5.32,308500.0
2018-01-05 09:51:30.454000,5.32,5.31,5.32,308500.0
2018-01-05 09:51:33.814000,5.32,5.31,5.32,308500.0
2018-01-05 09:51:37.444000,5.32,5.31,5.32,308500.0
2018-01-05 09:51:41.529000,5.32,5.31,5.32,308500.0
2018-01-05 09:51:45.121000,5.32,5.31,5.32,308500.0
2018-01-05 09:51:48.973000,5.32,5.31,5.32,308500.0
2018-01-05 09:51:52.699000,5.32,5.31,5.32,308500.0
2018-01-05 09:51:56.246000,5.32,5.31,5.32,308500.0
2018-01-05 09:51:59.636000,5.32,5.31,5.32,308500.0
2018-01-05 09:52:06.536000,5.32,5.31,5.32,308500.0
2018-01-05 09:52:09.945000,5.32,5.31,5.32,308500.0
2018-01-05 09:52:14.065000,5.32,5.31,5.32,308500.0
2018-01-05 09:52:18.072000,5.32,5.31,5.32,308500.0
2018-01-05 09:52:22.084000,5.33,5.32,5.33,314500.0
2018-01-05 09:52:25.646000,5.33,5.32,5.33,314500.0
2018-01-05 09:52:28.843000,5.33,5.32,5.33,314500.0
2018-01-05 09:52:32.641000,5.33,5.32,5.33,314500.0
2018-01-05 09:52:35.937000,5.33,5.32,5.33,314500.0
2018-01-05 09:52:39.801000,5.33,5.32,5.33,314500.0
2018-01-05 09:52:43.878000,5.33,5.32,5.33,314500.0
2018-01-05 09:52:47.157000,5.33,5.32,5.33,314500.0
2018-01-05 09:52:50.591000,5.33,5.32,5.33,314500.0
2018-01-05 09:52:53.986000,5.33,5.32,5.33,314500.0
2018-01-05 09:52:57.447000,5.33,5.32,5.33,314500.0
2018-01-05 09:53:04.117000,5.33,5.32,5.33,314500.0
2018-01-05 09:53:08.620000,5.33,5.32,5.33,314500.0
2018-01-05 09:53:12.430000,5.33,5.32,5.33,314500.0
2018-01-05 09:53:19.611000,5.33,5.32,5.33,314500.0
2018-01-05 09:53:23.429000,5.33,5.32,5.33,314500.0
2018-01-05 09:53:26.752000,5.33,5.32,5.33,314500.0
2018-01-05 09:53:30.810000,5.33,5.32,5.33,314500.0
2018-01-05 09:53:34.614000,5.33,5.32,5.33,314500.0
2018-01-05 09:53:37.909000,5.33,5.32,5.33,314500.0
2018-01-05 09:53:41.520000,5.33,5.32,5.33,314500.0
2018-01-05 09:53:44.909000,5.33,5.32,5.33,314500.0
2018-01-05 09:53:48.802000,5.33,5.32,5.33,314500.0
2018-01-05 09:53:52.814000,5.33,5.32,5.33,314500.0
2018-01-05 09:53:56.013000,5.33,5.32,5.33,314500.0
2018-01-05 09:53:59.636000,5.33,5.32,5.33,314500.0
2018-01-05 09:54:03.743000,5.32,5.31,5.32,316700.0
2018-01-05 09:54:10.252000,5.32,5.31,5.32,316700.0
2018-01-05 09:54:13.561000,5.32,5.31,5.32,316700.0
2018-01-05 09:54:17.091000,5.32,5.31,5.32,316700.0
2018-01-05 09:54:20.957000,5.32,5.31,5.32,316700.0
2018-01-05 09:54:24.060000,5.32,5.31,5.32,316700.0
2018-01-05 09:54:27.959000,5.32,5.31,5.32,316700.0
2018-01-05 09:54:31.853000,5.32,5.31,5.32,316700.0
2018-01-05 09:54:35.671000,5.32,5.31,5.32,316700.0
2018-01-05 09:54:39.841000,5.32,5.31,5.32,316700.0
2018-01-05 09:54:43.912000,5.32,5.31,5.32,316700.0
2018-01-05 09:54:47.736000,5.32,5.31,5.32,316700.0
2018-01-05 09:54:50.916000,5.32,5.31,5.32,316700.0
2018-01-05 09:54:54.964000,5.32,5.31,5.32,316700.0
2018-01-05 09:54:59.519000,5.32,5.31,5.32,316700.0
2018-01-05 09:55:03.135000,5.32,5.31,5.32,316700.0
2018-01-05 09:55:08.860000,5.32,5.31,5.32,316700.0
2018-01-05 09:55:12.470000,5.32,5.31,5.32,316700.0
2018-01-05 09:55:20.348000,5.32,5.31,5.32,316700.0
2018-01-05 09:55:24.166000,5.32,5.31,5.32,316700.0
2018-01-05 09:55:27.944000,5.32,5.31,5.32,316700.0
2018-01-05 09:55:33.141000,5.32,5.31,5.32,316700.0
2018-01-05 09:55:37.242000,5.32,5.31,5.32,316700.0
2018-01-05 09:55:40.423000,5.32,5.31,5.32,316700.0
2018-01-05 09:55:44.452000,5.32,5.31,5.32,316700.0
2018-01-05 09:55:47.925000,5.32,5.31,5.32,316700.0
2018-01-05 09:55:51.467000,5.32,5.31,5.32,316700.0
2018-01-05 09:55:54.789000,5.32,5.31,5.32,316700.0
2018-01-05 09:55:58.817000,5.32,5.31,5.32,316700.0
2018-01-05 09:56:02.141000,5.32,5.31,5.32,316700.0
2018-01-05 09:56:07.202000,5.32,5.31,5.32,316700.0
2018-01-05 09:56:13.503000,5.32,5.31,5.32,316700.0
2018-01-05 09:56:17.509000,5.32,5.31,5.32,316700.0
2018-01-05 09:56:20.884000,5.32,5.31,5.32,316700.0
2018-01-05 09:56:24.524000,5.32,5.31,5.32,316700.0
2018-01-05 09:56:28.281000,5.32,5.31,5.32,316700.0
2018-01-05 09:56:31.054000,5.32,5.31,5.32,316700.0
2018-01-05 09:56:35.045000,5.32,5.31,5.32,316700.0
2018-01-05 09:56:38.641000,5.32,5.31,5.32,316700.0
2018-01-05 09:56:42.002000,5.32,5.31,5.32,316700.0
2018-01-05 09:56:45.719000,5.32,5.31,5.32,316700.0
2018-01-05 09:56:49.475000,5.32,5.31,5.32,316700.0
2018-01-05 09:56:53.258000,5.32,5.31,5.32,316700.0
2018-01-05 09:56:56.601000,5.32,5.31,5.32,316700.0
2018-01-05 09:57:00.294000,5.32,5.31,5.32,316700.0
2018-01-05 09:57:03.329000,5.32,5.31,5.32,316700.0
2018-01-05 09:57:10.283000,5.32,5.31,5.32,316700.0
2018-01-05 09:57:13.589000,5.32,5.31,5.32,316700.0
2018-01-05 09:57:19.896000,5.32,5.31,5.32,316700.0
2018-01-05 09:57:23.375000,5.32,5.31,5.32,316700.0
2018-01-05 09:57:27.417000,5.32,5.31,5.32,316700.0
2018-01-05 09:57:31.055000,5.32,5.31,5.32,316700.0
2018-01-05 09:57:34.626000,5.32,5.31,5.32,316700.0
2018-01-05 09:57:37.839000,5.32,5.31,5.32,316700.0
2018-01-05 09:57:41.736000,5.32,5.31,5.32,316700.0
2018-01-05 09:57:45.664000,5.32,5.31,5.32,316700.0
2018-01-05 09:57:49.240000,5.32,5.31,5.32,316700.0
2018-01-05 09:57:52.846000,5.32,5.31,5.32,316700.0
2018-01-05 09:57:56.530000,5.32,5.31,5.32,316700.0
2018-01-05 09:58:00.349000,5.32,5.31,5.32,316700.0
2018-01-05 09:58:03.147000,5.32,5.31,5.32,316700.0
2018-01-05 09:58:06.727000,5.32,5.31,5.32,316700.0
2018-01-05 09:58:10.587000,5.32,5.31,5.32,316700.0
2018-01-05 09:58:13.711000,5.32,5.31,5.32,316700.0
2018-01-05 09:58:17.546000,5.32,5.31,5.32,316700.0
2018-01-05 09:58:20.541000,5.32,5.31,5.32,316700.0
2018-01-05 09:58:24.406000,5.32,5.31,5.32,316700.0
2018-01-05 09:58:28.396000,5.32,5.31,5.32,316700.0
2018-01-05 09:58:32.043000,5.32,5.31,5.32,316700.0
2018-01-05 09:58:36.212000,5.32,5.31,5.32,316700.0
2018-01-05 09:58:39.853000,5.32,5.31,5.32,316700.0
2018-01-05 09:58:43.781000,5.32,5.31,5.32,316700.0
2018-01-05 09:58:47.094000,5.32,5.31,5.32,316700.0
2018-01-05 09:58:51.073000,5.32,5.32,5.33,316900.0
2018-01-05 09:58:54.507000,5.32,5.32,5.33,316900.0
2018-01-05 09:58:57.937000,5.32,5.32,5.33,316900.0
2018-01-05 09:59:01.360000,5.32,5.32,5.33,316900.0
2018-01-05 09:59:04.750000,5.32,5.32,5.33,316900.0
2018-01-05 09:59:08.763000,5.32,5.32,5.33,316900.0
2018-01-05 09:59:12.467000,5.32,5.32,5.33,316900.0
2018-01-05 09:59:15.726000,5.32,5.32,5.33,316900.0
2018-01-05 09:59:19.342000,5.32,5.32,5.33,316900.0
2018-01-05 09:59:23.042000,5.32,5.32,5.33,316900.0
2018-01-05 09:59:26.786000,5.32,5.32,5.33,316900.0
2018-01-05 09:59:30.380000,5.32,5.32,5.33,316900.0
2018-01-05 09:59:33.327000,5.32,5.32,5.33,316900.0
2018-01-05 09:59:37.301000,5.32,5.32,5.33,316900.0
2018-01-05 09:59:41.247000,5.32,5.32,5.33,316900.0
2018-01-05 09:59:44.604000,5.32,5.32,5.33,316900.0
2018-01-05 09:59:48.182000,5.32,5.32,5.33,316900.0
2018-01-05 09:59:51.683000,5.32,5.32,5.33,316900.0
2018-01-05 09:59:55.518000,5.32,5.32,5.33,316900.0
2018-01-05 09:59:59.034000,5.32,5.32,5.33,316900.0
2018-01-05 10:00:02.944000,5.32,5.32,5.33,316900.0
2018-01-05 10:00:06.625000,5.32,5.32,5.33,316900.0
2018-01-05 10:00:10.234000,5.32,5.32,5.33,316900.0
2018-01-05 10:00:14.324000,5.32,5.32,5.33,316900.0
2018-01-05 10:00:17.856000,5.32,5.32,5.33,316900.0
2018-01-05 10:00:21.340000,5.32,5.32,5.33,316900.0
2018-01-05 10:00:24.188000,5.32,5.32,5.33,316900.0
2018-01-05 10:00:27.813000,5.32,5.32,5.33,316900.0
2018-01-05 10:00:31.078000,5.32,5.32,5.33,316900.0
2018-01-05 10:00:34.370000,5.32,5.32,5.33,316900.0
2018-01-05 10:00:37.581000,5.32,5.32,5.33,316900.0
2018-01-05 10:00:41.150000,5.32,5.32,5.33,316900.0
2018-01-05 10:00:44.488000,5.32,5.32,5.33,316900.0
2018-01-05 10:00:48.124000,5.32,5.32,5.33,316900.0
2018-01-05 10:00:51.597000,5.32,5.32,5.33,316900.0
2018-01-05 10:00:55.306000,5.32,5.32,5.33,316900.0
2018-01-05 10:00:58.822000,5.32,5.32,5.33,316900.0
2018-01-05 10:01:02.914000,5.32,5.32,5.33,316900.0
2018-01-05 10:01:07.144000,5.32,5.32,5.33,316900.0
2018-01-05 10:01:10.388000,5.32,5.32,5.33,316900.0
2018-01-05 10:01:14.448000,5.32,5.32,5.33,316900.0
2018-01-05 10:01:17.848000,5.32,5.32,5.33,316900.0
2018-01-05 10:01:21.016000,5.32,5.32,5.33,316900.0
2018-01-05 10:01:24.264000,5.32,5.32,5.33,316900.0
2018-01-05 10:01:28.103000,5.32,5.32,5.33,316900.0
2018-01-05 10:01:32.330000,5.32,5.32,5.33,316900.0
2018-01-05 10:01:36.051000,5.32,5.32,5.33,316900.0
2018-01-05 10:01:39.314000,5.32,5.32,5.33,316900.0
2018-01-05 10:01:43.270000,5.32,5.32,5.33,316900.0
2018-01-05 10:01:46.852000,5.32,5.32,5.33,316900.0
2018-01-05 10:01:50.399000,5.32,5.32,5.33,316900.0
2018-01-05 10:01:54.027000,5.32,5.32,5.33,316900.0
2018-01-05 10:01:57.908000,5.32,5.32,5.33,316900.0
2018-01-05 10:02:01.615000,5.32,5.32,5.33,316900.0
2018-01-05 10:02:07.030000,5.32,5.32,5.33,316900.0
2018-01-05 10:02:10.333000,5.32,5.32,5.33,316900.0
2018-01-05 10:02:16.018000,5.32,5.32,5.33,316900.0
2018-01-05 10:02:19.868000,5.32,5.32,5.33,316900.0
2018-01-05 10:02:23.968000,5.32,5.32,5.33,316900.0
2018-01-05 10:02:27.469000,5.32,5.32,5.33,316900.0
2018-01-05 10:02:30.912000,5.32,5.32,5.33,316900.0
2018-01-05 10:02:34.328000,5.32,5.32,5.33,316900.0
2018-01-05 10:02:37.890000,5.32,5.32,5.33,316900.0
2018-01-05 10:02:42.007000,5.32,5.32,5.33,316900.0
2018-01-05 10:02:45.241000,5.32,5.32,5.33,316900.0
2018-01-05 10:02:49.193000,5.32,5.32,5.33,316900.0
2018-01-05 10:02:52.925000,5.32,5.32,5.33,316900.0
2018-01-05 10:02:56.792000,5.32,5.32,5.33,316900.0
2018-01-05 10:03:00.229000,5.32,5.32,5.33,316900.0
2018-01-05 10:03:04.319000,5.32,5.32,5.33,316900.0
2018-01-05 10:03:09.121000,5.32,5.32,5.33,316900.0
2018-01-05 10:03:15.949000,5.32,5.32,5.33,316900.0
2018-01-05 10:03:19.620000,5.32,5.32,5.33,316900.0
2018-01-05 10:03:23.279000,5.32,5.32,5.33,316900.0
2018-01-05 10:03:27.304000,5.32,5.32,5.33,316900.0
2018-01-05 10:03:31.147000,5.32,5.32,5.33,316900.0
2018-01-05 10:03:34.498000,5.32,5.32,5.33,316900.0
2018-01-05 10:03:37.789000,5.32,5.32,5.33,316900.0
2018-01-05 10:03:41.420000,5.32,5.32,5.33,316900.0
2018-01-05 10:03:44.968000,5.32,5.32,5.33,316900.0
2018-01-05 10:03:48.849000,5.32,5.32,5.33,316900.0
2018-01-05 10:03:52.745000,5.32,5.32,5.33,316900.0
2018-01-05 10:03:56.153000,5.32,5.32,5.33,316900.0
2018-01-05 10:04:00.077000,5.32,5.32,5.33,316900.0
2018-01-05 10:04:03.448000,5.32,5.32,5.33,316900.0
2018-01-05 10:04:08.579000,5.32,5.32,5.33,316900.0
2018-01-05 10:04:12.189000,5.32,5.32,5.33,316900.0
2018-01-05 10:04:15.272000,5.32,5.32,5.33,316900.0
2018-01-05 10:04:20.350000,5.32,5.32,5.33,316900.0
2018-01-05 10:04:24.037000,5.32,5.32,5.33,316900.0
2018-01-05 10:04:27.747000,5.32,5.32,5.33,316900.0
2018-01-05 10:04:31.566000,5.32,5.32,5.33,316900.0
2018-01-05 10:04:35.338000,5.32,5.32,5.33,316900.0
2018-01-05 10:04:39.391000,5.32,5.32,5.33,316900.0
2018-01-05 10:04:43.147000,5.32,5.32,5.33,316900.0
2018-01-05 10:04:46.570000,5.32,5.32,5.33,316900.0
2018-01-05 10:04:50.069000,5.32,5.32,5.33,316900.0
2018-01-05 10:04:53.855000,5.32,5.32,5.33,316900.0
2018-01-05 10:04:57.848000,5.32,5.32,5.33,316900.0
2018-01-05 10:05:01.490000,5.32,5.32,5.33,316900.0
2018-01-05 10:05:05.135000,5.32,5.32,5.33,316900.0
2018-01-05 10:05:10.083000,5.32,5.32,5.33,316900.0
2018-01-05 10:05:16.199000,5.32,5.32,5.33,316900.0
2018-01-05 10:05:20.140000,5.32,5.32,5.33,316900.0
2018-01-05 10:05:27.008000,5.32,5.32,5.33,316900.0
2018-01-05 10:05:31.017000,5.32,5.32,5.33,316900.0
2018-01-05 10:05:34.839000,5.32,5.32,5.33,316900.0
2018-01-05 10:05:38.521000,5.32,5.32,5.33,316900.0
2018-01-05 10:05:42.012000,5.32,5.32,5.33,316900.0
2018-01-05 10:05:45.689000,5.32,5.32,5.33,316900.0
2018-01-05 10:05:49.602000,5.32,5.32,5.33,316900.0
2018-01-05 10:05:53.322000,5.32,5.32,5.33,316900.0
2018-01-05 10:05:57.574000,5.32,5.32,5.33,316900.0
2018-01-05 10:06:01.308000,5.32,5.32,5.33,316900.0
2018-01-05 10:06:05.608000,5.32,5.32,5.33,316900.0
2018-01-05 10:06:09.234000,5.32,5.32,5.33,316900.0
2018-01-05 10:06:12.510000,5.32,5.32,5.33,316900.0
2018-01-05 10:06:15.963000,5.32,5.32,5.33,316900.0
2018-01-05 10:06:21.261000,5.32,5.32,5.33,316900.0
2018-01-05 10:06:24.955000,5.32,5.32,5.33,316900.0
2018-01-05 10:06:28.514000,5.32,5.32,5.33,316900.0
2018-01-05 10:06:32.112000,5.32,5.32,5.33,316900.0
2018-01-05 10:06:35.469000,5.32,5.32,5.33,316900.0
2018-01-05 10:06:39.350000,5.32,5.32,5.33,316900.0
2018-01-05 10:06:42.773000,5.32,5.32,5.33,316900.0
2018-01-05 10:06:46.654000,5.33,5.32,5.33,391900.0
2018-01-05 10:06:50.123000,5.33,5.32,5.33,391900.0
2018-01-05 10:06:53.702000,5.33,5.32,5.33,464900.0
2018-01-05 10:06:57.310000,5.33,5.32,5.33,464900.0
2018-01-05 10:07:00.670000,5.33,5.32,5.33,464900.0
2018-01-05 10:07:04.263000,5.33,5.32,5.33,464900.0
2018-01-05 10:07:08.104000,5.33,5.32,5.33,464900.0
2018-01-05 10:07:11.169000,5.33,5.32,5.33,464900.0
2018-01-05 10:07:15.108000,5.33,5.32,5.33,464900.0
2018-01-05 10:07:18.458000,5.33,5.32,5.33,464900.0
2018-01-05 10:07:21.987000,5.33,5.32,5.33,464900.0
2018-01-05 10:07:25.599000,5.33,5.32,5.33,464900.0
2018-01-05 10:07:29.512000,5.33,5.32,5.33,464900.0
2018-01-05 10:07:32.918000,5.33,5.32,5.33,464900.0
2018-01-05 10:07:36.574000,5.33,5.32,5.33,464900.0
2018-01-05 10:07:40.477000,5.33,5.32,5.33,464900.0
2018-01-05 10:07:44.258000,5.33,5.32,5.33,494900.0
2018-01-05 10:07:48.046000,5.33,5.32,5.33,494900.0
2018-01-05 10:07:52.324000,5.33,5.32,5.33,494900.0
2018-01-05 10:07:55.654000,5.33,5.32,5.33,494900.0
2018-01-05 10:07:59.805000,5.33,5.32,5.33,494900.0
2018-01-05 10:08:03.005000,5.33,5.32,5.33,494900.0
2018-01-05 10:08:10.178000,5.33,5.32,5.33,494900.0
2018-01-05 10:08:13.801000,5.33,5.32,5.33,494900.0
2018-01-05 10:08:17.384000,5.33,5.32,5.33,494900.0
2018-01-05 10:08:20.947000,5.33,5.32,5.33,494900.0
2018-01-05 10:08:24.837000,5.33,5.32,5.33,494900.0
2018-01-05 10:08:28.968000,5.33,5.32,5.33,494900.0
2018-01-05 10:08:32.528000,5.33,5.33,5.34,514900.0
2018-01-05 10:08:36.494000,5.33,5.33,5.34,514900.0
2018-01-05 10:08:39.940000,5.33,5.33,5.34,514900.0
2018-01-05 10:08:43.495000,5.33,5.33,5.34,514900.0
2018-01-05 10:08:47.344000,5.33,5.33,5.34,514900.0
2018-01-05 10:08:51.256000,5.33,5.33,5.34,514900.0
2018-01-05 10:08:55.488000,5.33,5.33,5.34,514900.0
2018-01-05 10:08:59.261000,5.33,5.33,5.34,514900.0
2018-01-05 10:09:02.364000,5.33,5.33,5.34,514900.0
2018-01-05 10:09:06.829000,5.33,5.33,5.34,514900.0
2018-01-05 10:09:12.257000,5.33,5.33,5.34,514900.0
2018-01-05 10:09:15.758000,5.33,5.33,5.34,514900.0
2018-01-05 10:09:19.446000,5.33,5.33,5.34,514900.0
2018-01-05 10:09:22.564000,5.33,5.33,5.34,514900.0
2018-01-05 10:09:26.115000,5.33,5.33,5.34,514900.0
2018-01-05 10:09:30.046000,5.33,5.33,5.34,514900.0
2018-01-05 10:09:33.922000,5.33,5.33,5.34,514900.0
2018-01-05 10:09:37.693000,5.33,5.33,5.34,514900.0
2018-01-05 10:09:41.417000,5.33,5.33,5.34,514900.0
2018-01-05 10:09:44.808000,5.33,5.33,5.34,514900.0
2018-01-05 10:09:48.643000,5.33,5.33,5.34,514900.0
2018-01-05 10:09:52.174000,5.33,5.33,5.34,514900.0
2018-01-05 10:09:55.878000,5.33,5.33,5.34,514900.0
2018-01-05 10:10:00.115000,5.33,5.33,5.34,514900.0
2018-01-05 10:10:03.881000,5.33,5.33,5.34,514900.0
2018-01-05 10:10:07.270000,5.33,5.33,5.34,514900.0
2018-01-05 10:10:10.615000,5.33,5.33,5.34,514900.0
2018-01-05 10:10:13.761000,5.33,5.33,5.34,514900.0
2018-01-05 10:10:17.391000,5.33,5.33,5.34,514900.0
2018-01-05 10:10:21.051000,5.33,5.33,5.34,514900.0
2018-01-05 10:10:25.028000,5.33,5.33,5.34,514900.0
2018-01-05 10:10:28.669000,5.33,5.33,5.34,514900.0
2018-01-05 10:10:32.441000,5.33,5.33,5.34,514900.0
2018-01-05 10:10:35.931000,5.33,5.33,5.34,514900.0
2018-01-05 10:10:39.276000,5.33,5.33,5.34,514900.0
2018-01-05 10:10:43.035000,5.33,5.33,5.34,514900.0
2018-01-05 10:10:46.838000,5.33,5.33,5.34,514900.0
2018-01-05 10:10:50.882000,5.33,5.33,5.34,514900.0
2018-01-05 10:10:54.291000,5.33,5.33,5.34,514900.0
2018-01-05 10:10:57.401000,5.33,5.33,5.34,514900.0
2018-01-05 10:11:01.157000,5.33,5.33,5.34,514900.0
2018-01-05 10:11:06.173000,5.33,5.33,5.34,514900.0
2018-01-05 10:11:13.361000,5.33,5.33,5.34,514900.0
2018-01-05 10:11:17.592000,5.33,5.33,5.34,514900.0
2018-01-05 10:11:21.458000,5.33,5.33,5.34,514900.0
2018-01-05 10:11:25.564000,5.33,5.33,5.34,514900.0
2018-01-05 10:11:35.552000,5.33,5.33,5.34,514900.0
2018-01-05 10:11:39.517000,5.34,5.33,5.34,524900.0
2018-01-05 10:11:42.855000,5.34,5.33,5.34,524900.0
2018-01-05 10:11:46.784000,5.34,5.33,5.34,524900.0
2018-01-05 10:11:50.572000,5.34,5.33,5.34,524900.0
2018-01-05 10:11:54.192000,5.34,5.33,5.34,524900.0
2018-01-05 10:11:57.400000,5.34,5.33,5.34,524900.0
2018-01-05 10:12:00.325000,5.34,5.33,5.34,524900.0
2018-01-05 10:12:03.615000,5.34,5.33,5.34,524900.0
2018-01-05 10:12:07.277000,5.34,5.33,5.34,524900.0
2018-01-05 10:12:13.276000,5.34,5.33,5.34,524900.0
2018-01-05 10:12:17.269000,5.34,5.33,5.34,524900.0
2018-01-05 10:12:21.151000,5.34,5.33,5.34,524900.0
2018-01-05 10:12:24.514000,5.34,5.33,5.34,524900.0
2018-01-05 10:12:28.450000,5.34,5.33,5.34,524900.0
2018-01-05 10:12:31.825000,5.34,5.33,5.34,524900.0
2018-01-05 10:12:35.104000,5.34,5.33,5.35,584900.0
2018-01-05 10:12:38.507000,5.34,5.33,5.35,584900.0
2018-01-05 10:12:42.582000,5.34,5.33,5.35,584900.0
2018-01-05 10:12:46.097000,5.34,5.33,5.35,584900.0
2018-01-05 10:12:49.676000,5.34,5.33,5.35,584900.0
2018-01-05 10:12:52.986000,5.34,5.33,5.35,584900.0
2018-01-05 10:12:56.389000,5.34,5.33,5.35,584900.0
2018-01-05 10:13:00.353000,5.34,5.33,5.35,584900.0
2018-01-05 10:13:04.192000,5.34,5.33,5.35,584900.0
2018-01-05 10:13:07.891000,5.34,5.33,5.35,584900.0
2018-01-05 10:13:11.485000,5.34,5.33,5.35,584900.0
2018-01-05 10:13:15.421000,5.34,5.33,5.35,584900.0
2018-01-05 10:13:18.940000,5.34,5.33,5.35,584900.0
2018-01-05 10:13:22.745000,5.34,5.33,5.35,584900.0
2018-01-05 10:13:26.111000,5.34,5.33,5.35,584900.0
2018-01-05 10:13:30.121000,5.34,5.33,5.35,584900.0
2018-01-05 10:13:33.380000,5.34,5.33,5.35,584900.0
2018-01-05 10:13:37.137000,5.34,5.33,5.35,584900.0
2018-01-05 10:13:40.302000,5.34,5.33,5.35,584900.0
2018-01-05 10:13:44.296000,5.34,5.33,5.35,584900.0
2018-01-05 10:13:48.143000,5.34,5.33,5.35,584900.0
2018-01-05 10:13:51.355000,5.34,5.33,5.35,584900.0
2018-01-05 10:13:55.385000,5.34,5.33,5.35,584900.0
2018-01-05 10:13:59.047000,5.34,5.33,5.35,584900.0
2018-01-05 10:14:02.991000,5.34,5.33,5.34,613300.0
2018-01-05 10:14:06.203000,5.34,5.33,5.34,613300.0
2018-01-05 10:14:10.335000,5.34,5.33,5.34,613300.0
2018-01-05 10:14:14.076000,5.34,5.33,5.34,613300.0
2018-01-05 10:14:17.909000,5.34,5.33,5.34,613300.0
2018-01-05 10:14:21.963000,5.34,5.33,5.34,613300.0
2018-01-05 10:14:26.023000,5.34,5.33,5.34,613300.0
2018-01-05 10:14:29.879000,5.34,5.34,5.35,648700.0
2018-01-05 10:14:33.216000,5.34,5.34,5.35,648700.0
2018-01-05 10:14:36.716000,5.34,5.34,5.35,648700.0
2018-01-05 10:14:40.451000,5.34,5.34,5.35,648700.0
2018-01-05 10:14:44.861000,5.34,5.34,5.35,648700.0
2018-01-05 10:14:48.569000,5.34,5.34,5.35,648700.0
2018-01-05 10:14:52.210000,5.34,5.34,5.35,648700.0
2018-01-05 10:14:55.267000,5.34,5.34,5.35,648700.0
2018-01-05 10:14:58.636000,5.34,5.34,5.35,648700.0
2018-01-05 10:15:01.801000,5.34,5.34,5.35,648700.0
2018-01-05 10:15:07.005000,5.34,5.34,5.35,648700.0
2018-01-05 10:15:10.835000,5.34,5.34,5.35,648700.0
2018-01-05 10:15:14.568000,5.34,5.34,5.35,648700.0
2018-01-05 10:15:18.208000,5.34,5.34,5.35,648700.0
2018-01-05 10:15:21.564000,5.34,5.34,5.35,648700.0
2018-01-05 10:15:25.555000,5.34,5.34,5.35,648700.0
2018-01-05 10:15:29.698000,5.34,5.34,5.35,648700.0
2018-01-05 10:15:33.324000,5.34,5.34,5.35,648700.0
2018-01-05 10:15:36.933000,5.34,5.34,5.35,648700.0
2018-01-05 10:15:40.256000,5.34,5.34,5.35,648700.0
2018-01-05 10:15:43.755000,5.34,5.34,5.35,648700.0
2018-01-05 10:15:47.606000,5.34,5.34,5.35,648700.0
2018-01-05 10:15:51.059000,5.34,5.34,5.35,648700.0
2018-01-05 10:15:54.952000,5.34,5.34,5.35,648700.0
2018-01-05 10:15:58.837000,5.34,5.34,5.35,648700.0
2018-01-05 10:16:02.516000,5.34,5.34,5.35,648700.0
2018-01-05 10:16:06.778000,5.34,5.34,5.35,648700.0
2018-01-05 10:16:10.488000,5.34,5.34,5.35,648700.0
2018-01-05 10:16:14.258000,5.34,5.34,5.35,648700.0
2018-01-05 10:16:18.041000,5.34,5.34,5.35,648700.0
2018-01-05 10:16:21.735000,5.34,5.34,5.35,648700.0
2018-01-05 10:16:25.219000,5.35,5.34,5.35,663700.0
2018-01-05 10:16:29.106000,5.35,5.34,5.35,663700.0
2018-01-05 10:16:32.379000,5.35,5.34,5.35,663700.0
2018-01-05 10:16:35.705000,5.35,5.34,5.35,663700.0
2018-01-05 10:16:38.854000,5.35,5.34,5.35,663700.0
2018-01-05 10:16:42.224000,5.35,5.34,5.35,663700.0
2018-01-05 10:16:45.675000,5.35,5.34,5.35,663700.0
2018-01-05 10:16:49.479000,5.35,5.34,5.35,663700.0
2018-01-05 10:16:52.854000,5.35,5.34,5.35,663700.0
2018-01-05 10:16:57.467000,5.35,5.34,5.35,663700.0
2018-01-05 10:17:01.208000,5.35,5.34,5.35,663700.0
2018-01-05 10:17:04.561000,5.35,5.34,5.35,663700.0
2018-01-05 10:17:10.720000,5.35,5.34,5.35,663700.0
2018-01-05 10:17:14.602000,5.35,5.34,5.35,663700.0
2018-01-05 10:17:20.358000,5.35,5.34,5.35,663700.0
2018-01-05 10:17:23.414000,5.35,5.34,5.35,704700.0
2018-01-05 10:17:26.885000,5.35,5.34,5.35,704700.0
2018-01-05 10:17:30.494000,5.35,5.34,5.35,704700.0
2018-01-05 10:17:35.021000,5.35,5.34,5.35,704700.0
2018-01-05 10:17:38.721000,5.35,5.34,5.35,704700.0
2018-01-05 10:17:41.621000,5.35,5.34,5.35,704700.0
2018-01-05 10:17:44.975000,5.35,5.34,5.35,704700.0
2018-01-05 10:17:48.281000,5.35,5.34,5.35,704700.0
2018-01-05 10:17:52.021000,5.35,5.34,5.35,704700.0
2018-01-05 10:17:55.934000,5.35,5.34,5.35,704700.0
2018-01-05 10:17:59.841000,5.35,5.34,5.35,704700.0
2018-01-05 10:18:03.190000,5.35,5.34,5.35,704700.0
2018-01-05 10:18:07.062000,5.34,5.33,5.35,725700.0
2018-01-05 10:18:10.962000,5.34,5.33,5.35,725700.0
2018-01-05 10:18:17.144000,5.34,5.33,5.35,725700.0
2018-01-05 10:18:20.676000,5.34,5.33,5.35,725700.0
2018-01-05 10:18:23.725000,5.34,5.33,5.35,725700.0
2018-01-05 10:18:27.738000,5.34,5.33,5.35,725700.0
2018-01-05 10:18:30.904000,5.34,5.33,5.35,725700.0
2018-01-05 10:18:34.482000,5.34,5.33,5.35,725700.0
2018-01-05 10:18:38.223000,5.34,5.33,5.35,725700.0
2018-01-05 10:18:41.451000,5.34,5.33,5.35,725700.0
2018-01-05 10:18:45.145000,5.34,5.33,5.35,725700.0
2018-01-05 10:18:48.947000,5.34,5.33,5.35,725700.0
2018-01-05 10:18:53.048000,5.34,5.33,5.35,725700.0
2018-01-05 10:18:56.836000,5.34,5.33,5.35,725700.0
2018-01-05 10:19:00.592000,5.34,5.33,5.35,725700.0
2018-01-05 10:19:06.348000,5.34,5.33,5.35,725700.0
2018-01-05 10:19:09.311000,5.34,5.33,5.35,725700.0
2018-01-05 10:19:14.826000,5.34,5.33,5.34,755700.0
2018-01-05 10:19:18.045000,5.34,5.33,5.34,755700.0
2018-01-05 10:19:21.780000,5.34,5.33,5.34,755700.0
2018-01-05 10:19:25.020000,5.34,5.33,5.35,984200.0
2018-01-05 10:19:28.461000,5.34,5.33,5.35,984200.0
2018-01-05 10:19:32.443000,5.34,5.33,5.35,1004200.0
2018-01-05 10:19:36.355000,5.34,5.33,5.35,1004200.0
2018-01-05 10:19:39.808000,5.34,5.33,5.35,1004200.0
2018-01-05 10:19:43.627000,5.34,5.33,5.35,1004200.0
2018-01-05 10:19:47.283000,5.34,5.33,5.35,1004200.0
2018-01-05 10:19:50.752000,5.34,5.33,5.35,1004200.0
2018-01-05 10:19:54.477000,5.34,5.33,5.35,1004200.0
2018-01-05 10:19:57.659000,5.34,5.33,5.35,1004200.0
2018-01-05 10:20:01.045000,5.34,5.33,5.35,1004200.0
2018-01-05 10:20:04.659000,5.34,5.33,5.35,1004200.0
2018-01-05 10:20:09.475000,5.34,5.33,5.35,1004200.0
2018-01-05 10:20:12.725000,5.34,5.33,5.35,1004200.0
2018-01-05 10:20:16.194000,5.34,5.33,5.35,1004200.0
2018-01-05 10:20:20.245000,5.34,5.33,5.35,1004200.0
2018-01-05 10:20:23.607000,5.34,5.33,5.35,1004200.0
2018-01-05 10:20:27.332000,5.34,5.33,5.35,1004200.0
2018-01-05 10:20:30.879000,5.34,5.33,5.35,1004200.0
2018-01-05 10:20:34.807000,5.34,5.33,5.34,1015200.0
2018-01-05 10:20:38.530000,5.34,5.33,5.34,1015200.0
2018-01-05 10:20:41.854000,5.34,5.33,5.34,1015200.0
2018-01-05 10:20:45.767000,5.34,5.33,5.34,1015200.0
2018-01-05 10:20:49.460000,5.34,5.33,5.34,1015200.0
2018-01-05 10:20:53.374000,5.34,5.33,5.34,1015200.0
2018-01-05 10:20:56.711000,5.34,5.33,5.34,1015200.0
2018-01-05 10:21:00.371000,5.34,5.33,5.34,1015200.0
2018-01-05 10:21:03.445000,5.34,5.33,5.34,1015200.0
2018-01-05 10:21:07.225000,5.34,5.33,5.34,1015200.0
2018-01-05 10:21:11.177000,5.34,5.33,5.34,1015200.0
2018-01-05 10:21:14.755000,5.34,5.33,5.34,1015200.0
2018-01-05 10:21:18.495000,5.34,5.33,5.34,1015200.0
2018-01-05 10:21:22.408000,5.34,5.33,5.34,1015200.0
2018-01-05 10:21:26.399000,5.34,5.33,5.34,1015200.0
2018-01-05 10:21:29.758000,5.34,5.33,5.34,1015200.0
2018-01-05 10:21:33.149000,5.34,5.33,5.34,1015200.0
2018-01-05 10:21:36.634000,5.34,5.33,5.34,1015200.0
2018-01-05 10:21:39.450000,5.34,5.33,5.34,1015200.0
2018-01-05 10:21:43.191000,5.34,5.33,5.34,1015200.0
2018-01-05 10:21:46.496000,5.34,5.33,5.34,1015200.0
2018-01-05 10:21:50.309000,5.34,5.33,5.34,1015200.0
2018-01-05 10:21:54.197000,5.34,5.33,5.34,1015200.0
2018-01-05 10:21:57.347000,5.34,5.33,5.34,1015200.0
2018-01-05 10:22:01.150000,5.34,5.33,5.34,1015200.0
2018-01-05 10:22:06.144000,5.34,5.33,5.34,1015200.0
2018-01-05 10:22:10.232000,5.34,5.33,5.34,1015200.0
2018-01-05 10:22:13.651000,5.34,5.33,5.34,1015200.0
2018-01-05 10:22:16.980000,5.34,5.33,5.34,1015200.0
2018-01-05 10:22:20.467000,5.34,5.33,5.34,1015200.0
2018-01-05 10:22:23.707000,5.34,5.33,5.34,1015200.0
2018-01-05 10:22:27.285000,5.34,5.33,5.34,1015200.0
2018-01-05 10:22:30.053000,5.34,5.33,5.34,1015200.0
2018-01-05 10:22:33.990000,5.34,5.33,5.34,1015200.0
2018-01-05 10:22:37.769000,5.34,5.33,5.34,1015200.0
2018-01-05 10:22:41.316000,5.34,5.33,5.34,1015200.0
2018-01-05 10:22:45.367000,5.34,5.33,5.34,1015200.0
2018-01-05 10:22:49.210000,5.34,5.33,5.34,1015200.0
2018-01-05 10:22:52.866000,5.34,5.33,5.34,1015200.0
2018-01-05 10:22:56.195000,5.34,5.33,5.34,1015200.0
2018-01-05 10:22:58.969000,5.34,5.33,5.34,1015200.0
2018-01-05 10:23:02.896000,5.34,5.33,5.34,1015200.0
2018-01-05 10:23:08.351000,5.34,5.33,5.34,1015200.0
2018-01-05 10:23:12.296000,5.34,5.33,5.34,1015200.0
2018-01-05 10:23:16.317000,5.34,5.33,5.34,1015200.0
2018-01-05 10:23:19.436000,5.34,5.33,5.34,1015200.0
2018-01-05 10:23:23.318000,5.34,5.33,5.34,1015200.0
2018-01-05 10:23:27.222000,5.34,5.33,5.34,1015200.0
2018-01-05 10:23:31.259000,5.34,5.33,5.34,1015200.0
2018-01-05 10:23:34.488000,5.34,5.33,5.34,1015200.0
2018-01-05 10:23:37.846000,5.34,5.33,5.34,1015200.0
2018-01-05 10:23:41.440000,5.34,5.33,5.34,1015200.0
2018-01-05 10:23:45.411000,5.34,5.33,5.34,1015200.0
2018-01-05 10:23:48.565000,5.34,5.33,5.34,1015200.0
2018-01-05 10:23:51.737000,5.34,5.33,5.34,1015200.0
2018-01-05 10:23:55.712000,5.34,5.33,5.34,1015200.0
2018-01-05 10:23:59.578000,5.34,5.33,5.34,1015200.0
2018-01-05 10:24:03.903000,5.34,5.33,5.34,1015200.0
2018-01-05 10:24:09.378000,5.34,5.33,5.34,1015200.0
2018-01-05 10:24:12.732000,5.34,5.33,5.34,1015200.0
2018-01-05 10:24:15.624000,5.34,5.33,5.34,1015200.0
2018-01-05 10:24:19.575000,5.34,5.33,5.34,1015200.0
2018-01-05 10:24:23.488000,5.34,5.33,5.34,1015200.0
2018-01-05 10:24:26.498000,5.34,5.33,5.34,1015200.0
2018-01-05 10:24:30.218000,5.34,5.33,5.34,1015200.0
2018-01-05 10:24:33.801000,5.34,5.33,5.34,1015200.0
2018-01-05 10:24:37.477000,5.34,5.33,5.34,1015200.0
2018-01-05 10:24:41.736000,5.34,5.33,5.34,1015600.0
2018-01-05 10:24:45.553000,5.34,5.33,5.34,1015600.0
2018-01-05 10:24:49.155000,5.34,5.33,5.34,1015600.0
2018-01-05 10:24:52.601000,5.34,5.33,5.34,1015600.0
2018-01-05 10:24:55.961000,5.34,5.33,5.34,1015600.0
2018-01-05 10:24:59.571000,5.34,5.33,5.34,1015600.0
2018-01-05 10:25:03.389000,5.34,5.33,5.34,1015600.0
2018-01-05 10:25:10.870000,5.34,5.33,5.34,1015600.0
2018-01-05 10:25:16.371000,5.34,5.33,5.34,1015600.0
2018-01-05 10:25:19.918000,5.34,5.33,5.34,1015600.0
2018-01-05 10:25:23.262000,5.34,5.33,5.34,1015600.0
2018-01-05 10:25:26.033000,5.34,5.33,5.34,1015600.0
2018-01-05 10:25:30.199000,5.34,5.33,5.34,1015600.0
2018-01-05 10:25:33.887000,5.34,5.33,5.34,1015600.0
2018-01-05 10:25:37.534000,5.34,5.33,5.34,1015600.0
2018-01-05 10:25:41.231000,5.34,5.33,5.34,1015600.0
2018-01-05 10:25:45.234000,5.34,5.33,5.34,1015600.0
2018-01-05 10:25:48.656000,5.34,5.33,5.34,1015600.0
2018-01-05 10:25:51.947000,5.34,5.33,5.34,1015600.0
2018-01-05 10:25:55.546000,5.34,5.33,5.34,1015600.0
2018-01-05 10:25:58.838000,5.34,5.33,5.34,1015600.0
2018-01-05 10:26:02.247000,5.34,5.33,5.34,1015600.0
2018-01-05 10:26:07.713000,5.34,5.33,5.34,1015600.0
2018-01-05 10:26:12.738000,5.34,5.33,5.34,1015600.0
2018-01-05 10:26:16.192000,5.34,5.33,5.34,1015600.0
2018-01-05 10:26:20.610000,5.34,5.33,5.34,1015600.0
2018-01-05 10:26:24.545000,5.34,5.33,5.34,1015600.0
2018-01-05 10:26:28.364000,5.34,5.33,5.34,1015600.0
2018-01-05 10:26:31.848000,5.34,5.33,5.34,1015600.0
2018-01-05 10:26:34.935000,5.34,5.33,5.34,1015600.0
2018-01-05 10:26:37.908000,5.34,5.33,5.34,1015600.0
2018-01-05 10:26:41.050000,5.34,5.33,5.34,1015600.0
2018-01-05 10:26:44.323000,5.34,5.33,5.34,1015600.0
2018-01-05 10:26:47.505000,5.34,5.33,5.34,1015600.0
2018-01-05 10:26:51.495000,5.34,5.33,5.34,1015600.0
2018-01-05 10:26:54.567000,5.34,5.33,5.34,1015600.0
2018-01-05 10:26:58.123000,5.34,5.33,5.34,1015600.0
2018-01-05 10:27:00.958000,5.34,5.33,5.34,1015600.0
2018-01-05 10:27:04.555000,5.34,5.33,5.34,1015600.0
2018-01-05 10:27:07.627000,5.34,5.33,5.34,1015600.0
2018-01-05 10:27:11.936000,5.34,5.33,5.34,1015600.0
2018-01-05 10:27:15.749000,5.34,5.33,5.34,1015600.0
2018-01-05 10:27:19.371000,5.34,5.33,5.34,1015600.0
2018-01-05 10:27:22.553000,5.34,5.33,5.34,1015600.0
2018-01-05 10:27:25.880000,5.34,5.33,5.34,1015600.0
2018-01-05 10:27:29.537000,5.34,5.33,5.34,1015600.0
2018-01-05 10:27:33.372000,5.34,5.33,5.34,1015600.0
2018-01-05 10:27:37.346000,5.34,5.33,5.34,1015600.0
2018-01-05 10:27:41.071000,5.34,5.33,5.34,1015600.0
2018-01-05 10:27:45.382000,5.34,5.33,5.34,1015600.0
2018-01-05 10:27:48.454000,5.34,5.33,5.34,1015600.0
2018-01-05 10:27:51.775000,5.34,5.33,5.34,1015600.0
2018-01-05 10:27:54.706000,5.34,5.33,5.34,1015600.0
2018-01-05 10:27:58.131000,5.34,5.33,5.34,1015600.0
2018-01-05 10:28:01.847000,5.34,5.33,5.34,1015600.0
2018-01-05 10:28:05.541000,5.34,5.33,5.34,1015600.0
2018-01-05 10:28:08.863000,5.34,5.33,5.34,1015600.0
2018-01-05 10:28:12.300000,5.34,5.33,5.34,1015600.0
2018-01-05 10:28:15.591000,5.34,5.33,5.34,1015600.0
2018-01-05 10:28:19.348000,5.34,5.33,5.34,1015600.0
2018-01-05 10:28:22.691000,5.34,5.33,5.34,1015600.0
2018-01-05 10:28:26.285000,5.34,5.33,5.34,1015600.0
2018-01-05 10:28:30.120000,5.34,5.33,5.34,1015600.0
2018-01-05 10:28:33.939000,5.34,5.33,5.34,1015600.0
2018-01-05 10:28:37.133000,5.34,5.33,5.34,1015600.0
2018-01-05 10:28:41.257000,5.34,5.33,5.34,1015600.0
2018-01-05 10:28:44.695000,5.34,5.33,5.34,1015600.0
2018-01-05 10:28:48.476000,5.34,5.33,5.34,1015600.0
2018-01-05 10:28:52.395000,5.34,5.33,5.34,1015600.0
2018-01-05 10:28:56.261000,5.34,5.33,5.34,1015600.0
2018-01-05 10:28:59.808000,5.34,5.33,5.34,1015600.0
2018-01-05 10:29:02.991000,5.34,5.33,5.34,1015600.0
2018-01-05 10:29:06.745000,5.34,5.33,5.34,1015600.0
2018-01-05 10:29:09.928000,5.34,5.33,5.34,1015600.0
2018-01-05 10:29:13.552000,5.34,5.33,5.34,1015600.0
2018-01-05 10:29:17.402000,5.34,5.33,5.34,1015600.0
2018-01-05 10:29:20.960000,5.34,5.33,5.34,1015600.0
2018-01-05 10:29:25.003000,5.34,5.33,5.34,1015600.0
2018-01-05 10:29:28.859000,5.34,5.33,5.34,1015600.0
2018-01-05 10:29:31.643000,5.34,5.33,5.34,1015600.0
2018-01-05 10:29:35.477000,5.34,5.33,5.34,1015600.0
2018-01-05 10:29:38.815000,5.34,5.33,5.34,1015600.0
2018-01-05 10:29:42.030000,5.34,5.33,5.34,1015600.0
2018-01-05 10:29:46.119000,5.34,5.33,5.34,1015600.0
2018-01-05 10:29:49.493000,5.34,5.33,5.34,1015600.0
2018-01-05 10:29:52.942000,5.34,5.33,5.34,1015600.0
2018-01-05 10:29:55.951000,5.34,5.33,5.34,1015600.0
2018-01-05 10:29:59.325000,5.34,5.33,5.34,1015600.0
2018-01-05 10:30:03.016000,5.34,5.33,5.34,1015600.0
2018-01-05 10:30:09.375000,5.34,5.33,5.34,1015600.0
2018-01-05 10:30:13.180000,5.34,5.33,5.34,1015600.0
2018-01-05 10:30:17.922000,5.34,5.33,5.34,1015600.0
2018-01-05 10:30:21.485000,5.34,5.33,5.34,1015600.0
2018-01-05 10:30:25.288000,5.34,5.33,5.34,1015600.0
2018-01-05 10:30:28.994000,5.34,5.33,5.34,1015600.0
2018-01-05 10:30:32.638000,5.34,5.33,5.34,1015600.0
2018-01-05 10:30:36.364000,5.34,5.33,5.34,1015600.0
2018-01-05 10:30:39.242000,5.34,5.33,5.34,1015600.0
2018-01-05 10:30:42.423000,5.34,5.33,5.34,1015600.0
2018-01-05 10:30:46.322000,5.34,5.33,5.34,1015600.0
2018-01-05 10:30:50.170000,5.34,5.33,5.34,1015600.0
2018-01-05 10:30:53.701000,5.34,5.33,5.34,1015600.0
2018-01-05 10:30:57.917000,5.34,5.33,5.34,1015600.0
2018-01-05 10:31:01.124000,5.34,5.33,5.34,1015600.0
2018-01-05 10:31:04.902000,5.34,5.33,5.34,1015600.0
2018-01-05 10:31:09.091000,5.34,5.33,5.34,1015600.0
2018-01-05 10:31:12.952000,5.34,5.33,5.34,1015600.0
2018-01-05 10:31:16.260000,5.34,5.33,5.34,1015600.0
2018-01-05 10:31:19.985000,5.34,5.33,5.34,1015600.0
2018-01-05 10:31:23.546000,5.34,5.33,5.34,1015600.0
2018-01-05 10:31:27.878000,5.34,5.33,5.34,1015600.0
2018-01-05 10:31:31.146000,5.34,5.33,5.34,1015600.0
2018-01-05 10:31:35.146000,5.34,5.33,5.34,1015600.0
2018-01-05 10:31:39.152000,5.34,5.33,5.34,1015600.0
2018-01-05 10:31:42.975000,5.34,5.33,5.34,1015600.0
2018-01-05 10:31:46.840000,5.34,5.33,5.34,1015600.0
2018-01-05 10:31:50.800000,5.34,5.33,5.34,1015600.0
2018-01-05 10:31:54.697000,5.34,5.33,5.34,1015600.0
2018-01-05 10:31:58.866000,5.34,5.33,5.34,1015600.0
2018-01-05 10:32:02.957000,5.34,5.33,5.34,1015600.0
2018-01-05 10:32:06.498000,5.34,5.33,5.34,1015600.0
2018-01-05 10:32:12.454000,5.34,5.33,5.34,1015600.0
2018-01-05 10:32:16.654000,5.34,5.33,5.34,1015600.0
2018-01-05 10:32:20.582000,5.34,5.33,5.34,1015600.0
2018-01-05 10:32:24.166000,5.34,5.33,5.34,1015600.0
2018-01-05 10:32:27.760000,5.34,5.33,5.34,1015600.0
2018-01-05 10:32:31.340000,5.34,5.33,5.34,1015600.0
2018-01-05 10:32:35.158000,5.34,5.33,5.34,1015600.0
2018-01-05 10:32:39.070000,5.34,5.33,5.34,1015600.0
2018-01-05 10:32:42.764000,5.34,5.33,5.34,1015600.0
2018-01-05 10:32:46.481000,5.34,5.33,5.34,1015600.0
2018-01-05 10:32:49.955000,5.34,5.33,5.34,1015600.0
2018-01-05 10:32:53.917000,5.34,5.33,5.34,1015600.0
2018-01-05 10:32:57.129000,5.34,5.33,5.34,1015600.0
2018-01-05 10:33:00.755000,5.34,5.33,5.34,1015600.0
2018-01-05 10:33:08.029000,5.34,5.33,5.34,1015600.0
2018-01-05 10:33:11.008000,5.34,5.33,5.34,1015600.0
2018-01-05 10:33:14.218000,5.34,5.33,5.34,1015600.0
2018-01-05 10:33:19.718000,5.34,5.33,5.34,1015600.0
2018-01-05 10:33:23.554000,5.34,5.33,5.34,1015600.0
2018-01-05 10:33:27.119000,5.34,5.33,5.34,1024200.0
2018-01-05 10:33:31.018000,5.34,5.33,5.34,1024200.0
2018-01-05 10:33:34.231000,5.34,5.33,5.34,1024200.0
2018-01-05 10:33:38.044000,5.34,5.33,5.34,1024200.0
2018-01-05 10:33:41.722000,5.34,5.33,5.34,1024200.0
2018-01-05 10:33:45.603000,5.34,5.33,5.34,1024200.0
2018-01-05 10:33:49.072000,5.34,5.33,5.34,1024200.0
2018-01-05 10:33:52.682000,5.34,5.33,5.34,1024200.0
2018-01-05 10:33:56.601000,5.34,5.33,5.34,1024200.0
2018-01-05 10:34:00.030000,5.34,5.33,5.34,1024200.0
2018-01-05 10:34:05.935000,5.34,5.33,5.34,1024200.0
2018-01-05 10:34:10.267000,5.34,5.33,5.34,1085600.0
2018-01-05 10:34:13.144000,5.34,5.33,5.34,1085600.0
2018-01-05 10:34:16.854000,5.34,5.33,5.34,1085600.0
2018-01-05 10:34:19.994000,5.34,5.33,5.34,1085600.0
2018-01-05 10:34:23.467000,5.34,5.33,5.34,1085600.0
2018-01-05 10:34:27.238000,5.34,5.33,5.34,1085600.0
2018-01-05 10:34:30.832000,5.34,5.33,5.34,1085600.0
2018-01-05 10:34:34.314000,5.34,5.33,5.34,1085600.0
2018-01-05 10:34:37.770000,5.34,5.33,5.34,1085600.0
2018-01-05 10:34:41.560000,5.34,5.33,5.34,1085600.0
2018-01-05 10:34:45.493000,5.34,5.33,5.34,1085600.0
2018-01-05 10:34:49.227000,5.34,5.33,5.34,1398600.0
2018-01-05 10:34:53.117000,5.34,5.33,5.34,1398600.0
2018-01-05 10:34:56.397000,5.34,5.33,5.35,1488600.0
2018-01-05 10:34:59.533000,5.34,5.33,5.35,1488600.0
2018-01-05 10:35:05.902000,5.34,5.33,5.35,1488600.0
2018-01-05 10:35:09.114000,5.34,5.33,5.35,1488600.0
2018-01-05 10:35:12.981000,5.34,5.34,5.35,1528600.0
2018-01-05 10:35:16.588000,5.34,5.34,5.35,1528600.0
2018-01-05 10:35:20.680000,5.34,5.34,5.35,1528600.0
2018-01-05 10:35:24.421000,5.34,5.34,5.35,1528600.0
2018-01-05 10:35:27.790000,5.34,5.34,5.35,1528600.0
2018-01-05 10:35:31.290000,5.34,5.33,5.35,1558600.0
2018-01-05 10:35:34.839000,5.34,5.33,5.35,1558600.0
2018-01-05 10:35:37.925000,5.34,5.33,5.35,1558600.0
2018-01-05 10:35:41.473000,5.34,5.33,5.35,1558600.0
2018-01-05 10:35:45.368000,5.34,5.33,5.35,1558600.0
2018-01-05 10:35:48.954000,5.34,5.33,5.35,1558600.0
2018-01-05 10:35:52.735000,5.34,5.33,5.35,1558600.0
2018-01-05 10:35:55.993000,5.34,5.33,5.35,1558600.0
2018-01-05 10:35:59.750000,5.34,5.33,5.35,1558600.0
2018-01-05 10:36:03.380000,5.34,5.33,5.35,1558600.0
2018-01-05 10:36:07.488000,5.34,5.33,5.35,1558600.0
2018-01-05 10:36:10.748000,5.34,5.33,5.35,1558600.0
2018-01-05 10:36:17.826000,5.34,5.33,5.35,1558600.0
2018-01-05 10:36:21.854000,5.34,5.33,5.35,1558600.0
2018-01-05 10:36:25.813000,5.34,5.33,5.35,1558600.0
2018-01-05 10:36:29.789000,5.34,5.33,5.35,1558600.0
2018-01-05 10:36:33.373000,5.34,5.33,5.35,1558600.0
2018-01-05 10:36:36.849000,5.34,5.33,5.35,1558600.0
2018-01-05 10:36:39.814000,5.34,5.33,5.35,1558600.0
2018-01-05 10:36:43.043000,5.34,5.33,5.35,1558600.0
2018-01-05 10:36:46.776000,5.34,5.33,5.35,1558600.0
2018-01-05 10:36:50.378000,5.34,5.33,5.35,1558600.0
2018-01-05 10:36:54.130000,5.34,5.33,5.35,1558600.0
2018-01-05 10:36:57.820000,5.34,5.33,5.35,1558600.0
2018-01-05 10:37:01.895000,5.34,5.33,5.35,1558600.0
2018-01-05 10:37:05.271000,5.34,5.33,5.35,1558600.0
2018-01-05 10:37:10.787000,5.34,5.33,5.35,1558600.0
2018-01-05 10:37:13.962000,5.34,5.33,5.35,1558600.0
2018-01-05 10:37:17.949000,5.34,5.33,5.35,1558600.0
2018-01-05 10:37:21.325000,5.34,5.33,5.35,1558600.0
2018-01-05 10:37:25.174000,5.34,5.33,5.35,1558600.0
2018-01-05 10:37:29.116000,5.34,5.33,5.35,1558600.0
2018-01-05 10:37:32.362000,5.34,5.33,5.35,1558600.0
2018-01-05 10:37:36.226000,5.34,5.33,5.35,1558600.0
2018-01-05 10:37:38.982000,5.34,5.33,5.35,1558600.0
2018-01-05 10:37:42.894000,5.34,5.33,5.35,1558600.0
2018-01-05 10:37:46.525000,5.34,5.33,5.35,1558600.0
2018-01-05 10:37:49.770000,5.34,5.33,5.35,1558600.0
2018-01-05 10:37:52.663000,5.34,5.33,5.35,1558600.0
2018-01-05 10:37:55.845000,5.34,5.33,5.35,1578600.0
2018-01-05 10:37:59.506000,5.34,5.33,5.34,1588600.0
2018-01-05 10:38:03.342000,5.34,5.33,5.34,1588600.0
2018-01-05 10:38:09.860000,5.34,5.33,5.34,1588600.0
2018-01-05 10:38:17.311000,5.34,5.33,5.34,1588600.0
2018-01-05 10:38:21.459000,5.34,5.33,5.34,1588600.0
2018-01-05 10:38:25.376000,5.34,5.33,5.34,1588600.0
2018-01-05 10:38:29.189000,5.34,5.33,5.34,1588600.0
2018-01-05 10:38:33.107000,5.34,5.33,5.34,1588600.0
2018-01-05 10:38:36.477000,5.34,5.33,5.34,1588600.0
2018-01-05 10:38:39.690000,5.34,5.33,5.34,1588600.0
2018-01-05 10:38:42.543000,5.34,5.33,5.34,1588600.0
2018-01-05 10:38:45.358000,5.34,5.33,5.34,1588600.0
2018-01-05 10:38:49.302000,5.34,5.33,5.34,1588600.0
2018-01-05 10:38:53.612000,5.34,5.33,5.34,1588600.0
2018-01-05 10:38:56.668000,5.34,5.33,5.34,1588600.0
2018-01-05 10:39:00.409000,5.34,5.33,5.34,1588600.0
2018-01-05 10:39:03.506000,5.34,5.33,5.34,1588600.0
2018-01-05 10:39:07.164000,5.34,5.33,5.34,1588600.0
2018-01-05 10:39:10.893000,5.34,5.33,5.34,1588600.0
2018-01-05 10:39:14.690000,5.34,5.33,5.34,1588600.0
2018-01-05 10:39:17.732000,5.34,5.33,5.34,1588600.0
2018-01-05 10:39:21.004000,5.34,5.33,5.34,1588600.0
2018-01-05 10:39:24.365000,5.34,5.33,5.34,1588600.0
2018-01-05 10:39:28.340000,5.34,5.33,5.34,1588600.0
2018-01-05 10:39:31.871000,5.34,5.33,5.34,1588600.0
2018-01-05 10:39:34.756000,5.34,5.33,5.34,1588600.0
2018-01-05 10:39:38.972000,5.34,5.33,5.34,1588600.0
2018-01-05 10:39:42.275000,5.34,5.33,5.34,1588600.0
2018-01-05 10:39:45.669000,5.34,5.33,5.34,1588600.0
2018-01-05 10:39:49.441000,5.34,5.33,5.34,1588600.0
2018-01-05 10:39:52.670000,5.34,5.33,5.34,1588600.0
2018-01-05 10:39:56.488000,5.34,5.33,5.34,1588600.0
2018-01-05 10:40:00.035000,5.34,5.33,5.34,1588600.0
2018-01-05 10:40:06.210000,5.34,5.33,5.34,1588600.0
2018-01-05 10:40:09.614000,5.34,5.33,5.34,1588600.0
2018-01-05 10:40:16.114000,5.34,5.33,5.34,1588600.0
2018-01-05 10:40:19.458000,5.34,5.33,5.34,1588600.0
2018-01-05 10:40:23.082000,5.34,5.33,5.34,1588600.0
2018-01-05 10:40:26.666000,5.34,5.33,5.34,1588600.0
2018-01-05 10:40:30.376000,5.34,5.33,5.34,1588600.0
2018-01-05 10:40:33.876000,5.34,5.33,5.34,1588600.0
2018-01-05 10:40:37.804000,5.34,5.33,5.34,1588600.0
2018-01-05 10:40:41.561000,5.34,5.33,5.34,1588600.0
2018-01-05 10:40:44.680000,5.34,5.33,5.34,1588600.0
2018-01-05 10:40:48.127000,5.34,5.33,5.34,1588600.0
2018-01-05 10:40:50.984000,5.34,5.33,5.34,1588600.0
2018-01-05 10:40:54.691000,5.34,5.33,5.34,1588600.0
2018-01-05 10:40:58.596000,5.34,5.33,5.34,1588600.0
2018-01-05 10:41:02.545000,5.34,5.33,5.34,1588600.0
2018-01-05 10:41:08.558000,5.34,5.33,5.34,1588600.0
2018-01-05 10:41:14.377000,5.34,5.33,5.34,1588600.0
2018-01-05 10:41:21.330000,5.34,5.33,5.34,1588600.0
2018-01-05 10:41:25.046000,5.34,5.33,5.34,1588600.0
2018-01-05 10:41:28.446000,5.34,5.33,5.34,1588600.0
2018-01-05 10:41:32.010000,5.34,5.33,5.34,1588600.0
2018-01-05 10:41:35.284000,5.34,5.33,5.34,1588600.0
2018-01-05 10:41:38.434000,5.34,5.33,5.34,1588600.0
2018-01-05 10:41:42.307000,5.34,5.33,5.34,1588600.0
2018-01-05 10:41:45.784000,5.34,5.33,5.34,1588600.0
2018-01-05 10:41:49.285000,5.34,5.33,5.34,1588600.0
2018-01-05 10:41:53.045000,5.34,5.33,5.34,1588600.0
2018-01-05 10:41:56.860000,5.34,5.33,5.34,1588600.0
2018-01-05 10:42:00.214000,5.34,5.33,5.34,1588600.0
2018-01-05 10:42:07.662000,5.34,5.33,5.34,1588600.0
2018-01-05 10:42:12.057000,5.34,5.33,5.34,1588600.0
2018-01-05 10:42:15.729000,5.34,5.33,5.34,1588600.0
2018-01-05 10:42:19.563000,5.34,5.33,5.34,1588600.0
2018-01-05 10:42:23.235000,5.34,5.33,5.34,1588600.0
2018-01-05 10:42:26.976000,5.34,5.33,5.34,1588600.0
2018-01-05 10:42:31.058000,5.34,5.33,5.34,1588600.0
2018-01-05 10:42:34.916000,5.34,5.33,5.34,1588600.0
2018-01-05 10:42:38.814000,5.34,5.33,5.34,1588600.0
2018-01-05 10:42:42.615000,5.34,5.33,5.34,1588600.0
2018-01-05 10:42:45.766000,5.34,5.33,5.34,1588600.0
2018-01-05 10:42:49.757000,5.34,5.33,5.34,1588600.0
2018-01-05 10:42:53.467000,5.34,5.33,5.34,1588600.0
2018-01-05 10:42:57.375000,5.34,5.33,5.34,1588600.0
2018-01-05 10:43:00.864000,5.34,5.33,5.34,1588600.0
2018-01-05 10:43:04.504000,5.34,5.33,5.34,1588600.0
2018-01-05 10:43:11.714000,5.34,5.33,5.34,1588600.0
2018-01-05 10:43:17.137000,5.34,5.33,5.34,1588600.0
2018-01-05 10:43:23.567000,5.34,5.33,5.34,1588600.0
2018-01-05 10:43:27.380000,5.34,5.33,5.34,1588600.0
2018-01-05 10:43:31.225000,5.34,5.33,5.34,1588600.0
2018-01-05 10:43:35.083000,5.34,5.33,5.34,1588600.0
2018-01-05 10:43:38.774000,5.34,5.33,5.34,1588600.0
2018-01-05 10:43:42.449000,5.34,5.33,5.34,1588600.0
2018-01-05 10:43:45.424000,5.34,5.33,5.34,1588600.0
2018-01-05 10:43:49.321000,5.34,5.33,5.34,1588600.0
2018-01-05 10:43:53.010000,5.34,5.33,5.34,1588600.0
2018-01-05 10:43:56.780000,5.34,5.33,5.34,1588600.0
2018-01-05 10:44:00.272000,5.34,5.33,5.34,1588600.0
2018-01-05 10:44:03.463000,5.34,5.33,5.34,1588600.0
2018-01-05 10:44:07.322000,5.33,5.33,5.34,1598600.0
2018-01-05 10:44:12.153000,5.33,5.32,5.33,1676600.0
2018-01-05 10:44:16.023000,5.33,5.33,5.34,1676600.0
2018-01-05 10:44:20.088000,5.33,5.33,5.34,1676600.0
2018-01-05 10:44:23.406000,5.33,5.33,5.34,1676600.0
2018-01-05 10:44:27.802000,5.33,5.33,5.34,1676600.0
2018-01-05 10:44:31.181000,5.33,5.33,5.34,1676600.0
2018-01-05 10:44:34.743000,5.33,5.33,5.34,1676600.0
2018-01-05 10:44:38.167000,5.33,5.33,5.34,1676600.0
2018-01-05 10:44:41.899000,5.33,5.33,5.34,1676600.0
2018-01-05 10:44:45.626000,5.33,5.33,5.34,1676600.0
2018-01-05 10:44:49.352000,5.33,5.33,5.34,1676600.0
2018-01-05 10:44:52.331000,5.33,5.33,5.34,1676600.0
2018-01-05 10:44:56.073000,5.33,5.33,5.34,1676600.0
2018-01-05 10:44:59.485000,5.33,5.33,5.34,1676600.0
2018-01-05 10:45:03.320000,5.33,5.33,5.34,1676600.0
2018-01-05 10:45:09.157000,5.33,5.33,5.34,1676600.0
2018-01-05 10:45:12.957000,5.33,5.33,5.34,1676600.0
2018-01-05 10:45:16.807000,5.33,5.33,5.34,1676600.0
2018-01-05 10:45:20.276000,5.33,5.33,5.34,1676600.0
2018-01-05 10:45:23.714000,5.33,5.33,5.34,1676600.0
2018-01-05 10:45:27.427000,5.33,5.33,5.34,1676600.0
2018-01-05 10:45:31.043000,5.33,5.33,5.34,1676600.0
2018-01-05 10:45:34.090000,5.33,5.33,5.34,1676600.0
2018-01-05 10:45:38.176000,5.33,5.33,5.34,1676600.0
2018-01-05 10:45:41.798000,5.33,5.33,5.34,1676600.0
2018-01-05 10:45:45.617000,5.33,5.33,5.34,1676600.0
2018-01-05 10:45:49.583000,5.33,5.33,5.34,1676600.0
2018-01-05 10:45:53.334000,5.33,5.33,5.34,1676600.0
2018-01-05 10:45:56.708000,5.33,5.33,5.34,1676600.0
2018-01-05 10:46:00.496000,5.33,5.33,5.34,1676600.0
2018-01-05 10:46:03.249000,5.33,5.33,5.34,1676600.0
2018-01-05 10:46:08.437000,5.33,5.33,5.34,1676600.0
2018-01-05 10:46:12.504000,5.33,5.33,5.34,1676600.0
2018-01-05 10:46:16.115000,5.33,5.33,5.34,1676600.0
2018-01-05 10:46:19.903000,5.33,5.33,5.34,1676600.0
2018-01-05 10:46:23.503000,5.33,5.33,5.34,1676600.0
2018-01-05 10:46:26.934000,5.33,5.33,5.34,1676600.0
2018-01-05 10:46:30.340000,5.33,5.33,5.34,1676600.0
2018-01-05 10:46:34.074000,5.33,5.33,5.34,1676600.0
2018-01-05 10:46:38.616000,5.33,5.33,5.34,1676600.0
2018-01-05 10:46:44.785000,5.33,5.33,5.34,1676600.0
2018-01-05 10:46:48.202000,5.33,5.33,5.34,1676600.0
2018-01-05 10:46:51.263000,5.33,5.33,5.34,1676600.0
2018-01-05 10:46:54.950000,5.33,5.33,5.34,1676600.0
2018-01-05 10:46:58.550000,5.33,5.33,5.34,1676600.0
2018-01-05 10:47:03.257000,5.33,5.33,5.34,1676600.0
2018-01-05 10:47:06.951000,5.33,5.33,5.34,1676600.0
2018-01-05 10:47:11.307000,5.33,5.33,5.34,1676600.0
2018-01-05 10:47:18.088000,5.33,5.33,5.34,1676600.0
2018-01-05 10:47:21.410000,5.33,5.33,5.34,1676600.0
2018-01-05 10:47:24.702000,5.33,5.33,5.34,1676600.0
2018-01-05 10:47:27.641000,5.33,5.33,5.34,1676600.0
2018-01-05 10:47:31.024000,5.33,5.33,5.34,1676600.0
2018-01-05 10:47:34.905000,5.33,5.33,5.34,1676600.0
2018-01-05 10:47:38.420000,5.33,5.33,5.34,1676600.0
2018-01-05 10:47:41.820000,5.33,5.33,5.34,1676600.0
2018-01-05 10:47:45.437000,5.33,5.33,5.34,1676600.0
2018-01-05 10:47:49.255000,5.33,5.33,5.34,1676600.0
2018-01-05 10:47:52.791000,5.33,5.33,5.34,1676600.0
2018-01-05 10:47:56.412000,5.33,5.33,5.34,1676600.0
2018-01-05 10:48:00.404000,5.33,5.33,5.34,1676600.0
2018-01-05 10:48:06.196000,5.33,5.33,5.34,1676600.0
2018-01-05 10:48:11.176000,5.33,5.33,5.34,1676600.0
2018-01-05 10:48:15.375000,5.33,5.33,5.34,1676600.0
2018-01-05 10:48:19.155000,5.33,5.33,5.34,1676600.0
2018-01-05 10:48:23.348000,5.33,5.33,5.34,1676600.0
2018-01-05 10:48:26.722000,5.33,5.33,5.34,1676600.0
2018-01-05 10:48:30.425000,5.33,5.33,5.34,1676600.0
2018-01-05 10:48:34.484000,5.33,5.33,5.34,1676600.0
2018-01-05 10:48:38.428000,5.33,5.33,5.34,1676600.0
2018-01-05 10:48:42.456000,5.33,5.33,5.34,1676600.0
2018-01-05 10:48:45.592000,5.33,5.33,5.34,1676600.0
2018-01-05 10:48:48.977000,5.33,5.33,5.34,1676600.0
2018-01-05 10:48:52.824000,5.33,5.33,5.34,1676600.0
2018-01-05 10:48:56.310000,5.33,5.33,5.34,1676600.0
2018-01-05 10:48:59.919000,5.33,5.33,5.34,1676600.0
2018-01-05 10:49:03.185000,5.33,5.33,5.34,1676600.0
2018-01-05 10:49:08.754000,5.33,5.33,5.34,1676600.0
2018-01-05 10:49:12.192000,5.33,5.33,5.34,1676600.0
2018-01-05 10:49:15.655000,5.33,5.33,5.34,1676600.0
2018-01-05 10:49:18.889000,5.33,5.33,5.34,1676600.0
2018-01-05 10:49:22.482000,5.33,5.33,5.34,1676600.0
2018-01-05 10:49:25.983000,5.33,5.33,5.34,1676600.0
2018-01-05 10:49:29.724000,5.33,5.33,5.34,1676600.0
2018-01-05 10:49:33.504000,5.33,5.33,5.34,1676600.0
2018-01-05 10:49:37.214000,5.33,5.33,5.34,1676600.0
2018-01-05 10:49:40.543000,5.33,5.33,5.34,1676600.0
2018-01-05 10:49:44.470000,5.33,5.33,5.34,1676600.0
2018-01-05 10:49:48.337000,5.33,5.33,5.34,1676600.0
2018-01-05 10:49:51.930000,5.33,5.33,5.34,1676600.0
2018-01-05 10:49:55.127000,5.33,5.33,5.34,1676600.0
2018-01-05 10:49:57.960000,5.33,5.33,5.34,1676600.0
2018-01-05 10:50:01.924000,5.33,5.33,5.34,1676600.0
2018-01-05 10:50:05.312000,5.33,5.33,5.34,1676600.0
2018-01-05 10:50:09.222000,5.33,5.33,5.34,1676600.0
2018-01-05 10:50:12.215000,5.33,5.33,5.34,1676600.0
2018-01-05 10:50:15.874000,5.33,5.33,5.34,1676600.0
2018-01-05 10:50:19.424000,5.33,5.33,5.34,1676600.0
2018-01-05 10:50:22.591000,5.33,5.33,5.34,1676600.0
2018-01-05 10:50:26.198000,5.33,5.33,5.34,1676600.0
2018-01-05 10:50:30.019000,5.33,5.33,5.34,1676600.0
2018-01-05 10:50:33.775000,5.33,5.33,5.34,1676600.0
2018-01-05 10:50:36.956000,5.33,5.33,5.34,1676600.0
2018-01-05 10:50:40.550000,5.33,5.33,5.34,1676600.0
2018-01-05 10:50:43.731000,5.33,5.33,5.34,1676600.0
2018-01-05 10:50:47.597000,5.33,5.33,5.34,1676600.0
2018-01-05 10:50:50.607000,5.33,5.33,5.34,1676600.0
2018-01-05 10:50:54.489000,5.33,5.33,5.34,1676600.0
2018-01-05 10:50:58.367000,5.33,5.33,5.34,1676600.0
2018-01-05 10:51:02.188000,5.33,5.33,5.34,1676600.0
2018-01-05 10:51:06.025000,5.33,5.33,5.34,1676600.0
2018-01-05 10:51:10.395000,5.33,5.33,5.34,1676600.0
2018-01-05 10:51:15.661000,5.33,5.33,5.34,1676600.0
2018-01-05 10:51:19.558000,5.33,5.33,5.34,1676600.0
2018-01-05 10:51:22.870000,5.33,5.33,5.34,1676600.0
2018-01-05 10:51:26.448000,5.33,5.33,5.34,1676600.0
2018-01-05 10:51:29.999000,5.33,5.33,5.34,1676600.0
2018-01-05 10:51:33.926000,5.33,5.33,5.34,1676600.0
2018-01-05 10:51:37.540000,5.33,5.33,5.34,1676600.0
2018-01-05 10:51:41.373000,5.33,5.33,5.34,1676600.0
2018-01-05 10:51:44.220000,5.33,5.33,5.34,1676600.0
2018-01-05 10:51:48.048000,5.33,5.33,5.34,1676600.0
2018-01-05 10:51:51.859000,5.33,5.33,5.34,1676600.0
2018-01-05 10:51:55.693000,5.33,5.33,5.34,1676600.0
2018-01-05 10:51:59.146000,5.33,5.33,5.34,1676600.0
2018-01-05 10:52:03.036000,5.33,5.33,5.34,1676600.0
2018-01-05 10:52:06.131000,5.33,5.33,5.34,1676600.0
2018-01-05 10:52:09.679000,5.33,5.33,5.34,1676600.0
2018-01-05 10:52:13.559000,5.33,5.33,5.34,1676600.0
2018-01-05 10:52:21.531000,5.33,5.33,5.34,1676600.0
2018-01-05 10:52:25.344000,5.33,5.33,5.34,1676600.0
2018-01-05 10:52:28.912000,5.33,5.33,5.34,1676600.0
2018-01-05 10:52:32.151000,5.33,5.33,5.34,1676600.0
2018-01-05 10:52:35.991000,5.33,5.33,5.34,1676600.0
2018-01-05 10:52:39.841000,5.33,5.33,5.34,1676600.0
2018-01-05 10:52:43.645000,5.33,5.33,5.34,1676600.0
2018-01-05 10:52:47.432000,5.33,5.33,5.34,1676600.0
2018-01-05 10:52:51.469000,5.33,5.33,5.34,1676600.0
2018-01-05 10:52:55.398000,5.33,5.33,5.34,1676600.0
2018-01-05 10:52:58.411000,5.33,5.33,5.34,1676600.0
2018-01-05 10:53:01.526000,5.33,5.33,5.34,1676600.0
2018-01-05 10:53:07.282000,5.33,5.33,5.34,1676600.0
2018-01-05 10:53:11.786000,5.33,5.32,5.33,1676600.0
2018-01-05 10:53:15.350000,5.33,5.32,5.33,1676600.0
2018-01-05 10:53:19.027000,5.33,5.32,5.33,1694600.0
2018-01-05 10:53:22.682000,5.33,5.32,5.33,1694600.0
2018-01-05 10:53:26.392000,5.33,5.32,5.33,1694600.0
2018-01-05 10:53:30.499000,5.33,5.32,5.33,1694600.0
2018-01-05 10:53:34.306000,5.33,5.32,5.33,1694600.0
2018-01-05 10:53:37.795000,5.33,5.32,5.33,1694600.0
2018-01-05 10:53:41.583000,5.33,5.32,5.33,1694600.0
2018-01-05 10:53:45.496000,5.33,5.32,5.33,1694600.0
2018-01-05 10:53:48.356000,5.33,5.32,5.33,1694600.0
2018-01-05 10:53:51.686000,5.33,5.32,5.33,1694600.0
2018-01-05 10:53:55.282000,5.33,5.32,5.33,1694600.0
2018-01-05 10:53:59.215000,5.33,5.32,5.33,1694600.0
2018-01-05 10:54:02.553000,5.33,5.32,5.33,1694600.0
2018-01-05 10:54:06.132000,5.33,5.32,5.33,1694600.0
2018-01-05 10:54:09.335000,5.33,5.32,5.33,1694600.0
2018-01-05 10:54:13.061000,5.33,5.32,5.33,1694600.0
2018-01-05 10:54:16.381000,5.33,5.32,5.33,1694600.0
2018-01-05 10:54:19.766000,5.33,5.32,5.33,1694600.0
2018-01-05 10:54:23.685000,5.33,5.32,5.33,1694600.0
2018-01-05 10:54:27.434000,5.33,5.32,5.33,1694600.0
2018-01-05 10:54:31.036000,5.33,5.32,5.33,1694600.0
2018-01-05 10:54:33.834000,5.33,5.32,5.33,1694600.0
2018-01-05 10:54:37.682000,5.33,5.32,5.33,1694600.0
2018-01-05 10:54:40.463000,5.33,5.33,5.34,1716600.0
2018-01-05 10:54:44.233000,5.33,5.33,5.34,1716600.0
2018-01-05 10:54:47.882000,5.33,5.33,5.34,1716600.0
2018-01-05 10:54:51.212000,5.33,5.33,5.34,1716600.0
2018-01-05 10:54:54.416000,5.33,5.33,5.34,1716600.0
2018-01-05 10:54:58.433000,5.33,5.33,5.34,1716600.0
2018-01-05 10:55:01.914000,5.33,5.33,5.34,1716600.0
2018-01-05 10:55:08.494000,5.33,5.33,5.34,1716600.0
2018-01-05 10:55:11.614000,5.33,5.33,5.34,1716600.0
2018-01-05 10:55:14.623000,5.33,5.33,5.34,1716600.0
2018-01-05 10:55:18.590000,5.33,5.33,5.34,1716600.0
2018-01-05 10:55:22.261000,5.33,5.33,5.34,1716600.0
2018-01-05 10:55:25.683000,5.33,5.33,5.34,1716600.0
2018-01-05 10:55:29.123000,5.33,5.33,5.34,1716600.0
2018-01-05 10:55:31.852000,5.33,5.33,5.34,1716600.0
2018-01-05 10:55:35.336000,5.33,5.33,5.34,1716600.0
2018-01-05 10:55:39.174000,5.33,5.33,5.34,1716600.0
2018-01-05 10:55:42.640000,5.33,5.33,5.34,1716600.0
2018-01-05 10:55:46.746000,5.33,5.33,5.34,1716600.0
2018-01-05 10:55:49.671000,5.33,5.33,5.34,1716600.0
2018-01-05 10:55:53.318000,5.33,5.33,5.34,1716600.0
2018-01-05 10:55:56.968000,5.33,5.33,5.34,1716600.0
2018-01-05 10:56:01.005000,5.33,5.33,5.34,1716600.0
2018-01-05 10:56:04.231000,5.33,5.33,5.34,1716600.0
2018-01-05 10:56:09.497000,5.33,5.33,5.34,1716600.0
2018-01-05 10:56:13.147000,5.33,5.33,5.34,1716600.0
2018-01-05 10:56:16.940000,5.33,5.33,5.34,1716600.0
2018-01-05 10:56:20.697000,5.33,5.33,5.34,1716600.0
2018-01-05 10:56:24.532000,5.33,5.33,5.34,1716600.0
2018-01-05 10:56:28.205000,5.33,5.33,5.34,1716600.0
2018-01-05 10:56:32.775000,5.33,5.33,5.34,1716600.0
2018-01-05 10:56:36.985000,5.33,5.33,5.34,1716600.0
2018-01-05 10:56:40.866000,5.33,5.33,5.34,1716600.0
2018-01-05 10:56:44.466000,5.33,5.33,5.34,1716600.0
2018-01-05 10:56:50.589000,5.33,5.33,5.34,1716600.0
2018-01-05 10:56:57.039000,5.33,5.33,5.34,1716600.0
2018-01-05 10:57:02.745000,5.33,5.33,5.34,1716600.0
2018-01-05 10:57:08.889000,5.33,5.33,5.34,1716600.0
2018-01-05 10:57:12.848000,5.33,5.33,5.34,1716600.0
2018-01-05 10:57:17.905000,5.33,5.33,5.34,1716600.0
2018-01-05 10:57:21.917000,5.33,5.33,5.34,1716600.0
2018-01-05 10:57:25.573000,5.33,5.33,5.34,1716600.0
2018-01-05 10:57:29.789000,5.33,5.33,5.34,1716600.0
2018-01-05 10:57:33.822000,5.33,5.33,5.34,1716600.0
2018-01-05 10:57:37.537000,5.33,5.33,5.34,1716600.0
2018-01-05 10:57:41.002000,5.33,5.33,5.34,1716600.0
2018-01-05 10:57:44.715000,5.33,5.33,5.34,1716600.0
2018-01-05 10:57:48.419000,5.33,5.33,5.34,1716600.0
2018-01-05 10:57:52.160000,5.33,5.33,5.34,1716600.0
2018-01-05 10:57:55.837000,5.33,5.33,5.34,1716600.0
2018-01-05 10:57:59.828000,5.33,5.33,5.34,1716600.0
2018-01-05 10:58:03.422000,5.33,5.33,5.34,1716600.0
2018-01-05 10:58:07.973000,5.33,5.33,5.34,1716600.0
2018-01-05 10:58:12.062000,5.33,5.33,5.34,1716600.0
2018-01-05 10:58:18.442000,5.33,5.33,5.34,1716600.0
2018-01-05 10:58:22.135000,5.33,5.33,5.34,1716600.0
2018-01-05 10:58:26.125000,5.33,5.33,5.34,1716600.0
2018-01-05 10:58:29.834000,5.33,5.33,5.34,1716600.0
2018-01-05 10:58:33.857000,5.33,5.33,5.34,1716600.0
2018-01-05 10:58:37.885000,5.33,5.33,5.34,1716600.0
2018-01-05 10:58:41.704000,5.33,5.33,5.34,1716600.0
2018-01-05 10:58:45.407000,5.33,5.33,5.34,1716600.0
2018-01-05 10:58:48.992000,5.33,5.33,5.34,1716600.0
2018-01-05 10:58:52.345000,5.33,5.33,5.34,1716600.0
2018-01-05 10:58:55.673000,5.33,5.33,5.34,1716600.0
2018-01-05 10:58:59.204000,5.33,5.33,5.34,1716600.0
2018-01-05 10:59:03.125000,5.33,5.33,5.34,1716600.0
2018-01-05 10:59:06.206000,5.33,5.33,5.34,1716600.0
2018-01-05 10:59:10.139000,5.33,5.33,5.34,1716600.0
2018-01-05 10:59:14.038000,5.33,5.33,5.34,1716600.0
2018-01-05 10:59:17.373000,5.33,5.33,5.34,1716600.0
2018-01-05 10:59:21.191000,5.33,5.33,5.34,1716600.0
2018-01-05 10:59:24.655000,5.33,5.33,5.34,1716600.0
2018-01-05 10:59:28.558000,5.33,5.33,5.34,1716600.0
2018-01-05 10:59:32.036000,5.33,5.33,5.34,1716600.0
2018-01-05 10:59:35.287000,5.33,5.33,5.34,1716600.0
2018-01-05 10:59:38.910000,5.33,5.33,5.34,1716600.0
2018-01-05 10:59:42.909000,5.33,5.33,5.34,1716600.0
2018-01-05 10:59:46.534000,5.33,5.33,5.34,1716600.0
2018-01-05 10:59:50.081000,5.33,5.33,5.34,1716600.0
2018-01-05 10:59:53.371000,5.33,5.33,5.34,1716600.0
2018-01-05 10:59:56.940000,5.33,5.33,5.34,1716600.0
2018-01-05 11:00:00.337000,5.33,5.33,5.34,1716600.0
2018-01-05 11:00:07.884000,5.33,5.33,5.34,1716600.0
2018-01-05 11:00:11.478000,5.33,5.33,5.34,1716600.0
2018-01-05 11:00:15.390000,5.33,5.33,5.34,1716600.0
2018-01-05 11:00:19.403000,5.33,5.33,5.34,1716600.0
2018-01-05 11:00:23.064000,5.33,5.33,5.34,1716600.0
2018-01-05 11:00:26.769000,5.33,5.33,5.34,1716600.0
2018-01-05 11:00:30.053000,5.33,5.33,5.34,1716600.0
2018-01-05 11:00:33.258000,5.33,5.33,5.34,1716600.0
2018-01-05 11:00:37.144000,5.33,5.33,5.34,1716600.0
2018-01-05 11:00:41.195000,5.33,5.33,5.34,1716600.0
2018-01-05 11:00:44.604000,5.33,5.33,5.34,1716600.0
2018-01-05 11:00:48.273000,5.33,5.33,5.34,1716600.0
2018-01-05 11:00:51.761000,5.33,5.33,5.34,1716600.0
2018-01-05 11:00:55.790000,5.33,5.33,5.34,1716600.0
2018-01-05 11:00:59.542000,5.33,5.33,5.34,1716600.0
2018-01-05 11:01:03.473000,5.33,5.33,5.34,1716600.0
2018-01-05 11:01:08.181000,5.33,5.33,5.34,1716600.0
2018-01-05 11:01:12.049000,5.33,5.33,5.34,1716600.0
2018-01-05 11:01:15.865000,5.33,5.33,5.34,1716600.0
2018-01-05 11:01:19.715000,5.33,5.33,5.34,1716600.0
2018-01-05 11:01:22.898000,5.33,5.33,5.34,1716600.0
2018-01-05 11:01:26.947000,5.33,5.33,5.34,1716600.0
2018-01-05 11:01:31.044000,5.33,5.33,5.34,1716600.0
2018-01-05 11:01:34.432000,5.34,5.33,5.34,1720600.0
2018-01-05 11:01:37.977000,5.34,5.33,5.34,1720600.0
2018-01-05 11:01:41.213000,5.34,5.33,5.34,1720600.0
2018-01-05 11:01:45.221000,5.34,5.33,5.34,1720600.0
2018-01-05 11:01:48.687000,5.34,5.33,5.34,1720600.0
2018-01-05 11:01:52.109000,5.34,5.33,5.34,1720600.0
2018-01-05 11:01:55.749000,5.34,5.33,5.34,1720600.0
2018-01-05 11:01:59.600000,5.34,5.33,5.34,1720600.0
2018-01-05 11:02:03.263000,5.34,5.33,5.34,1720600.0
2018-01-05 11:02:08.178000,5.34,5.33,5.34,1720600.0
2018-01-05 11:02:11.998000,5.34,5.33,5.34,1720600.0
2018-01-05 11:02:15.925000,5.34,5.33,5.34,1720600.0
2018-01-05 11:02:19.335000,5.34,5.33,5.34,1720600.0
2018-01-05 11:02:23.292000,5.34,5.33,5.34,1720600.0
2018-01-05 11:02:26.900000,5.34,5.33,5.34,1720600.0
2018-01-05 11:02:30.100000,5.34,5.33,5.34,1720600.0
2018-01-05 11:02:33.410000,5.34,5.33,5.34,1720600.0
2018-01-05 11:02:36.988000,5.34,5.33,5.34,1720600.0
2018-01-05 11:02:40.730000,5.34,5.33,5.34,1720600.0
2018-01-05 11:02:44.548000,5.34,5.33,5.34,1720600.0
2018-01-05 11:02:47.979000,5.34,5.33,5.34,1720600.0
2018-01-05 11:02:51.432000,5.34,5.33,5.34,1720600.0
2018-01-05 11:02:55.016000,5.34,5.33,5.34,1720600.0
2018-01-05 11:02:58.595000,5.34,5.33,5.34,1720600.0
2018-01-05 11:03:02.539000,5.34,5.33,5.34,1720600.0
2018-01-05 11:03:08.552000,5.34,5.33,5.34,1720600.0
2018-01-05 11:03:12.354000,5.34,5.33,5.34,1720600.0
2018-01-05 11:03:17.955000,5.34,5.33,5.34,1720600.0
2018-01-05 11:03:21.883000,5.34,5.33,5.34,1720600.0
2018-01-05 11:03:25.337000,5.34,5.33,5.34,1720600.0
2018-01-05 11:03:29.560000,5.34,5.33,5.34,1720600.0
2018-01-05 11:03:33.339000,5.34,5.33,5.34,1720600.0
2018-01-05 11:03:37.250000,5.34,5.33,5.34,1720600.0
2018-01-05 11:03:41.136000,5.34,5.33,5.34,1720600.0
2018-01-05 11:03:44.843000,5.34,5.33,5.34,1720600.0
2018-01-05 11:03:48.282000,5.34,5.33,5.34,1720600.0
2018-01-05 11:03:51.990000,5.34,5.33,5.34,1720600.0
2018-01-05 11:03:55.579000,5.34,5.33,5.34,1720600.0
2018-01-05 11:03:58.876000,5.34,5.33,5.34,1720600.0
2018-01-05 11:04:02.184000,5.34,5.33,5.34,1720600.0
2018-01-05 11:04:08.325000,5.34,5.33,5.34,1720600.0
2018-01-05 11:04:12.683000,5.34,5.33,5.34,1720600.0
2018-01-05 11:04:16.057000,5.34,5.33,5.34,1720600.0
2018-01-05 11:04:20.304000,5.34,5.33,5.34,1720600.0
2018-01-05 11:04:24.210000,5.34,5.33,5.34,1720600.0
2018-01-05 11:04:27.497000,5.34,5.33,5.34,1720600.0
2018-01-05 11:04:31.060000,5.34,5.33,5.34,1720600.0
2018-01-05 11:04:34.273000,5.34,5.33,5.34,1720600.0
2018-01-05 11:04:38.300000,5.34,5.33,5.34,1720600.0
2018-01-05 11:04:42.339000,5.34,5.33,5.34,1720600.0
2018-01-05 11:04:46.118000,5.34,5.33,5.34,1720600.0
2018-01-05 11:04:49.670000,5.34,5.33,5.34,1720600.0
2018-01-05 11:04:53.732000,5.34,5.33,5.34,1720600.0
2018-01-05 11:04:57.755000,5.34,5.33,5.34,1720600.0
2018-01-05 11:05:00.891000,5.34,5.33,5.34,1720600.0
2018-01-05 11:05:04.500000,5.34,5.33,5.34,1720600.0
2018-01-05 11:05:09.180000,5.34,5.33,5.34,1720600.0
2018-01-05 11:05:12.930000,5.34,5.33,5.34,1720600.0
2018-01-05 11:05:18.202000,5.34,5.33,5.34,1720600.0
2018-01-05 11:05:21.827000,5.34,5.33,5.34,1720600.0
2018-01-05 11:05:25.452000,5.34,5.33,5.34,1720600.0
2018-01-05 11:05:28.540000,5.34,5.33,5.34,1720600.0
2018-01-05 11:05:32.484000,5.34,5.33,5.34,1720600.0
2018-01-05 11:05:36.316000,5.34,5.33,5.34,1720600.0
2018-01-05 11:05:40.199000,5.34,5.33,5.34,1720600.0
2018-01-05 11:05:44.133000,5.34,5.33,5.34,1720600.0
2018-01-05 11:05:48.097000,5.34,5.33,5.34,1720600.0
2018-01-05 11:05:52.057000,5.34,5.33,5.34,1720600.0
2018-01-05 11:05:55.840000,5.34,5.33,5.34,1720600.0
2018-01-05 11:05:59.672000,5.34,5.33,5.34,1720600.0
2018-01-05 11:06:03.269000,5.34,5.33,5.34,1720600.0
2018-01-05 11:06:06.550000,5.34,5.33,5.34,1720600.0
2018-01-05 11:06:10.400000,5.34,5.33,5.34,1720600.0
2018-01-05 11:06:15.993000,5.34,5.33,5.34,1720600.0
2018-01-05 11:06:22.566000,5.34,5.33,5.34,1720600.0
2018-01-05 11:06:36.551000,5.34,5.33,5.34,1720600.0
2018-01-05 11:06:46.451000,5.34,5.33,5.34,1720600.0
2018-01-05 11:06:58.539000,5.34,5.33,5.34,1720600.0
2018-01-05 11:07:05.001000,5.34,5.33,5.34,1720600.0
2018-01-05 11:07:20.355000,5.34,5.33,5.34,1720600.0
2018-01-05 11:07:29.403000,5.34,5.33,5.34,1720600.0
2018-01-05 11:07:36.455000,5.34,5.33,5.34,1720600.0
2018-01-05 11:07:40.067000,5.34,5.33,5.34,1720600.0
2018-01-05 11:07:42.819000,5.34,5.33,5.34,1720600.0
2018-01-05 11:07:46.699000,5.34,5.33,5.34,1720600.0
2018-01-05 11:07:50.200000,5.34,5.33,5.34,1720600.0
2018-01-05 11:07:53.443000,5.34,5.33,5.34,1720600.0
2018-01-05 11:07:57.199000,5.34,5.33,5.34,1720600.0
2018-01-05 11:08:01.462000,5.34,5.33,5.34,1720600.0
2018-01-05 11:08:04.926000,5.34,5.33,5.34,1720600.0
2018-01-05 11:08:09.024000,5.34,5.33,5.34,1720600.0
2018-01-05 11:08:12.834000,5.34,5.33,5.34,1720600.0
2018-01-05 11:08:16.186000,5.34,5.33,5.34,1720600.0
2018-01-05 11:08:20.050000,5.34,5.33,5.34,1720600.0
2018-01-05 11:08:23.786000,5.34,5.33,5.34,1720600.0
2018-01-05 11:08:27.441000,5.34,5.33,5.34,1720600.0
2018-01-05 11:08:31.594000,5.34,5.33,5.34,1720600.0
2018-01-05 11:08:35.117000,5.34,5.33,5.34,1724600.0
2018-01-05 11:08:38.788000,5.34,5.33,5.34,1724600.0
2018-01-05 11:08:42.701000,5.34,5.33,5.34,1724600.0
2018-01-05 11:08:46.708000,5.34,5.33,5.34,1724600.0
2018-01-05 11:08:49.862000,5.34,5.33,5.34,1724600.0
2018-01-05 11:08:53.739000,5.34,5.33,5.34,1724600.0
2018-01-05 11:08:57.255000,5.34,5.33,5.34,1724600.0
2018-01-05 11:09:00.677000,5.34,5.33,5.34,1724600.0
2018-01-05 11:09:04.899000,5.34,5.33,5.34,1724600.0
2018-01-05 11:09:08.602000,5.34,5.33,5.34,1724600.0
2018-01-05 11:09:12.065000,5.34,5.33,5.34,1724600.0
2018-01-05 11:09:15.759000,5.34,5.33,5.34,1724600.0
2018-01-05 11:09:19.483000,5.34,5.33,5.34,1724600.0
2018-01-05 11:09:23.381000,5.34,5.33,5.34,1724600.0
2018-01-05 11:09:26.771000,5.34,5.33,5.34,1724600.0
2018-01-05 11:09:30.397000,5.34,5.33,5.34,1724600.0
2018-01-05 11:09:33.818000,5.34,5.33,5.34,1724600.0
2018-01-05 11:09:37.808000,5.34,5.33,5.34,1724600.0
2018-01-05 11:09:41.597000,5.34,5.33,5.34,1724600.0
2018-01-05 11:09:45.291000,5.34,5.33,5.34,1724600.0
2018-01-05 11:09:48.692000,5.34,5.33,5.34,1724600.0
2018-01-05 11:09:52.353000,5.34,5.33,5.35,1731600.0
2018-01-05 11:09:56.125000,5.34,5.33,5.35,1731600.0
2018-01-05 11:10:00.079000,5.34,5.33,5.35,1731600.0
2018-01-05 11:10:03.491000,5.34,5.33,5.35,1731600.0
2018-01-05 11:10:10.344000,5.34,5.33,5.35,1731600.0
2018-01-05 11:10:17.014000,5.34,5.33,5.35,1731600.0
2018-01-05 11:10:20.782000,5.34,5.33,5.35,1731600.0
2018-01-05 11:10:24.157000,5.34,5.33,5.35,1731600.0
2018-01-05 11:10:27.923000,5.34,5.33,5.35,1731600.0
2018-01-05 11:10:32.488000,5.34,5.33,5.35,1731600.0
2018-01-05 11:10:36.658000,5.34,5.33,5.35,1731600.0
2018-01-05 11:10:40.889000,5.34,5.33,5.35,1731600.0
2018-01-05 11:10:44.839000,5.34,5.33,5.35,1731600.0
2018-01-05 11:10:48.152000,5.34,5.33,5.35,1731600.0
2018-01-05 11:10:51.614000,5.34,5.33,5.35,1731600.0
2018-01-05 11:10:55.527000,5.34,5.33,5.35,1731600.0
2018-01-05 11:10:58.725000,5.34,5.33,5.35,1731600.0
2018-01-05 11:11:02.355000,5.34,5.33,5.35,1731600.0
2018-01-05 11:11:05.351000,5.34,5.33,5.35,1731600.0
2018-01-05 11:11:08.842000,5.34,5.33,5.35,1731600.0
2018-01-05 11:11:12.631000,5.34,5.33,5.35,1731600.0
2018-01-05 11:11:19.724000,5.34,5.33,5.35,1731600.0
2018-01-05 11:11:22.906000,5.34,5.33,5.35,1731600.0
2018-01-05 11:11:26.553000,5.34,5.33,5.35,1731600.0
2018-01-05 11:11:30.403000,5.34,5.33,5.35,1731600.0
2018-01-05 11:11:34.129000,5.34,5.33,5.35,1731600.0
2018-01-05 11:11:38.025000,5.34,5.33,5.35,1731600.0
2018-01-05 11:11:41.300000,5.34,5.33,5.35,1731600.0
2018-01-05 11:11:45.047000,5.34,5.33,5.35,1731600.0
2018-01-05 11:11:48.588000,5.34,5.33,5.35,1731600.0
2018-01-05 11:11:52.453000,5.34,5.33,5.35,1731600.0
2018-01-05 11:11:55.401000,5.34,5.33,5.35,1731600.0
2018-01-05 11:11:59.741000,5.34,5.33,5.35,1731600.0
2018-01-05 11:12:02.985000,5.34,5.33,5.35,1731600.0
2018-01-05 11:12:05.894000,5.34,5.33,5.35,1731600.0
2018-01-05 11:12:09.760000,5.34,5.33,5.35,1731600.0
2018-01-05 11:12:13.678000,5.34,5.33,5.35,1731600.0
2018-01-05 11:12:19.070000,5.34,5.33,5.35,1731600.0
2018-01-05 11:12:23.394000,5.34,5.33,5.35,1731600.0
2018-01-05 11:12:27.136000,5.34,5.33,5.35,1731600.0
2018-01-05 11:12:30.985000,5.34,5.33,5.35,1731600.0
2018-01-05 11:12:35.175000,5.34,5.33,5.35,1731600.0
2018-01-05 11:12:38.811000,5.34,5.33,5.35,1731600.0
2018-01-05 11:12:42.646000,5.34,5.33,5.35,1731600.0
2018-01-05 11:12:45.990000,5.34,5.33,5.35,1731600.0
2018-01-05 11:12:50.047000,5.34,5.33,5.35,1731600.0
2018-01-05 11:12:53.961000,5.34,5.33,5.35,1731600.0
2018-01-05 11:12:57.811000,5.34,5.33,5.35,1731600.0
2018-01-05 11:13:01.530000,5.34,5.33,5.35,1731600.0
2018-01-05 11:13:06.415000,5.34,5.33,5.35,1731600.0
2018-01-05 11:13:10.352000,5.34,5.33,5.35,1731600.0
2018-01-05 11:13:14.293000,5.34,5.33,5.35,1731600.0
2018-01-05 11:13:17.793000,5.34,5.33,5.35,1731600.0
2018-01-05 11:13:22.740000,5.34,5.33,5.35,1731600.0
2018-01-05 11:13:26.652000,5.34,5.33,5.35,1731600.0
2018-01-05 11:13:30.861000,5.34,5.33,5.35,1731600.0
2018-01-05 11:13:34.609000,5.34,5.33,5.35,1731600.0
2018-01-05 11:13:38.227000,5.34,5.33,5.35,1731600.0
2018-01-05 11:13:41.797000,5.34,5.33,5.35,1737600.0
2018-01-05 11:13:45.574000,5.34,5.33,5.35,1737600.0
2018-01-05 11:13:48.881000,5.34,5.33,5.35,1737600.0
2018-01-05 11:13:52.663000,5.34,5.33,5.35,1737600.0
2018-01-05 11:13:56.166000,5.34,5.33,5.35,1737600.0
2018-01-05 11:13:58.901000,5.34,5.33,5.35,1737600.0
2018-01-05 11:14:02.260000,5.34,5.33,5.35,1737600.0
2018-01-05 11:14:08.957000,5.34,5.33,5.35,1737600.0
2018-01-05 11:14:12.822000,5.34,5.33,5.35,1737600.0
2018-01-05 11:14:16.346000,5.34,5.33,5.35,1737600.0
2018-01-05 11:14:19.682000,5.34,5.33,5.35,1737600.0
2018-01-05 11:14:23.658000,5.34,5.33,5.35,1737600.0
2018-01-05 11:14:27.132000,5.34,5.33,5.35,1737600.0
2018-01-05 11:14:31.310000,5.34,5.33,5.35,1737600.0
2018-01-05 11:14:34.648000,5.34,5.33,5.35,1737600.0
2018-01-05 11:14:38.566000,5.34,5.33,5.35,1737600.0
2018-01-05 11:14:41.326000,5.34,5.33,5.35,1737600.0
2018-01-05 11:14:45.499000,5.34,5.33,5.35,1737600.0
2018-01-05 11:14:49.380000,5.34,5.33,5.34,1754200.0
2018-01-05 11:14:53.361000,5.34,5.33,5.34,1754200.0
2018-01-05 11:14:56.908000,5.34,5.33,5.34,1754200.0
2018-01-05 11:15:00.945000,5.34,5.33,5.34,1754200.0
2018-01-05 11:15:04.817000,5.34,5.33,5.34,1754200.0
2018-01-05 11:15:10.192000,5.34,5.33,5.34,1754200.0
2018-01-05 11:15:13.756000,5.34,5.33,5.34,1754200.0
2018-01-05 11:15:17.668000,5.34,5.33,5.34,1754200.0
2018-01-05 11:15:20.781000,5.34,5.33,5.34,1754200.0
2018-01-05 11:15:26.514000,5.34,5.33,5.34,1754200.0
2018-01-05 11:15:30.143000,5.34,5.33,5.34,1754200.0
2018-01-05 11:15:33.801000,5.34,5.33,5.34,1754200.0
2018-01-05 11:15:37.158000,5.34,5.33,5.34,1754200.0
2018-01-05 11:15:40.704000,5.34,5.33,5.34,1754200.0
2018-01-05 11:15:44.384000,5.34,5.33,5.34,1754200.0
2018-01-05 11:15:48.407000,5.34,5.33,5.34,1754200.0
2018-01-05 11:15:52.287000,5.34,5.33,5.34,1754200.0
2018-01-05 11:15:55.265000,5.34,5.33,5.34,1754200.0
2018-01-05 11:15:59.054000,5.34,5.33,5.34,1754200.0
2018-01-05 11:16:02.501000,5.34,5.33,5.34,1754200.0
2018-01-05 11:16:08.885000,5.34,5.33,5.34,1754200.0
2018-01-05 11:16:13.301000,5.34,5.33,5.34,1763600.0
2018-01-05 11:16:17.029000,5.34,5.33,5.34,1763600.0
2018-01-05 11:16:20.895000,5.34,5.33,5.34,1763600.0
2018-01-05 11:16:24.154000,5.34,5.33,5.34,1763600.0
2018-01-05 11:16:28.166000,5.34,5.33,5.34,1763600.0
2018-01-05 11:16:31.792000,5.34,5.33,5.34,1763600.0
2018-01-05 11:16:35.245000,5.34,5.33,5.34,1763600.0
2018-01-05 11:16:38.158000,5.34,5.33,5.34,1763600.0
2018-01-05 11:16:41.070000,5.34,5.33,5.34,1763600.0
2018-01-05 11:16:44.299000,5.34,5.33,5.34,1763600.0
2018-01-05 11:16:48.070000,5.34,5.33,5.34,1763600.0
2018-01-05 11:16:51.185000,5.34,5.33,5.34,1763600.0
2018-01-05 11:16:54.606000,5.34,5.33,5.34,1763600.0
2018-01-05 11:16:58.222000,5.34,5.33,5.34,1763600.0
2018-01-05 11:17:02.118000,5.34,5.33,5.34,1763600.0
2018-01-05 11:17:05.455000,5.34,5.33,5.34,1763600.0
2018-01-05 11:17:10.799000,5.34,5.33,5.34,1763600.0
2018-01-05 11:17:14.718000,5.34,5.33,5.34,1763600.0
2018-01-05 11:17:18.615000,5.34,5.33,5.34,1763600.0
2018-01-05 11:17:22.152000,5.34,5.33,5.34,1763600.0
2018-01-05 11:17:25.009000,5.34,5.33,5.34,1763600.0
2018-01-05 11:17:29.175000,5.34,5.33,5.34,1763600.0
2018-01-05 11:17:32.537000,5.34,5.33,5.34,1764100.0
2018-01-05 11:17:35.846000,5.34,5.33,5.34,1764100.0
2018-01-05 11:17:39.469000,5.34,5.33,5.34,1764100.0
2018-01-05 11:17:43.090000,5.34,5.33,5.34,1764100.0
2018-01-05 11:17:46.522000,5.34,5.33,5.34,1764100.0
2018-01-05 11:17:50.324000,5.34,5.33,5.34,1764100.0
2018-01-05 11:17:53.554000,5.34,5.33,5.34,1764100.0
2018-01-05 11:17:57.638000,5.34,5.33,5.34,1764100.0
2018-01-05 11:18:01.551000,5.34,5.33,5.34,1764100.0
2018-01-05 11:18:04.863000,5.34,5.33,5.34,1764100.0
2018-01-05 11:18:08.317000,5.34,5.33,5.34,1764100.0
2018-01-05 11:18:12.339000,5.34,5.33,5.34,1764100.0
2018-01-05 11:18:15.912000,5.34,5.33,5.34,1764100.0
2018-01-05 11:18:21.140000,5.34,5.33,5.34,1764100.0
2018-01-05 11:18:25.142000,5.34,5.33,5.34,1764100.0
2018-01-05 11:18:28.204000,5.34,5.33,5.34,1764100.0
2018-01-05 11:18:31.418000,5.34,5.33,5.34,1764100.0
2018-01-05 11:18:34.342000,5.34,5.33,5.34,1764100.0
2018-01-05 11:18:37.461000,5.34,5.33,5.34,1764100.0
2018-01-05 11:18:41.170000,5.34,5.33,5.34,1764100.0
2018-01-05 11:18:45.192000,5.34,5.33,5.34,1764100.0
2018-01-05 11:18:48.536000,5.34,5.33,5.34,1764100.0
2018-01-05 11:18:52.180000,5.34,5.33,5.34,1764100.0
2018-01-05 11:18:55.784000,5.34,5.33,5.34,1764100.0
2018-01-05 11:18:59.465000,5.34,5.33,5.34,1764100.0
2018-01-05 11:19:02.933000,5.34,5.33,5.34,1764100.0
2018-01-05 11:19:09.021000,5.34,5.33,5.34,1764100.0
2018-01-05 11:19:12.640000,5.34,5.33,5.34,1764100.0
2018-01-05 11:19:16.092000,5.34,5.33,5.34,1764100.0
2018-01-05 11:19:19.734000,5.34,5.33,5.34,1764100.0
2018-01-05 11:19:23.296000,5.34,5.33,5.34,1764100.0
2018-01-05 11:19:27.240000,5.34,5.33,5.34,1764100.0
2018-01-05 11:19:31.033000,5.34,5.33,5.34,1764100.0
2018-01-05 11:19:34.450000,5.34,5.33,5.34,1764100.0
2018-01-05 11:19:37.840000,5.34,5.33,5.34,1764100.0
2018-01-05 11:19:41.590000,5.34,5.33,5.34,1764100.0
2018-01-05 11:19:45.409000,5.34,5.33,5.34,1764100.0
2018-01-05 11:19:48.942000,5.34,5.33,5.34,1764100.0
2018-01-05 11:19:52.165000,5.34,5.33,5.34,1764100.0
2018-01-05 11:19:55.879000,5.34,5.33,5.34,1764100.0
2018-01-05 11:19:59.985000,5.34,5.33,5.34,1764100.0
2018-01-05 11:20:03.469000,5.34,5.33,5.34,1764100.0
2018-01-05 11:20:06.682000,5.34,5.33,5.34,1764100.0
2018-01-05 11:20:11.109000,5.34,5.33,5.34,1764100.0
2018-01-05 11:20:14.670000,5.34,5.33,5.34,1764100.0
2018-01-05 11:20:17.423000,5.34,5.33,5.34,1764100.0
2018-01-05 11:20:21.577000,5.34,5.33,5.34,1764100.0
2018-01-05 11:20:25.232000,5.34,5.33,5.34,1764100.0
2018-01-05 11:20:28.555000,5.34,5.33,5.34,1764100.0
2018-01-05 11:20:32.527000,5.34,5.33,5.34,1764100.0
2018-01-05 11:20:36.674000,5.34,5.33,5.34,1764100.0
2018-01-05 11:20:40.028000,5.34,5.33,5.34,1764100.0
2018-01-05 11:20:43.354000,5.34,5.33,5.34,1764100.0
2018-01-05 11:20:46.917000,5.34,5.33,5.34,1764100.0
2018-01-05 11:20:50.721000,5.34,5.33,5.34,1764100.0
2018-01-05 11:20:54.774000,5.34,5.33,5.34,1764100.0
2018-01-05 11:20:58.708000,5.34,5.33,5.34,1764100.0
2018-01-05 11:21:01.937000,5.34,5.33,5.34,1764100.0
2018-01-05 11:21:08.727000,5.34,5.33,5.34,1764100.0
2018-01-05 11:21:12.677000,5.34,5.33,5.34,1764100.0
2018-01-05 11:21:17.415000,5.34,5.33,5.34,1764100.0
2018-01-05 11:21:21.369000,5.34,5.33,5.34,1764100.0
2018-01-05 11:21:25.403000,5.34,5.33,5.34,1764100.0
2018-01-05 11:21:29.269000,5.34,5.33,5.34,1764100.0
2018-01-05 11:21:32.848000,5.34,5.33,5.34,1764100.0
2018-01-05 11:21:36.227000,5.34,5.33,5.34,1764100.0
2018-01-05 11:21:38.990000,5.34,5.33,5.34,1764100.0
2018-01-05 11:21:42.294000,5.34,5.33,5.34,1771000.0
2018-01-05 11:21:45.860000,5.34,5.33,5.34,1771000.0
2018-01-05 11:21:49.965000,5.34,5.33,5.34,1771000.0
2018-01-05 11:21:53.978000,5.34,5.33,5.34,1771000.0
2018-01-05 11:21:57.828000,5.34,5.33,5.34,1771000.0
2018-01-05 11:22:02.443000,5.34,5.33,5.34,1771000.0
2018-01-05 11:22:06.274000,5.34,5.33,5.34,1771000.0
2018-01-05 11:22:09.886000,5.34,5.33,5.34,1771000.0
2018-01-05 11:22:14.054000,5.34,5.33,5.34,1771000.0
2018-01-05 11:22:18.106000,5.34,5.33,5.34,1771000.0
2018-01-05 11:22:22.041000,5.34,5.33,5.34,1771000.0
2018-01-05 11:22:25.760000,5.34,5.33,5.34,1771000.0
2018-01-05 11:22:29.679000,5.34,5.33,5.34,1771000.0
2018-01-05 11:22:33.623000,5.34,5.33,5.34,1771000.0
2018-01-05 11:22:37.181000,5.34,5.33,5.34,1771000.0
2018-01-05 11:22:41.355000,5.34,5.33,5.34,1771000.0
2018-01-05 11:22:45.174000,5.34,5.33,5.34,1771000.0
2018-01-05 11:22:48.496000,5.34,5.33,5.34,1771000.0
2018-01-05 11:22:52.408000,5.34,5.33,5.34,1771000.0
2018-01-05 11:22:56.177000,5.34,5.33,5.34,1771000.0
2018-01-05 11:22:59.392000,5.34,5.33,5.34,1771000.0
2018-01-05 11:23:06.197000,5.34,5.33,5.34,1771000.0
2018-01-05 11:23:09.963000,5.34,5.33,5.34,1771000.0
2018-01-05 11:23:14.512000,5.34,5.33,5.34,1771000.0
2018-01-05 11:23:20.363000,5.34,5.33,5.34,1771000.0
2018-01-05 11:23:24.375000,5.34,5.33,5.34,1771000.0
2018-01-05 11:23:28.225000,5.34,5.33,5.34,1771000.0
2018-01-05 11:23:31.835000,5.34,5.33,5.34,1771000.0
2018-01-05 11:23:35.225000,5.34,5.33,5.34,1771000.0
2018-01-05 11:23:38.866000,5.34,5.33,5.34,1771000.0
2018-01-05 11:23:42.178000,5.34,5.33,5.34,1771000.0
2018-01-05 11:23:45.928000,5.34,5.33,5.34,1771000.0
2018-01-05 11:23:49.957000,5.34,5.33,5.34,1771000.0
2018-01-05 11:23:53.216000,5.34,5.33,5.34,1771000.0
2018-01-05 11:23:56.245000,5.34,5.33,5.34,1771000.0
2018-01-05 11:23:59.472000,5.34,5.33,5.34,1771000.0
2018-01-05 11:24:02.938000,5.34,5.33,5.34,1771000.0
2018-01-05 11:24:09.208000,5.34,5.33,5.34,1771000.0
2018-01-05 11:24:14.170000,5.34,5.33,5.34,1771000.0
2018-01-05 11:24:21.291000,5.34,5.33,5.34,1771000.0
2018-01-05 11:24:24.545000,5.34,5.33,5.34,1771000.0
2018-01-05 11:24:27.961000,5.34,5.33,5.34,1771000.0
2018-01-05 11:24:31.290000,5.34,5.33,5.34,1771000.0
2018-01-05 11:24:35.186000,5.34,5.33,5.34,1771000.0
2018-01-05 11:24:38.942000,5.34,5.33,5.34,1771000.0
2018-01-05 11:24:42.092000,5.34,5.33,5.34,1771000.0
2018-01-05 11:24:45.415000,5.34,5.33,5.34,1771000.0
2018-01-05 11:24:49.249000,5.34,5.33,5.34,1771000.0
2018-01-05 11:24:52.546000,5.34,5.33,5.34,1771000.0
2018-01-05 11:24:56.338000,5.34,5.33,5.34,1771000.0
2018-01-05 11:24:59.212000,5.34,5.33,5.34,1771000.0
2018-01-05 11:25:02.332000,5.34,5.33,5.34,1771000.0
2018-01-05 11:25:05.396000,5.34,5.33,5.34,1771000.0
2018-01-05 11:25:08.740000,5.34,5.33,5.34,1771000.0
2018-01-05 11:25:12.924000,5.34,5.33,5.34,1771000.0
2018-01-05 11:25:16.091000,5.34,5.33,5.34,1771000.0
2018-01-05 11:25:20.003000,5.34,5.33,5.34,1771000.0
2018-01-05 11:25:23.247000,5.34,5.33,5.34,1771000.0
2018-01-05 11:25:27.166000,5.34,5.33,5.34,1771000.0
2018-01-05 11:25:30.985000,5.34,5.33,5.34,1771000.0
2018-01-05 11:25:34.703000,5.34,5.33,5.34,1771000.0
2018-01-05 11:25:38.631000,5.34,5.33,5.34,1771000.0
2018-01-05 11:25:42.425000,5.34,5.33,5.34,1771000.0
2018-01-05 11:25:46.339000,5.34,5.33,5.34,1771000.0
2018-01-05 11:25:50.009000,5.34,5.33,5.34,1771000.0
2018-01-05 11:25:53.845000,5.34,5.33,5.34,1771000.0
2018-01-05 11:25:57.663000,5.34,5.33,5.34,1771000.0
2018-01-05 11:26:00.844000,5.34,5.33,5.34,1771000.0
2018-01-05 11:26:03.676000,5.34,5.33,5.34,1771000.0
2018-01-05 11:26:07.400000,5.34,5.33,5.34,1771000.0
2018-01-05 11:26:10.535000,5.34,5.33,5.34,1771000.0
2018-01-05 11:26:17.645000,5.34,5.33,5.34,1771000.0
2018-01-05 11:26:21.415000,5.34,5.33,5.34,1771000.0
2018-01-05 11:26:24.295000,5.34,5.33,5.34,1771000.0
2018-01-05 11:26:27.935000,5.34,5.33,5.34,1771000.0
2018-01-05 11:26:31.622000,5.34,5.33,5.34,1771000.0
2018-01-05 11:26:34.555000,5.34,5.33,5.34,1771000.0
2018-01-05 11:26:37.768000,5.34,5.33,5.34,1771000.0
2018-01-05 11:26:42.056000,5.34,5.33,5.34,1771000.0
2018-01-05 11:26:44.836000,5.34,5.33,5.34,1771000.0
2018-01-05 11:26:48.352000,5.34,5.33,5.34,1771000.0
2018-01-05 11:26:52.630000,5.34,5.33,5.34,1771000.0
2018-01-05 11:26:56.404000,5.34,5.33,5.34,1771000.0
2018-01-05 11:26:59.740000,5.34,5.33,5.34,1771000.0
2018-01-05 11:27:02.969000,5.34,5.33,5.34,1771000.0
2018-01-05 11:27:09.891000,5.34,5.33,5.34,1771000.0
2018-01-05 11:27:13.599000,5.34,5.33,5.34,1771000.0
2018-01-05 11:27:17.177000,5.34,5.33,5.34,1771000.0
2018-01-05 11:27:20.647000,5.34,5.33,5.34,1771000.0
2018-01-05 11:27:24.230000,5.34,5.33,5.34,1771000.0
2018-01-05 11:27:28.028000,5.34,5.33,5.34,1771000.0
2018-01-05 11:27:31.530000,5.34,5.33,5.34,1771000.0
2018-01-05 11:27:34.803000,5.34,5.33,5.34,1771000.0
2018-01-05 11:27:38.498000,5.34,5.33,5.34,1771000.0
2018-01-05 11:27:41.783000,5.34,5.33,5.34,1771000.0
2018-01-05 11:27:45.894000,5.34,5.33,5.34,1771000.0
2018-01-05 11:27:49.028000,5.34,5.33,5.34,1771000.0
2018-01-05 11:27:52.404000,5.34,5.33,5.34,1771000.0
2018-01-05 11:27:55.935000,5.34,5.33,5.34,1771000.0
2018-01-05 11:27:59.785000,5.34,5.33,5.34,1771000.0
2018-01-05 11:28:03.901000,5.34,5.33,5.34,1771000.0
2018-01-05 11:28:10.839000,5.34,5.33,5.34,1771000.0
2018-01-05 11:28:15.405000,5.34,5.33,5.34,1771000.0
2018-01-05 11:28:19.370000,5.34,5.33,5.34,1771000.0
2018-01-05 11:28:22.995000,5.34,5.33,5.34,1771000.0
2018-01-05 11:28:25.748000,5.34,5.33,5.34,1771000.0
2018-01-05 11:28:29.614000,5.34,5.33,5.34,1771000.0
2018-01-05 11:28:32.936000,5.34,5.33,5.34,1771000.0
2018-01-05 11:28:36.645000,5.34,5.33,5.34,1771000.0
2018-01-05 11:28:39.952000,5.34,5.33,5.34,1771000.0
2018-01-05 11:28:43.042000,5.34,5.33,5.34,1771000.0
2018-01-05 11:28:46.669000,5.34,5.33,5.34,1771000.0
2018-01-05 11:28:50.489000,5.34,5.33,5.34,1771000.0
2018-01-05 11:28:54.893000,5.34,5.33,5.34,1771000.0
2018-01-05 11:28:58.175000,5.34,5.33,5.34,1771000.0
2018-01-05 11:29:01.863000,5.34,5.33,5.34,1771000.0
2018-01-05 11:29:05.060000,5.34,5.33,5.34,1771000.0
2018-01-05 11:29:09.912000,5.34,5.33,5.34,1771000.0
2018-01-05 11:29:13.334000,5.34,5.33,5.34,1771000.0
2018-01-05 11:29:17.184000,5.34,5.33,5.34,1771000.0
2018-01-05 11:29:22.085000,5.34,5.33,5.34,1771000.0
2018-01-05 11:29:26.065000,5.34,5.33,5.34,1771000.0
2018-01-05 11:29:29.403000,5.34,5.33,5.34,1771000.0
2018-01-05 11:29:33.269000,5.34,5.33,5.34,1771000.0
2018-01-05 11:29:37.384000,5.34,5.33,5.34,1771000.0
2018-01-05 11:29:40.775000,5.34,5.33,5.34,1771000.0
2018-01-05 11:29:44.803000,5.34,5.33,5.34,1771000.0
2018-01-05 11:29:48.157000,5.34,5.33,5.34,1771000.0
2018-01-05 11:29:52.065000,5.34,5.33,5.34,1771000.0
2018-01-05 11:29:55.988000,5.34,5.33,5.34,1771000.0
2018-01-05 11:29:59.343000,5.34,5.33,5.34,1771000.0
2018-01-05 11:30:02.414000,5.34,5.33,5.34,1771000.0
2018-01-05 11:30:05.212000,5.34,5.33,5.34,1771000.0
2018-01-05 11:30:08.682000,5.34,5.33,5.34,1771000.0
2018-01-05 11:30:12.914000,5.34,5.33,5.34,1771000.0
2018-01-05 11:30:16.445000,5.34,5.33,5.34,1771000.0
2018-01-05 11:30:20.166000,5.34,5.33,5.34,1771000.0
2018-01-05 11:30:23.796000,5.34,5.33,5.34,1771000.0
2018-01-05 11:30:27.439000,5.34,5.33,5.34,1771000.0
2018-01-05 11:30:31.068000,5.34,5.33,5.34,1771000.0
2018-01-05 11:30:34.328000,5.34,5.33,5.34,1771000.0
2018-01-05 11:30:37.524000,5.34,5.33,5.34,1771000.0
2018-01-05 11:30:41.086000,5.34,5.33,5.34,1771000.0
2018-01-05 11:30:44.112000,5.34,5.33,5.34,1771000.0
2018-01-05 11:30:47.439000,5.34,5.33,5.34,1771000.0
2018-01-05 11:30:51.242000,5.34,5.33,5.34,1771000.0
2018-01-05 11:30:55.041000,5.34,5.33,5.34,1771000.0
2018-01-05 11:30:58.780000,5.34,5.33,5.34,1771000.0
2018-01-05 11:31:02.390000,5.34,5.33,5.34,1771000.0
2018-01-05 11:31:07.865000,5.34,5.33,5.34,1771000.0
2018-01-05 11:31:11.521000,5.34,5.33,5.34,1771000.0
2018-01-05 11:31:16.122000,5.34,5.33,5.34,1771000.0
2018-01-05 11:31:19.922000,5.34,5.33,5.34,1771000.0
2018-01-05 11:31:23.475000,5.34,5.33,5.34,1771000.0
2018-01-05 11:31:27.403000,5.34,5.33,5.34,1771000.0
2018-01-05 11:31:31.207000,5.34,5.33,5.34,1771000.0
2018-01-05 11:31:34.691000,5.34,5.33,5.34,1771000.0
2018-01-05 11:31:38.527000,5.34,5.33,5.34,1771000.0
2018-01-05 11:31:41.961000,5.34,5.33,5.34,1771000.0
2018-01-05 11:31:45.144000,5.34,5.33,5.34,1771000.0
2018-01-05 11:31:49.185000,5.34,5.33,5.34,1771000.0
2018-01-05 11:31:52.776000,5.34,5.33,5.34,1771000.0
2018-01-05 11:31:56.391000,5.34,5.33,5.34,1771000.0
2018-01-05 11:32:00.226000,5.34,5.33,5.34,1771000.0
2018-01-05 11:32:04.190000,5.34,5.33,5.34,1771000.0
2018-01-05 11:32:07.670000,5.34,5.33,5.34,1771000.0
2018-01-05 11:32:10.852000,5.34,5.33,5.34,1771000.0
2018-01-05 11:32:21.273000,5.34,5.33,5.34,1771000.0
2018-01-05 11:32:24.533000,5.34,5.33,5.34,1771000.0
2018-01-05 11:32:28.258000,5.34,5.33,5.34,1771000.0
2018-01-05 11:32:32.030000,5.34,5.33,5.34,1771000.0
2018-01-05 11:32:35.523000,5.34,5.33,5.34,1771000.0
2018-01-05 11:32:39.061000,5.34,5.33,5.34,1771000.0
2018-01-05 11:32:42.858000,5.34,5.33,5.34,1771000.0
2018-01-05 11:32:46.744000,5.34,5.33,5.34,1771000.0
2018-01-05 11:32:50.162000,5.34,5.33,5.34,1771000.0
2018-01-05 11:32:53.599000,5.34,5.33,5.34,1771000.0
2018-01-05 11:32:57.309000,5.34,5.33,5.34,1771000.0
2018-01-05 11:33:00.537000,5.34,5.33,5.34,1771000.0
2018-01-05 11:33:04.100000,5.34,5.33,5.34,1771000.0
2018-01-05 11:33:08.188000,5.34,5.33,5.34,1771000.0
2018-01-05 11:33:12.725000,5.34,5.33,5.34,1771000.0
