time,price,bid,ask,volume
2018-01-05 09:33:13.323000,31.05,31.05,31.1,765488.0
2018-01-05 09:33:17.220000,31.05,31.05,31.1,765488.0
2018-01-05 09:33:21.990000,31.05,31.0,31.05,778687.0
2018-01-05 09:33:25.239000,31.05,31.0,31.05,778687.0
2018-01-05 09:33:29.390000,31.05,31.0,31.05,778687.0
2018-01-05 09:33:33.080000,31.05,31.0,31.05,778687.0
2018-01-05 09:33:37.092000,31.05,31.0,31.05,778687.0
2018-01-05 09:33:40.726000,31.05,31.0,31.05,778687.0
2018-01-05 09:33:44.141000,31.05,31.0,31.05,778687.0
2018-01-05 09:33:47.796000,31.05,31.0,31.05,778687.0
2018-01-05 09:33:51.935000,31.05,31.0,31.05,778687.0
2018-01-05 09:33:55.909000,31.05,31.0,31.05,778687.0
2018-01-05 09:34:00.006000,31.05,31.0,31.05,778687.0
2018-01-05 09:34:03.291000,31.05,31.0,31.05,778687.0
2018-01-05 09:34:06.712000,31.05,31.0,31.05,778687.0
2018-01-05 09:34:10.345000,31.05,31.0,31.05,778687.0
2018-01-05 09:34:14.414000,31.05,31.0,31.05,988439.0
2018-01-05 09:34:19.585000,31.05,31.0,31.05,988439.0
2018-01-05 09:34:23.419000,31.05,31.0,31.05,988439.0
2018-01-05 09:34:26.554000,31.05,31.0,31.05,988439.0
2018-01-05 09:34:30.435000,31.05,31.0,31.05,988439.0
2018-01-05 09:34:33.774000,31.05,31.0,31.05,988439.0
2018-01-05 09:34:37.801000,31.05,31.0,31.05,988439.0
2018-01-05 09:34:41.395000,31.05,31.0,31.05,988439.0
2018-01-05 09:34:45.278000,31.05,31.0,31.05,988439.0
2018-01-05 09:34:49.623000,31.05,31.0,31.05,988439.0
2018-01-05 09:34:53.551000,31.05,31.0,31.05,988439.0
2018-01-05 09:34:56.732000,31.05,31.0,31.05,988439.0
2018-01-05 09:35:00.537000,31.05,31.0,31.05,988439.0
2018-01-05 09:35:05.709000,31.05,31.0,31.05,988439.0
2018-01-05 09:35:11.543000,31.05,31.0,31.05,988439.0
2018-01-05 09:35:14.967000,31.05,31.0,31.05,988439.0
2018-01-05 09:35:18.480000,31.05,31.0,31.05,988439.0
2018-01-05 09:35:22.299000,31.05,31.0,31.05,988439.0
2018-01-05 09:35:25.952000,31.05,31.0,31.05,998439.0
2018-01-05 09:35:29.461000,31.05,31.0,31.05,998439.0
2018-01-05 09:35:33.390000,31.05,31.0,31.05,998439.0
2018-01-05 09:35:37.511000,31.05,31.0,31.05,998439.0
2018-01-05 09:35:40.933000,31.05,31.0,31.05,998439.0
2018-01-05 09:35:46.543000,31.05,31.0,31.05,998439.0
2018-01-05 09:35:50.099000,31.05,31.0,31.05,998439.0
2018-01-05 09:35:53.737000,31.05,31.0,31.05,998439.0
2018-01-05 09:35:57.031000,31.05,31.0,31.05,998439.0
2018-01-05 09:36:00.162000,31.05,31.0,31.05,998439.0
2018-01-05 09:36:03.888000,31.05,31.0,31.05,998439.0
2018-01-05 09:36:10.353000,31.05,31.0,31.05,998439.0
2018-01-05 09:36:13.987000,31.05,31.0,31.05,998439.0
2018-01-05 09:36:17.601000,31.05,31.0,31.05,998439.0
2018-01-05 09:36:21.178000,31.05,31.0,31.05,998439.0
2018-01-05 09:36:25.208000,31.05,31.0,31.05,998439.0
2018-01-05 09:36:29.212000,31.05,31.0,31.05,998439.0
2018-01-05 09:36:32.895000,31.05,31.0,31.05,998439.0
2018-01-05 09:36:36.211000,31.0,31.0,31.05,1211939.0
2018-01-05 09:36:39.943000,31.0,31.0,31.05,1211939.0
2018-01-05 09:36:43.725000,31.0,31.0,31.05,1211939.0
2018-01-05 09:36:47.080000,31.0,31.0,31.05,1211939.0
2018-01-05 09:36:51.195000,31.0,31.0,31.05,1211939.0
2018-01-05 09:36:54.984000,31.0,31.0,31.05,1211939.0
2018-01-05 09:36:59.051000,31.0,31.0,31.05,1211939.0
2018-01-05 09:37:02.558000,31.0,31.0,31.05,1211939.0
2018-01-05 09:37:06.133000,31.0,31.0,31.05,1211939.0
2018-01-05 09:37:10.280000,31.0,31.0,31.05,1211939.0
2018-01-05 09:37:13.920000,31.0,31.0,31.05,1211939.0
2018-01-05 09:37:17.629000,31.0,31.0,31.05,1211939.0
2018-01-05 09:37:21.511000,31.0,31.0,31.05,1211939.0
2018-01-05 09:37:25.626000,31.0,31.0,31.05,1211939.0
2018-01-05 09:37:29.242000,31.0,31.0,31.05,1211939.0
2018-01-05 09:37:32.979000,31.0,31.0,31.05,1211939.0
2018-01-05 09:37:36.398000,31.0,31.0,31.05,1211939.0
2018-01-05 09:37:40.093000,31.0,31.0,31.05,1211939.0
2018-01-05 09:37:43.811000,31.0,31.0,31.05,1217939.0
2018-01-05 09:37:47.647000,31.0,31.0,31.05,1217939.0
2018-01-05 09:37:51.018000,31.0,31.0,31.05,1217939.0
2018-01-05 09:37:54.839000,31.0,31.0,31.05,1217939.0
2018-01-05 09:37:58.528000,31.0,31.0,31.05,1217939.0
2018-01-05 09:38:02.415000,31.0,31.0,31.05,1217939.0
2018-01-05 09:38:06.280000,31.0,31.0,31.05,1217939.0
2018-01-05 09:38:09.696000,31.0,31.0,31.05,1217939.0
2018-01-05 09:38:13.499000,31.0,31.0,31.05,1217939.0
2018-01-05 09:38:17.574000,31.0,31.0,31.05,1217939.0
2018-01-05 09:38:21.487000,31.0,31.0,31.05,1217939.0
2018-01-05 09:38:25.624000,31.0,31.0,31.05,1217939.0
2018-01-05 09:38:28.961000,31.0,31.0,31.05,1217939.0
2018-01-05 09:38:32.494000,31.0,31.0,31.05,1222939.0
2018-01-05 09:38:35.932000,31.0,31.0,31.05,1222939.0
2018-01-05 09:38:39.354000,31.0,31.0,31.05,1222939.0
2018-01-05 09:38:43.221000,31.0,31.0,31.05,1222939.0
2018-01-05 09:38:46.734000,31.0,31.0,31.05,1222939.0
2018-01-05 09:38:50.397000,31.0,31.0,31.05,1222939.0
2018-01-05 09:38:53.964000,31.0,31.0,31.05,1222939.0
2018-01-05 09:38:57.950000,31.0,31.0,31.05,1222939.0
2018-01-05 09:39:01.800000,31.0,31.0,31.05,1222939.0
2018-01-05 09:39:05.650000,31.0,31.0,31.05,1222939.0
2018-01-05 09:39:12.333000,31.0,31.0,31.05,1222939.0
2018-01-05 09:39:18.857000,31.0,31.0,31.05,1222939.0
2018-01-05 09:39:22.191000,31.0,31.0,31.05,1222939.0
2018-01-05 09:39:25.825000,31.0,31.0,31.05,1222939.0
2018-01-05 09:39:29.863000,31.0,31.0,31.05,1230439.0
2018-01-05 09:39:33.844000,31.0,31.0,31.05,1230439.0
2018-01-05 09:39:37.694000,31.0,31.0,31.05,1230439.0
2018-01-05 09:39:40.760000,31.0,31.0,31.05,1230439.0
2018-01-05 09:39:44.632000,31.0,31.0,31.05,1230439.0
2018-01-05 09:39:48.445000,31.0,31.0,31.05,1230439.0
2018-01-05 09:39:51.789000,31.0,31.0,31.05,1230439.0
2018-01-05 09:39:55.289000,31.0,31.0,31.05,1230439.0
2018-01-05 09:39:59.264000,31.0,31.0,31.05,1230439.0
2018-01-05 09:40:02.467000,31.0,31.0,31.05,1230439.0
2018-01-05 09:40:05.695000,31.0,31.0,31.05,1230439.0
2018-01-05 09:40:08.557000,31.0,31.0,31.05,1230439.0
2018-01-05 09:40:12.217000,31.0,31.0,31.05,1230439.0
2018-01-05 09:40:17.159000,31.0,31.0,31.05,1230439.0
2018-01-05 09:40:21.158000,31.0,31.0,31.05,1230439.0
2018-01-05 09:40:24.911000,31.0,31.0,31.05,1230439.0
2018-01-05 09:40:28.905000,31.0,31.0,31.05,1230439.0
2018-01-05 09:40:32.771000,31.0,31.0,31.05,1230439.0
2018-01-05 09:40:36.911000,31.0,31.0,31.05,1230439.0
2018-01-05 09:40:40.363000,31.0,31.0,31.05,1230439.0
2018-01-05 09:40:44.321000,31.0,31.0,31.05,1230439.0
2018-01-05 09:40:47.634000,31.0,31.0,31.05,1230439.0
2018-01-05 09:40:51.216000,31.0,31.0,31.05,1230439.0
2018-01-05 09:40:54.503000,31.0,31.0,31.05,1230439.0
2018-01-05 09:40:58.337000,31.0,31.0,31.05,1230439.0
2018-01-05 09:41:01.744000,31.0,31.0,31.05,1230439.0
2018-01-05 09:41:05.734000,31.0,31.0,31.05,1230439.0
2018-01-05 09:41:10.331000,31.0,31.0,31.05,1230439.0
2018-01-05 09:41:13.854000,31.0,31.0,31.05,1230439.0
2018-01-05 09:41:17.463000,31.0,31.0,31.05,1230439.0
2018-01-05 09:41:21.694000,31.0,31.0,31.05,1230439.0
2018-01-05 09:41:25.731000,31.05,31.0,31.05,1351939.0
2018-01-05 09:41:29.619000,31.05,31.0,31.05,1351939.0
2018-01-05 09:41:33.166000,31.05,31.0,31.05,1351939.0
2018-01-05 09:41:37.235000,31.05,31.0,31.05,1351939.0
2018-01-05 09:41:40.899000,31.05,31.0,31.05,1351939.0
2018-01-05 09:41:44.810000,31.05,31.0,31.05,1351939.0
2018-01-05 09:41:48.451000,31.05,31.0,31.05,1351939.0
2018-01-05 09:41:51.514000,31.05,31.0,31.05,1351939.0
2018-01-05 09:41:55.498000,31.05,31.0,31.05,1351939.0
2018-01-05 09:41:59.301000,31.0,31.0,31.05,1385439.0
2018-01-05 09:42:03.330000,31.0,31.0,31.05,1385439.0
2018-01-05 09:42:09.850000,31.0,31.0,31.05,1385439.0
2018-01-05 09:42:13.652000,31.0,31.0,31.05,1385439.0
2018-01-05 09:42:17.166000,31.0,31.0,31.05,1385439.0
2018-01-05 09:42:20.720000,31.0,31.0,31.05,1385439.0
2018-01-05 09:42:24.217000,31.0,31.0,31.05,1385439.0
2018-01-05 09:42:27.944000,31.0,31.0,31.05,1385439.0
2018-01-05 09:42:31.665000,31.0,31.0,31.05,1385439.0
2018-01-05 09:42:35.212000,31.0,31.0,31.05,1385439.0
2018-01-05 09:42:38.728000,31.0,31.0,31.05,1385439.0
2018-01-05 09:42:42.531000,31.0,31.0,31.05,1385439.0
2018-01-05 09:42:45.696000,31.0,31.0,31.05,1385439.0
2018-01-05 09:42:49.212000,31.0,31.0,31.05,1385439.0
2018-01-05 09:42:52.759000,31.0,31.0,31.05,1412939.0
2018-01-05 09:42:56.748000,31.0,31.0,31.05,1412939.0
2018-01-05 09:43:00.621000,31.0,31.0,31.05,1412939.0
2018-01-05 09:43:04.247000,31.0,31.0,31.05,1412939.0
2018-01-05 09:43:09.879000,31.0,31.0,31.05,1412939.0
2018-01-05 09:43:13.713000,31.0,31.0,31.05,1412939.0
2018-01-05 09:43:17.275000,31.0,31.0,31.05,1412939.0
2018-01-05 09:43:21.110000,31.0,31.0,31.05,1412939.0
2018-01-05 09:43:25.123000,31.0,31.0,31.05,1412939.0
2018-01-05 09:43:28.654000,31.0,31.0,31.05,1412939.0
2018-01-05 09:43:31.976000,31.0,31.0,31.05,1412939.0
2018-01-05 09:43:35.413000,31.0,31.0,31.05,1412939.0
2018-01-05 09:43:38.735000,31.0,31.0,31.05,1412939.0
2018-01-05 09:43:42.351000,31.0,31.0,31.05,1412939.0
2018-01-05 09:43:45.135000,31.0,31.0,31.05,1412939.0
2018-01-05 09:43:48.667000,31.0,31.0,31.05,1412939.0
2018-01-05 09:43:52.502000,31.0,31.0,31.05,1412939.0
2018-01-05 09:43:56.321000,31.0,31.0,31.05,1412939.0
2018-01-05 09:43:59.487000,31.0,31.0,31.05,1421539.0
2018-01-05 09:44:02.870000,31.0,31.0,31.05,1421539.0
2018-01-05 09:44:07.771000,31.0,31.0,31.05,1421539.0
2018-01-05 09:44:11.431000,31.0,31.0,31.05,1421539.0
2018-01-05 09:44:15.524000,31.0,31.0,31.05,1421539.0
2018-01-05 09:44:19.196000,31.0,31.0,31.05,1421539.0
2018-01-05 09:44:23.088000,31.0,31.0,31.05,1421539.0
2018-01-05 09:44:26.602000,31.0,31.0,31.05,1421539.0
2018-01-05 09:44:30.443000,31.0,31.0,31.05,1421539.0
2018-01-05 09:44:34.121000,31.0,31.0,31.05,1421539.0
2018-01-05 09:44:37.506000,31.0,31.0,31.05,1421539.0
2018-01-05 09:44:40.337000,31.0,31.0,31.05,1421539.0
2018-01-05 09:44:44.428000,31.0,31.0,31.05,1421539.0
2018-01-05 09:44:48.340000,31.0,31.0,31.05,1421539.0
2018-01-05 09:44:52.323000,31.0,31.0,31.05,1421539.0
2018-01-05 09:44:56.343000,31.0,31.0,31.05,1421539.0
2018-01-05 09:44:59.463000,31.0,31.0,31.05,1421539.0
2018-01-05 09:45:03.012000,31.0,31.0,31.05,1421539.0
2018-01-05 09:45:06.784000,31.0,31.0,31.05,1421539.0
2018-01-05 09:45:10.916000,31.0,31.0,31.05,1421539.0
2018-01-05 09:45:14.372000,31.0,31.0,31.05,1421539.0
2018-01-05 09:45:17.951000,31.1,31.05,31.1,1481039.0
2018-01-05 09:45:21.551000,31.1,31.05,31.1,1481039.0
2018-01-05 09:45:25.332000,31.1,31.05,31.1,1481039.0
2018-01-05 09:45:28.654000,31.1,31.05,31.1,1481039.0
2018-01-05 09:45:32.504000,31.1,31.05,31.1,1481039.0
2018-01-05 09:45:36.846000,31.1,31.05,31.1,1481039.0
2018-01-05 09:45:40.507000,31.1,31.05,31.1,1481039.0
2018-01-05 09:45:44.023000,31.1,31.05,31.1,1481039.0
2018-01-05 09:45:47.185000,31.1,31.05,31.1,1481039.0
2018-01-05 09:45:50.501000,31.1,31.05,31.1,1481039.0
2018-01-05 09:45:54.131000,31.1,31.05,31.1,1481039.0
2018-01-05 09:45:58.326000,31.1,31.05,31.1,1481039.0
2018-01-05 09:46:01.809000,31.1,31.05,31.1,1481039.0
2018-01-05 09:46:05.405000,31.1,31.05,31.1,1481039.0
2018-01-05 09:46:10.452000,31.1,31.05,31.1,1481039.0
2018-01-05 09:46:14.474000,31.1,31.05,31.1,1481039.0
2018-01-05 09:46:21.286000,31.05,31.0,31.05,1485580.0
2018-01-05 09:46:25.377000,31.05,31.0,31.05,1485580.0
2018-01-05 09:46:29.415000,31.05,31.0,31.05,1485580.0
2018-01-05 09:46:32.884000,31.05,31.0,31.05,1485580.0
2018-01-05 09:46:35.884000,31.05,31.0,31.05,1485580.0
2018-01-05 09:46:39.309000,31.05,31.0,31.05,1485580.0
2018-01-05 09:46:43.225000,31.05,31.0,31.05,1485580.0
2018-01-05 09:46:46.823000,31.05,31.0,31.05,1485580.0
2018-01-05 09:46:50.108000,31.05,31.0,31.05,1485580.0
2018-01-05 09:46:53.106000,31.05,31.0,31.05,1485580.0
2018-01-05 09:46:57.083000,31.05,31.0,31.05,1485580.0
2018-01-05 09:47:00.869000,31.05,31.0,31.05,1485580.0
2018-01-05 09:47:04.400000,31.05,31.0,31.05,1485580.0
2018-01-05 09:47:08.141000,31.05,31.0,31.05,1485580.0
2018-01-05 09:47:12.161000,31.05,31.0,31.05,1485580.0
2018-01-05 09:47:16.047000,31.05,31.0,31.05,1485580.0
2018-01-05 09:47:19.513000,31.05,31.0,31.05,1485580.0
2018-01-05 09:47:23.425000,31.05,31.0,31.05,1485580.0
2018-01-05 09:47:26.645000,31.05,31.0,31.05,1671080.0
2018-01-05 09:47:30.636000,31.05,31.0,31.05,1671080.0
2018-01-05 09:47:34.564000,31.05,31.0,31.05,1671080.0
2018-01-05 09:47:38.017000,31.05,31.0,31.05,1671080.0
2018-01-05 09:47:42.287000,31.05,31.0,31.05,1671080.0
2018-01-05 09:47:45.826000,31.05,31.0,31.05,1671080.0
2018-01-05 09:47:49.108000,31.05,31.0,31.05,1671080.0
2018-01-05 09:47:52.608000,31.05,31.0,31.05,1671080.0
2018-01-05 09:47:56.108000,31.05,31.0,31.05,1671080.0
2018-01-05 09:47:59.796000,31.05,31.0,31.05,1671080.0
2018-01-05 09:48:03.061000,31.05,31.0,31.05,1671080.0
2018-01-05 09:48:06.049000,31.05,31.0,31.05,1671080.0
2018-01-05 09:48:09.502000,31.05,31.0,31.05,1671080.0
2018-01-05 09:48:12.397000,31.05,31.0,31.05,1671080.0
2018-01-05 09:48:15.787000,31.05,31.0,31.05,1671080.0
2018-01-05 09:48:19.925000,31.05,31.0,31.05,1671080.0
2018-01-05 09:48:24.046000,31.05,31.0,31.05,1789080.0
2018-01-05 09:48:28.095000,31.05,31.0,31.05,1789080.0
2018-01-05 09:48:32.016000,31.05,31.0,31.05,1789080.0
2018-01-05 09:48:35.972000,31.05,31.0,31.05,1789080.0
2018-01-05 09:48:40.117000,31.05,31.0,31.05,1789080.0
2018-01-05 09:48:43.406000,31.05,31.0,31.05,1789080.0
2018-01-05 09:48:47.543000,31.05,31.0,31.05,1789080.0
2018-01-05 09:48:50.406000,31.05,31.0,31.05,1789080.0
2018-01-05 09:48:54.178000,31.05,31.0,31.05,1789080.0
2018-01-05 09:48:57.694000,31.05,31.05,31.1,1819580.0
2018-01-05 09:49:00.712000,31.05,31.05,31.1,1819580.0
2018-01-05 09:49:03.898000,31.05,31.05,31.1,1819580.0
2018-01-05 09:49:07.307000,31.05,31.05,31.1,1819580.0
2018-01-05 09:49:11.225000,31.05,31.05,31.1,1819580.0
2018-01-05 09:49:17.879000,31.05,31.05,31.1,1819580.0
2018-01-05 09:49:21.317000,31.05,31.05,31.1,1819580.0
2018-01-05 09:49:25.104000,31.05,31.0,31.1,1871580.0
2018-01-05 09:49:28.745000,31.05,31.0,31.1,1871580.0
2018-01-05 09:49:32.929000,31.05,31.0,31.1,1871580.0
2018-01-05 09:49:36.833000,31.05,31.0,31.1,1871580.0
2018-01-05 09:49:40.679000,31.05,31.0,31.1,1871580.0
2018-01-05 09:49:43.943000,31.05,31.0,31.1,1871580.0
2018-01-05 09:49:47.777000,31.05,31.0,31.1,1871580.0
2018-01-05 09:49:51.037000,31.0,31.0,31.05,1888580.0
2018-01-05 09:49:55.111000,31.0,31.0,31.05,1888580.0
2018-01-05 09:49:59.126000,31.0,31.0,31.05,1888580.0
2018-01-05 09:50:04.259000,31.0,31.0,31.05,1888580.0
2018-01-05 09:50:07.696000,31.0,31.0,31.05,1888580.0
2018-01-05 09:50:10.989000,31.0,31.0,31.05,1888580.0
2018-01-05 09:50:20.145000,31.0,31.0,31.05,1888580.0
2018-01-05 09:50:24.130000,31.0,31.0,31.05,1888580.0
2018-01-05 09:50:27.556000,31.0,31.0,31.05,1888580.0
2018-01-05 09:50:31.847000,31.0,31.0,31.05,1888580.0
2018-01-05 09:50:36.094000,31.0,31.0,31.05,1888580.0
2018-01-05 09:50:40.419000,31.0,31.0,31.05,1888580.0
2018-01-05 09:50:44.400000,31.0,31.0,31.05,1888580.0
2018-01-05 09:50:48.170000,31.0,31.0,31.05,1888580.0
2018-01-05 09:50:51.985000,31.0,31.0,31.05,1888580.0
2018-01-05 09:50:55.804000,31.0,31.0,31.05,1888580.0
2018-01-05 09:50:59.366000,31.0,31.0,31.05,1888580.0
2018-01-05 09:51:02.584000,31.0,31.0,31.05,1888580.0
2018-01-05 09:51:06.398000,31.0,31.0,31.05,1888580.0
2018-01-05 09:51:10.379000,31.0,31.0,31.05,1888580.0
2018-01-05 09:51:14.275000,31.0,31.0,31.05,1888580.0
2018-01-05 09:51:17.885000,31.0,31.0,31.05,1888580.0
2018-01-05 09:51:21.385000,31.0,31.0,31.05,1888580.0
2018-01-05 09:51:24.598000,31.0,31.0,31.05,1888580.0
2018-01-05 09:51:28.417000,31.0,31.0,31.05,1888580.0
2018-01-05 09:51:32.326000,31.0,31.0,31.05,1888580.0
2018-01-05 09:51:35.962000,31.0,31.0,31.05,1888580.0
2018-01-05 09:51:39.904000,31.0,31.0,31.05,1921580.0
2018-01-05 09:51:43.420000,31.0,31.0,31.05,1921580.0
2018-01-05 09:51:47.099000,31.0,31.0,31.05,1921580.0
2018-01-05 09:51:50.969000,31.0,31.0,31.05,1921580.0
2018-01-05 09:51:54.480000,31.0,31.0,31.05,1921580.0
2018-01-05 09:51:57.805000,31.0,31.0,31.05,1921580.0
2018-01-05 09:52:01.699000,31.0,31.0,31.05,1921580.0
2018-01-05 09:52:08.605000,31.0,31.0,31.05,1921580.0
2018-01-05 09:52:12.069000,31.0,31.0,31.05,1921580.0
2018-01-05 09:52:16.165000,31.0,31.0,31.05,1921580.0
2018-01-05 09:52:20.281000,31.0,31.0,31.05,1921580.0
2018-01-05 09:52:23.786000,31.0,31.0,31.05,1921580.0
2018-01-05 09:52:27.443000,31.0,31.0,31.05,1921580.0
2018-01-05 09:52:30.687000,31.0,31.0,31.05,1921580.0
2018-01-05 09:52:34.494000,31.0,31.0,31.05,1921580.0
2018-01-05 09:52:37.974000,31.0,31.0,31.05,1921580.0
2018-01-05 09:52:41.903000,31.0,31.0,31.05,1925080.0
2018-01-05 09:52:45.786000,31.0,31.0,31.05,1925080.0
2018-01-05 09:52:49.128000,31.0,31.0,31.05,1925080.0
2018-01-05 09:52:52.642000,31.0,31.0,31.05,1925080.0
2018-01-05 09:52:55.716000,31.0,31.0,31.05,1925080.0
2018-01-05 09:53:02.333000,31.0,31.0,31.05,1925080.0
2018-01-05 09:53:07.219000,31.0,31.0,31.05,1925080.0
2018-01-05 09:53:10.666000,31.0,31.0,31.05,1925080.0
2018-01-05 09:53:14.003000,31.0,31.0,31.05,1925080.0
2018-01-05 09:53:21.616000,31.0,31.0,31.05,1925080.0
2018-01-05 09:53:25.383000,31.0,31.0,31.05,1925080.0
2018-01-05 09:53:28.885000,31.0,31.0,31.05,1925080.0
2018-01-05 09:53:32.754000,31.0,31.0,31.05,1925080.0
2018-01-05 09:53:36.148000,31.0,31.0,31.05,1925080.0
2018-01-05 09:53:39.818000,31.0,31.0,31.05,1925080.0
2018-01-05 09:53:43.458000,31.0,31.0,31.05,1925080.0
2018-01-05 09:53:46.942000,31.0,31.0,31.05,1925080.0
2018-01-05 09:53:50.918000,31.0,31.0,31.05,1925080.0
2018-01-05 09:53:54.436000,31.0,31.0,31.05,1927580.0
2018-01-05 09:53:57.876000,31.0,31.0,31.05,1927580.0
2018-01-05 09:54:01.533000,31.0,31.0,31.05,1927580.0
2018-01-05 09:54:08.533000,31.0,31.0,31.05,1927580.0
2018-01-05 09:54:11.652000,31.0,31.0,31.05,1927580.0
2018-01-05 09:54:15.340000,31.0,31.0,31.05,1927580.0
2018-01-05 09:54:19.078000,31.0,31.0,31.05,1927580.0
2018-01-05 09:54:22.724000,31.0,31.0,31.05,1927580.0
2018-01-05 09:54:26.080000,31.0,31.0,31.05,1927580.0
2018-01-05 09:54:29.995000,31.0,31.0,31.05,1927580.0
2018-01-05 09:54:33.812000,31.0,31.0,31.05,1927580.0
2018-01-05 09:54:37.814000,31.0,31.0,31.05,1936080.0
2018-01-05 09:54:41.784000,31.0,31.0,31.05,1936080.0
2018-01-05 09:54:45.976000,31.0,31.0,31.05,1936080.0
2018-01-05 09:54:49.244000,31.0,31.0,31.05,1936080.0
2018-01-05 09:54:53.028000,31.0,31.0,31.05,1936080.0
2018-01-05 09:54:57.216000,31.0,31.0,31.05,1936080.0
2018-01-05 09:55:01.291000,31.0,31.0,31.05,1936080.0
2018-01-05 09:55:05.376000,31.0,31.0,31.05,1936080.0
2018-01-05 09:55:10.579000,31.0,31.0,31.05,1936080.0
2018-01-05 09:55:14.607000,31.0,31.0,31.05,1936080.0
2018-01-05 09:55:22.280000,31.0,31.0,31.05,1940098.0
2018-01-05 09:55:26.072000,31.0,31.0,31.05,1940098.0
2018-01-05 09:55:31.338000,31.0,31.0,31.05,1940098.0
2018-01-05 09:55:35.273000,31.0,31.0,31.05,1940098.0
2018-01-05 09:55:39.092000,31.0,31.0,31.05,1940098.0
2018-01-05 09:55:42.775000,31.0,31.0,31.05,1940098.0
2018-01-05 09:55:46.092000,31.0,31.0,31.05,1940098.0
2018-01-05 09:55:50.048000,31.0,31.0,31.05,1940098.0
2018-01-05 09:55:52.911000,31.0,31.0,31.05,1940098.0
2018-01-05 09:55:57.033000,31.0,31.0,31.05,1940098.0
2018-01-05 09:56:00.359000,31.0,31.0,31.05,1940098.0
2018-01-05 09:56:04.034000,31.0,31.0,31.05,1940098.0
2018-01-05 09:56:11.988000,31.0,31.0,31.05,1949289.0
2018-01-05 09:56:15.540000,31.0,31.0,31.05,1949289.0
2018-01-05 09:56:19.500000,31.0,31.0,31.05,1949289.0
2018-01-05 09:56:22.857000,31.0,31.0,31.05,1949289.0
2018-01-05 09:56:26.181000,31.0,31.0,31.05,1949289.0
2018-01-05 09:56:29.650000,31.0,31.0,31.05,1949289.0
2018-01-05 09:56:33.243000,31.0,31.0,31.05,1949289.0
2018-01-05 09:56:37.126000,31.0,31.0,31.05,1949289.0
2018-01-05 09:56:40.322000,31.0,31.0,31.05,1949289.0
2018-01-05 09:56:43.760000,31.0,31.0,31.05,1949289.0
2018-01-05 09:56:47.712000,31.0,31.0,31.05,1949289.0
2018-01-05 09:56:51.622000,31.0,31.0,31.05,1949289.0
2018-01-05 09:56:55.216000,31.0,31.0,31.05,1949289.0
2018-01-05 09:56:58.429000,31.0,31.0,31.05,1949289.0
2018-01-05 09:57:01.709000,31.0,31.0,31.05,1949289.0
2018-01-05 09:57:08.516000,31.0,31.0,31.05,1949289.0
2018-01-05 09:57:12.225000,31.0,31.0,31.05,1949289.0
2018-01-05 09:57:15.360000,31.0,31.0,31.05,2031789.0
2018-01-05 09:57:21.817000,31.0,31.0,31.05,2031789.0
2018-01-05 09:57:25.426000,31.0,31.0,31.05,2031789.0
2018-01-05 09:57:29.376000,31.0,31.0,31.05,2031789.0
2018-01-05 09:57:32.954000,31.0,31.0,31.05,2031789.0
2018-01-05 09:57:36.360000,31.0,31.0,31.05,2031789.0
2018-01-05 09:57:39.892000,31.0,31.0,31.05,2031789.0
2018-01-05 09:57:43.605000,31.0,31.0,31.05,2031789.0
2018-01-05 09:57:47.398000,31.0,31.0,31.05,2031789.0
2018-01-05 09:57:50.836000,31.0,31.0,31.05,2031789.0
2018-01-05 09:57:54.764000,31.0,31.0,31.05,2031789.0
2018-01-05 09:57:58.473000,31.0,31.0,31.05,2031789.0
2018-01-05 09:58:01.749000,31.0,31.0,31.05,2031789.0
2018-01-05 09:58:05.234000,31.0,31.0,31.05,2031789.0
2018-01-05 09:58:08.625000,31.0,31.0,31.05,2031789.0
2018-01-05 09:58:12.343000,31.0,31.0,31.05,2031789.0
2018-01-05 09:58:15.624000,31.0,31.0,31.05,2038289.0
2018-01-05 09:58:18.996000,31.0,31.0,31.05,2038289.0
2018-01-05 09:58:22.593000,31.0,31.0,31.05,2038289.0
2018-01-05 09:58:26.537000,31.0,31.0,31.05,2038289.0
2018-01-05 09:58:30.126000,31.0,31.0,31.05,2038289.0
2018-01-05 09:58:34.206000,31.0,31.0,31.05,2038289.0
2018-01-05 09:58:38.047000,31.0,31.0,31.05,2038289.0
2018-01-05 09:58:41.921000,31.0,31.0,31.05,2038289.0
2018-01-05 09:58:45.694000,31.0,31.0,31.05,2038289.0
2018-01-05 09:58:49.048000,31.0,31.0,31.05,2038289.0
2018-01-05 09:58:52.501000,31.0,31.0,31.05,2038289.0
2018-01-05 09:58:56.444000,31.0,31.0,31.05,2038289.0
2018-01-05 09:58:59.455000,31.0,31.0,31.05,2038289.0
2018-01-05 09:59:03.352000,31.0,31.0,31.05,2038289.0
2018-01-05 09:59:06.726000,31.0,31.0,31.05,2038289.0
2018-01-05 09:59:10.701000,31.0,31.0,31.05,2038289.0
2018-01-05 09:59:14.326000,31.0,31.0,31.05,2038289.0
2018-01-05 09:59:17.545000,31.0,31.0,31.05,2038289.0
2018-01-05 09:59:21.076000,31.0,31.0,31.05,2038289.0
2018-01-05 09:59:24.936000,31.0,31.0,31.05,2062289.0
2018-01-05 09:59:28.458000,31.0,31.0,31.05,2062289.0
2018-01-05 09:59:32.022000,31.0,31.0,31.05,2062289.0
2018-01-05 09:59:35.030000,31.0,31.0,31.05,2062289.0
2018-01-05 09:59:39.386000,31.0,31.0,31.05,2062289.0
2018-01-05 09:59:42.761000,31.0,31.0,31.05,2062289.0
2018-01-05 09:59:46.815000,31.0,31.0,31.05,2062289.0
2018-01-05 09:59:49.871000,31.0,31.0,31.05,2062289.0
2018-01-05 09:59:53.642000,31.0,31.0,31.05,2062289.0
2018-01-05 09:59:57.571000,31.0,31.0,31.05,2062289.0
2018-01-05 10:00:00.996000,31.0,31.0,31.05,2062289.0
2018-01-05 10:00:04.665000,31.0,31.0,31.05,2062289.0
2018-01-05 10:00:08.630000,31.0,31.0,31.05,2062289.0
2018-01-05 10:00:12.638000,31.0,31.0,31.05,2062289.0
2018-01-05 10:00:15.993000,31.0,31.0,31.05,2062289.0
2018-01-05 10:00:19.621000,31.0,31.0,31.05,2062289.0
2018-01-05 10:00:22.849000,31.0,31.0,31.05,2062289.0
2018-01-05 10:00:25.827000,31.0,31.0,31.05,2067289.0
2018-01-05 10:00:29.648000,31.0,31.0,31.05,2067289.0
2018-01-05 10:00:32.998000,31.0,31.0,31.05,2067289.0
2018-01-05 10:00:36.298000,31.0,31.0,31.05,2067289.0
2018-01-05 10:00:39.728000,31.0,31.0,31.05,2067289.0
2018-01-05 10:00:42.659000,31.0,31.0,31.05,2067289.0
2018-01-05 10:00:46.222000,31.0,31.0,31.05,2067289.0
2018-01-05 10:00:50.314000,31.0,31.0,31.05,2067289.0
2018-01-05 10:00:53.463000,31.0,31.0,31.05,2067289.0
2018-01-05 10:00:57.250000,31.0,31.0,31.05,2067289.0
2018-01-05 10:01:00.954000,31.0,31.0,31.05,2067289.0
2018-01-05 10:01:04.951000,31.0,31.0,31.05,2067289.0
2018-01-05 10:01:08.748000,31.0,31.0,31.05,2067289.0
2018-01-05 10:01:12.570000,31.0,31.0,31.05,2067289.0
2018-01-05 10:01:16.261000,31.0,31.0,31.05,2067289.0
2018-01-05 10:01:19.248000,31.0,31.0,31.05,2067289.0
2018-01-05 10:01:22.973000,31.0,31.0,31.05,2067289.0
2018-01-05 10:01:26.348000,31.0,31.0,31.05,2067289.0
2018-01-05 10:01:30.151000,31.0,31.0,31.05,2067289.0
2018-01-05 10:01:34.271000,31.0,31.0,31.05,2067289.0
2018-01-05 10:01:37.978000,31.0,31.0,31.05,2067289.0
2018-01-05 10:01:41.236000,31.0,31.0,31.05,2067289.0
2018-01-05 10:01:45.568000,31.0,31.0,31.05,2067289.0
2018-01-05 10:01:48.812000,31.0,31.0,31.05,2067289.0
2018-01-05 10:01:52.359000,31.0,31.0,31.05,2067289.0
2018-01-05 10:01:55.936000,31.0,31.0,31.05,2067289.0
2018-01-05 10:01:59.755000,31.0,31.0,31.05,2067289.0
2018-01-05 10:02:03.589000,31.0,31.0,31.05,2067289.0
2018-01-05 10:02:08.530000,31.0,31.0,31.05,2067289.0
2018-01-05 10:02:11.765000,31.0,31.0,31.05,2067289.0
2018-01-05 10:02:17.909000,31.0,31.0,31.05,2067289.0
2018-01-05 10:02:21.997000,31.0,31.0,31.05,2067289.0
2018-01-05 10:02:25.501000,31.0,31.0,31.05,2067289.0
2018-01-05 10:02:29.538000,31.0,31.0,31.05,2067289.0
2018-01-05 10:02:32.453000,31.0,31.0,31.05,2067289.0
2018-01-05 10:02:36.203000,31.0,31.0,31.05,2067289.0
2018-01-05 10:02:40.169000,31.0,31.0,31.05,2067289.0
2018-01-05 10:02:43.950000,31.0,31.0,31.05,2067289.0
2018-01-05 10:02:47.342000,31.0,31.0,31.05,2067289.0
2018-01-05 10:02:51.067000,31.0,31.0,31.05,2069189.0
2018-01-05 10:02:54.934000,31.0,31.0,31.05,2069189.0
2018-01-05 10:02:58.576000,31.0,31.0,31.05,2197189.0
2018-01-05 10:03:02.154000,31.0,31.0,31.05,2197189.0
2018-01-05 10:03:07.689000,31.0,31.0,31.05,2197189.0
2018-01-05 10:03:10.619000,31.0,31.0,31.05,2197189.0
2018-01-05 10:03:18.013000,31.0,31.0,31.05,2197189.0
2018-01-05 10:03:21.486000,31.0,31.0,31.05,2197189.0
2018-01-05 10:03:25.367000,31.0,31.0,31.05,2197189.0
2018-01-05 10:03:29.279000,31.0,31.0,31.05,2197189.0
2018-01-05 10:03:33.295000,31.0,31.0,31.05,2197189.0
2018-01-05 10:03:36.077000,31.0,31.0,31.05,2197189.0
2018-01-05 10:03:39.603000,31.0,31.0,31.05,2197189.0
2018-01-05 10:03:43.487000,31.0,31.0,31.05,2197189.0
2018-01-05 10:03:46.894000,31.0,31.0,31.05,2197189.0
2018-01-05 10:03:50.855000,31.0,31.0,31.05,2197189.0
2018-01-05 10:03:54.209000,31.0,30.95,31.0,2422689.0
2018-01-05 10:03:58.153000,31.0,30.95,31.0,2422689.0
2018-01-05 10:04:02.134000,31.0,30.95,31.0,2422689.0
2018-01-05 10:04:07.175000,31.0,30.95,31.0,2422689.0
2018-01-05 10:04:10.419000,31.0,30.95,31.0,2422689.0
2018-01-05 10:04:13.621000,31.0,30.95,31.0,2422689.0
2018-01-05 10:04:17.168000,31.0,30.95,31.0,2422689.0
2018-01-05 10:04:22.240000,31.0,30.95,31.0,2422689.0
2018-01-05 10:04:25.982000,31.0,30.95,31.0,2422689.0
2018-01-05 10:04:29.706000,31.0,30.95,31.0,2422689.0
2018-01-05 10:04:33.449000,31.0,30.95,31.0,2422689.0
2018-01-05 10:04:37.484000,31.0,30.95,31.0,2422689.0
2018-01-05 10:04:41.381000,31.0,30.95,31.0,2422689.0
2018-01-05 10:04:45.185000,31.0,30.95,31.0,2422689.0
2018-01-05 10:04:48.538000,31.0,30.95,31.0,2422689.0
2018-01-05 10:04:51.960000,31.0,30.95,31.0,2422689.0
2018-01-05 10:04:55.888000,31.0,30.95,31.0,2422689.0
2018-01-05 10:04:59.912000,31.0,30.95,31.0,2422689.0
2018-01-05 10:05:03.272000,31.0,30.95,31.0,2422689.0
2018-01-05 10:05:07.058000,30.95,30.95,31.0,2426253.0
2018-01-05 10:05:12.042000,30.95,30.95,31.0,2426253.0
2018-01-05 10:05:17.751000,30.95,30.95,31.0,2426253.0
2018-01-05 10:05:25.118000,30.95,30.95,31.0,2426253.0
2018-01-05 10:05:29.125000,30.95,30.95,31.0,2426253.0
2018-01-05 10:05:32.927000,30.95,30.95,31.0,2426253.0
2018-01-05 10:05:36.668000,30.95,30.95,31.0,2426253.0
2018-01-05 10:05:40.386000,30.95,30.95,31.0,2426253.0
2018-01-05 10:05:43.818000,30.95,30.95,31.0,2426253.0
2018-01-05 10:05:47.674000,30.95,30.95,31.0,2426253.0
2018-01-05 10:05:51.889000,30.95,30.95,31.0,2426253.0
2018-01-05 10:05:55.359000,30.95,30.95,31.0,2426253.0
2018-01-05 10:05:59.465000,30.95,30.95,31.0,2426253.0
2018-01-05 10:06:03.424000,30.95,30.95,31.0,2426253.0
2018-01-05 10:06:07.531000,30.95,30.95,31.0,2426253.0
2018-01-05 10:06:11.141000,30.95,30.95,31.0,2426253.0
2018-01-05 10:06:14.437000,30.95,30.95,31.0,2426253.0
2018-01-05 10:06:17.906000,30.95,30.95,31.0,2426253.0
2018-01-05 10:06:23.140000,30.95,30.95,31.0,2426253.0
2018-01-05 10:06:26.977000,30.95,30.95,31.0,2426253.0
2018-01-05 10:06:30.110000,30.95,30.95,31.0,2426253.0
2018-01-05 10:06:34.115000,30.95,30.95,31.0,2426253.0
2018-01-05 10:06:37.375000,30.95,30.95,31.0,2446253.0
2018-01-05 10:06:40.955000,30.95,30.95,31.0,2446253.0
2018-01-05 10:06:44.773000,30.95,30.95,31.0,2446253.0
2018-01-05 10:06:48.341000,30.95,30.95,31.0,2446253.0
2018-01-05 10:06:52.223000,30.95,30.95,31.0,2446253.0
2018-01-05 10:06:55.638000,30.95,30.95,31.0,2446253.0
2018-01-05 10:06:58.984000,30.95,30.95,31.0,2446253.0
2018-01-05 10:07:02.623000,30.95,30.95,31.0,2446253.0
2018-01-05 10:07:06.060000,30.95,30.95,31.0,2446253.0
2018-01-05 10:07:09.915000,30.95,30.95,31.0,2446253.0
2018-01-05 10:07:13.025000,30.95,30.95,31.0,2446253.0
2018-01-05 10:07:16.801000,30.95,30.95,31.0,2446253.0
2018-01-05 10:07:20.620000,30.95,30.95,31.0,2446253.0
2018-01-05 10:07:23.678000,30.95,30.95,31.0,2446253.0
2018-01-05 10:07:27.604000,30.95,30.95,31.0,2446253.0
2018-01-05 10:07:31.027000,30.95,30.95,31.0,2446253.0
2018-01-05 10:07:34.761000,30.95,30.95,31.0,2446253.0
2018-01-05 10:07:38.674000,30.95,30.95,31.0,2450753.0
2018-01-05 10:07:42.305000,30.95,30.95,31.0,2450753.0
2018-01-05 10:07:46.343000,30.95,30.95,31.0,2450753.0
2018-01-05 10:07:50.278000,30.95,30.95,31.0,2450753.0
2018-01-05 10:07:54.221000,30.95,30.95,31.0,2450753.0
2018-01-05 10:07:57.799000,30.95,30.95,31.0,2450753.0
2018-01-05 10:08:01.222000,30.95,30.95,31.0,2450753.0
2018-01-05 10:08:08.867000,30.95,30.95,31.0,2450753.0
2018-01-05 10:08:12.212000,30.95,30.95,31.0,2450753.0
2018-01-05 10:08:15.696000,30.95,30.95,31.0,2450753.0
2018-01-05 10:08:18.946000,30.95,30.95,31.0,2450753.0
2018-01-05 10:08:23.160000,30.95,30.95,31.0,2450753.0
2018-01-05 10:08:26.902000,30.95,30.95,31.0,2450753.0
2018-01-05 10:08:30.762000,30.95,30.95,31.0,2450753.0
2018-01-05 10:08:34.775000,30.95,30.95,31.0,2450753.0
2018-01-05 10:08:38.494000,30.95,30.95,31.0,2450753.0
2018-01-05 10:08:41.676000,30.95,30.95,31.0,2450753.0
2018-01-05 10:08:45.559000,30.95,30.95,31.0,2450753.0
2018-01-05 10:08:49.298000,30.95,30.95,31.0,2450753.0
2018-01-05 10:08:53.498000,30.95,30.95,31.0,2450753.0
2018-01-05 10:08:57.348000,30.95,30.95,31.0,2450753.0
2018-01-05 10:09:01.020000,30.95,30.95,31.0,2450753.0
2018-01-05 10:09:05.062000,31.0,30.95,31.0,2471648.0
2018-01-05 10:09:10.298000,31.0,30.95,31.0,2471648.0
2018-01-05 10:09:13.900000,31.0,30.95,31.0,2471648.0
2018-01-05 10:09:17.952000,31.0,30.95,31.0,2471648.0
2018-01-05 10:09:21.310000,31.0,30.95,31.0,2471648.0
2018-01-05 10:09:24.260000,31.0,30.95,31.0,2471648.0
2018-01-05 10:09:28.159000,31.0,30.95,31.0,2471648.0
2018-01-05 10:09:32.046000,31.0,30.95,31.0,2471648.0
2018-01-05 10:09:35.818000,31.0,30.95,31.0,2471648.0
2018-01-05 10:09:39.605000,31.0,30.95,31.0,2471648.0
2018-01-05 10:09:42.946000,31.0,30.95,31.0,2471648.0
2018-01-05 10:09:46.732000,31.0,30.95,31.0,2471648.0
2018-01-05 10:09:50.807000,31.0,30.95,31.0,2471648.0
2018-01-05 10:09:54.087000,31.0,30.95,31.0,2471648.0
2018-01-05 10:09:58.343000,31.0,30.95,31.0,2471648.0
2018-01-05 10:10:02.070000,31.0,30.95,31.0,2471648.0
2018-01-05 10:10:05.312000,31.0,30.95,31.0,2471648.0
2018-01-05 10:10:08.827000,31.0,30.95,31.0,2471648.0
2018-01-05 10:10:12.491000,31.0,30.95,31.0,2471648.0
2018-01-05 10:10:15.578000,31.0,30.95,31.0,2471648.0
2018-01-05 10:10:19.261000,31.0,30.95,31.0,2471648.0
2018-01-05 10:10:22.992000,30.95,30.95,31.0,2475648.0
2018-01-05 10:10:27.112000,30.95,30.95,31.0,2682648.0
2018-01-05 10:10:30.544000,30.95,30.95,31.0,2682648.0
2018-01-05 10:10:34.369000,30.95,30.95,31.0,2682648.0
2018-01-05 10:10:37.848000,30.95,30.95,31.0,2682648.0
2018-01-05 10:10:41.175000,30.95,30.95,31.0,2682648.0
2018-01-05 10:10:45.088000,30.95,30.95,31.0,2682648.0
2018-01-05 10:10:48.892000,30.95,30.95,31.0,2682648.0
2018-01-05 10:10:52.487000,30.95,30.95,31.0,2682648.0
2018-01-05 10:10:56.005000,30.95,30.95,31.0,2682648.0
2018-01-05 10:10:59.376000,30.95,30.95,31.0,2682648.0
2018-01-05 10:11:04.126000,30.95,30.95,31.0,2682648.0
2018-01-05 10:11:11.081000,30.95,30.95,31.0,2682648.0
2018-01-05 10:11:15.795000,30.95,30.95,31.0,2700648.0
2018-01-05 10:11:19.583000,30.95,30.95,31.0,2700648.0
2018-01-05 10:11:23.683000,30.95,30.95,31.0,2700648.0
2018-01-05 10:11:27.712000,30.95,30.95,31.0,2700648.0
2018-01-05 10:11:37.542000,30.95,30.95,31.0,2700648.0
2018-01-05 10:11:41.440000,30.95,30.95,31.0,2700648.0
2018-01-05 10:11:44.821000,30.95,30.95,31.0,2700648.0
2018-01-05 10:11:48.649000,30.95,30.95,31.0,2700648.0
2018-01-05 10:11:52.515000,30.95,30.95,31.0,2700648.0
2018-01-05 10:11:55.696000,30.95,30.95,31.0,2700648.0
2018-01-05 10:11:58.978000,30.95,30.95,31.0,2700648.0
2018-01-05 10:12:02.069000,30.95,30.95,31.0,2700648.0
2018-01-05 10:12:05.257000,30.95,30.95,31.0,2700648.0
2018-01-05 10:12:11.338000,30.95,30.95,31.0,2700648.0
2018-01-05 10:12:15.169000,30.95,30.95,31.0,2700648.0
2018-01-05 10:12:19.306000,30.95,30.95,31.0,2700648.0
2018-01-05 10:12:22.741000,30.95,30.95,31.0,2700648.0
2018-01-05 10:12:26.466000,30.95,30.95,31.0,2700648.0
2018-01-05 10:12:30.519000,30.95,30.95,31.0,2700648.0
2018-01-05 10:12:33.325000,30.95,30.95,31.0,2700648.0
2018-01-05 10:12:36.601000,30.95,30.95,31.0,2700648.0
2018-01-05 10:12:40.669000,30.95,30.95,31.0,2700648.0
2018-01-05 10:12:44.386000,30.95,30.95,31.0,2700648.0
2018-01-05 10:12:47.770000,30.95,30.95,31.0,2700648.0
2018-01-05 10:12:51.567000,30.9,30.9,30.95,2836710.0
2018-01-05 10:12:55.115000,30.9,30.9,30.95,2836710.0
2018-01-05 10:12:58.426000,30.9,30.9,30.95,2836710.0
2018-01-05 10:13:02.292000,30.9,30.9,30.95,2836710.0
2018-01-05 10:13:06.173000,30.9,30.9,30.95,2836710.0
2018-01-05 10:13:09.656000,30.9,30.9,30.95,2836710.0
2018-01-05 10:13:13.435000,30.9,30.9,30.95,2836710.0
2018-01-05 10:13:17.104000,30.9,30.9,30.95,2836710.0
2018-01-05 10:13:20.994000,30.9,30.9,30.95,2836710.0
2018-01-05 10:13:24.283000,30.9,30.9,30.95,2836710.0
2018-01-05 10:13:28.145000,30.9,30.9,30.95,2836710.0
2018-01-05 10:13:31.870000,30.9,30.9,30.95,2836710.0
2018-01-05 10:13:35.558000,30.9,30.9,30.95,2836710.0
2018-01-05 10:13:38.709000,30.9,30.9,30.95,2836710.0
2018-01-05 10:13:42.303000,30.9,30.9,30.95,2836710.0
2018-01-05 10:13:46.393000,30.9,30.9,30.95,2851710.0
2018-01-05 10:13:49.908000,30.9,30.9,30.95,2851710.0
2018-01-05 10:13:53.440000,30.9,30.9,30.95,2851710.0
2018-01-05 10:13:57.182000,30.9,30.9,30.95,2851710.0
2018-01-05 10:14:01.034000,30.9,30.9,30.95,2851710.0
2018-01-05 10:14:04.896000,30.9,30.9,30.95,2851710.0
2018-01-05 10:14:08.459000,30.9,30.9,30.95,2851710.0
2018-01-05 10:14:12.231000,30.9,30.9,30.95,2851710.0
2018-01-05 10:14:16.097000,30.9,30.9,30.95,2851710.0
2018-01-05 10:14:19.932000,30.9,30.9,30.95,2851710.0
2018-01-05 10:14:24.163000,30.9,30.9,30.95,2868710.0
2018-01-05 10:14:28.004000,30.9,30.9,30.95,2868710.0
2018-01-05 10:14:31.785000,30.9,30.9,30.95,2868710.0
2018-01-05 10:14:34.845000,30.9,30.9,30.95,2868710.0
2018-01-05 10:14:38.721000,30.9,30.9,30.95,2868710.0
2018-01-05 10:14:42.651000,30.9,30.9,30.95,2868710.0
2018-01-05 10:14:46.772000,30.9,30.9,30.95,2868710.0
2018-01-05 10:14:50.764000,30.9,30.9,30.95,2868710.0
2018-01-05 10:14:53.704000,30.9,30.9,30.95,3044710.0
2018-01-05 10:14:57.223000,30.9,30.9,30.95,3044710.0
2018-01-05 10:15:00.564000,30.9,30.9,30.95,3044710.0
2018-01-05 10:15:03.776000,30.9,30.9,30.95,3044710.0
2018-01-05 10:15:08.964000,30.9,30.9,30.95,3044710.0
2018-01-05 10:15:12.753000,30.9,30.9,30.95,3044710.0
2018-01-05 10:15:16.393000,30.9,30.9,30.95,3044710.0
2018-01-05 10:15:20.149000,30.9,30.9,30.95,3044710.0
2018-01-05 10:15:23.664000,30.9,30.9,30.95,3044710.0
2018-01-05 10:15:27.118000,30.9,30.9,30.95,3044710.0
2018-01-05 10:15:31.427000,30.9,30.9,30.95,3044710.0
2018-01-05 10:15:35.121000,30.9,30.9,30.95,3044710.0
2018-01-05 10:15:38.459000,30.85,30.85,30.9,3468210.0
2018-01-05 10:15:42.231000,30.85,30.85,30.9,3468210.0
2018-01-05 10:15:45.668000,30.85,30.85,30.9,3468210.0
2018-01-05 10:15:49.492000,30.85,30.85,30.9,3468210.0
2018-01-05 10:15:53.012000,30.85,30.85,30.9,3468210.0
2018-01-05 10:15:56.790000,30.85,30.85,30.9,3468210.0
2018-01-05 10:16:00.734000,30.85,30.85,30.9,3468210.0
2018-01-05 10:16:04.337000,30.85,30.85,30.9,3468210.0
2018-01-05 10:16:08.544000,30.85,30.85,30.9,3468210.0
2018-01-05 10:16:12.379000,30.85,30.85,30.9,3468210.0
2018-01-05 10:16:16.056000,30.85,30.85,30.9,3468210.0
2018-01-05 10:16:20.002000,30.85,30.85,30.9,3468210.0
2018-01-05 10:16:23.579000,30.85,30.85,30.9,3468210.0
2018-01-05 10:16:27.413000,30.85,30.85,30.9,3468210.0
2018-01-05 10:16:31.064000,30.85,30.85,30.9,3468210.0
2018-01-05 10:16:33.822000,30.85,30.85,30.9,3468210.0
2018-01-05 10:16:37.244000,30.85,30.85,30.9,3468210.0
2018-01-05 10:16:40.807000,30.85,30.85,30.9,3468210.0
2018-01-05 10:16:44.339000,30.85,30.85,30.9,3468210.0
2018-01-05 10:16:47.683000,30.85,30.85,30.9,3481710.0
2018-01-05 10:16:50.931000,30.85,30.85,30.9,3481710.0
2018-01-05 10:16:55.639000,30.85,30.85,30.9,3481710.0
2018-01-05 10:16:59.505000,30.85,30.85,30.9,3481710.0
2018-01-05 10:17:02.623000,30.85,30.85,30.9,3481710.0
2018-01-05 10:17:08.819000,30.85,30.85,30.9,3481710.0
2018-01-05 10:17:12.804000,30.85,30.85,30.9,3481710.0
2018-01-05 10:17:16.186000,30.85,30.85,30.9,3481710.0
2018-01-05 10:17:21.971000,30.85,30.85,30.9,3481710.0
2018-01-05 10:17:25.674000,30.85,30.85,30.9,3481710.0
2018-01-05 10:17:28.712000,30.9,30.9,30.95,3633710.0
2018-01-05 10:17:32.436000,30.9,30.9,30.95,3633710.0
2018-01-05 10:17:36.746000,30.9,30.9,30.95,3633710.0
2018-01-05 10:17:40.184000,30.9,30.9,30.95,3633710.0
2018-01-05 10:17:43.622000,30.9,30.9,30.95,3633710.0
2018-01-05 10:17:46.916000,30.9,30.9,30.95,3633710.0
2018-01-05 10:17:50.209000,30.9,30.9,30.95,3633710.0
2018-01-05 10:17:54.043000,30.9,30.9,30.95,3633710.0
2018-01-05 10:17:57.856000,30.9,30.9,30.95,3633710.0
2018-01-05 10:18:01.861000,30.9,30.9,30.95,3633710.0
2018-01-05 10:18:04.727000,30.9,30.9,30.95,3633710.0
2018-01-05 10:18:09.197000,30.9,30.9,30.95,3633710.0
2018-01-05 10:18:12.964000,30.9,30.9,30.95,3633710.0
2018-01-05 10:18:19.259000,30.9,30.9,30.95,3633710.0
2018-01-05 10:18:22.374000,30.9,30.9,30.95,3633710.0
2018-01-05 10:18:25.970000,30.9,30.9,30.95,3633710.0
2018-01-05 10:18:29.395000,30.9,30.9,30.95,3633710.0
2018-01-05 10:18:32.974000,30.9,30.9,30.95,4085710.0
2018-01-05 10:18:36.326000,30.9,30.9,30.95,4085710.0
2018-01-05 10:18:40.035000,30.9,30.9,30.95,4085710.0
2018-01-05 10:18:43.629000,30.9,30.9,30.95,4085710.0
2018-01-05 10:18:47.148000,30.9,30.9,30.95,4085710.0
2018-01-05 10:18:51.062000,30.9,30.9,30.95,4085710.0
2018-01-05 10:18:54.984000,30.9,30.9,30.95,4085710.0
2018-01-05 10:18:58.632000,30.9,30.9,30.95,4085710.0
2018-01-05 10:19:02.436000,30.9,30.9,30.95,4085710.0
2018-01-05 10:19:07.975000,30.9,30.9,30.95,4085710.0
2018-01-05 10:19:12.796000,30.9,30.9,30.95,4085710.0
2018-01-05 10:19:16.645000,30.9,30.9,30.95,4085710.0
2018-01-05 10:19:20.035000,30.9,30.9,30.95,4085710.0
2018-01-05 10:19:23.708000,30.9,30.9,30.95,4085710.0
2018-01-05 10:19:26.403000,30.9,30.9,30.95,4085710.0
2018-01-05 10:19:30.485000,30.9,30.9,30.95,4085710.0
2018-01-05 10:19:34.412000,30.9,30.9,30.95,4085710.0
2018-01-05 10:19:38.408000,30.9,30.9,30.95,4085710.0
2018-01-05 10:19:41.559000,30.9,30.9,30.95,4085710.0
2018-01-05 10:19:45.496000,30.9,30.9,30.95,4085710.0
2018-01-05 10:19:49.196000,30.9,30.9,30.95,4085710.0
2018-01-05 10:19:52.628000,30.9,30.9,30.95,4085710.0
2018-01-05 10:19:55.972000,30.9,30.9,30.95,4085710.0
2018-01-05 10:19:59.712000,30.9,30.9,30.95,4085710.0
2018-01-05 10:20:03.212000,30.9,30.9,30.95,4085710.0
2018-01-05 10:20:07.537000,30.9,30.9,30.95,4085710.0
2018-01-05 10:20:11.150000,30.9,30.9,30.95,4085710.0
2018-01-05 10:20:14.663000,30.9,30.9,30.95,4085710.0
2018-01-05 10:20:18.148000,30.9,30.9,30.95,4085710.0
2018-01-05 10:20:21.632000,30.95,30.9,30.95,4099710.0
2018-01-05 10:20:25.691000,30.95,30.9,30.95,4099710.0
2018-01-05 10:20:29.463000,30.95,30.9,30.95,4099710.0
2018-01-05 10:20:32.951000,30.95,30.9,30.95,4099710.0
2018-01-05 10:20:36.876000,30.95,30.9,30.95,4099710.0
2018-01-05 10:20:40.243000,30.95,30.9,30.95,4099710.0
2018-01-05 10:20:43.714000,30.95,30.9,30.95,4099710.0
2018-01-05 10:20:47.663000,30.95,30.9,30.95,4099710.0
2018-01-05 10:20:51.460000,30.95,30.9,30.95,4099710.0
2018-01-05 10:20:55.182000,30.95,30.9,30.95,4099710.0
2018-01-05 10:20:58.482000,30.95,30.9,30.95,4099710.0
2018-01-05 10:21:02.155000,30.95,30.9,30.95,4099710.0
2018-01-05 10:21:05.341000,30.95,30.9,30.95,4099710.0
2018-01-05 10:21:09.412000,30.95,30.9,30.95,4099710.0
2018-01-05 10:21:13.105000,30.95,30.9,30.95,4099710.0
2018-01-05 10:21:16.614000,30.95,30.9,30.95,4099710.0
2018-01-05 10:21:20.565000,30.95,30.9,30.95,4099710.0
2018-01-05 10:21:24.509000,30.95,30.9,30.95,4099710.0
2018-01-05 10:21:28.343000,30.95,30.9,30.95,4099710.0
2018-01-05 10:21:31.602000,30.95,30.9,30.95,4099710.0
2018-01-05 10:21:34.915000,30.95,30.9,30.95,4099710.0
2018-01-05 10:21:38.207000,30.95,30.9,30.95,4099710.0
2018-01-05 10:21:41.293000,30.95,30.9,30.95,4099710.0
2018-01-05 10:21:44.731000,30.95,30.9,30.95,4099710.0
2018-01-05 10:21:48.465000,30.95,30.9,30.95,4099710.0
2018-01-05 10:21:52.415000,30.95,30.9,30.95,4099710.0
2018-01-05 10:21:55.690000,30.95,30.9,30.95,4099710.0
2018-01-05 10:21:59.285000,30.95,30.9,30.95,4099710.0
2018-01-05 10:22:03.250000,30.95,30.9,30.95,4099710.0
2018-01-05 10:22:08.121000,30.95,30.9,30.95,4099710.0
2018-01-05 10:22:11.823000,30.95,30.9,30.95,4099710.0
2018-01-05 10:22:15.319000,30.95,30.9,30.95,4099710.0
2018-01-05 10:22:18.916000,30.95,30.9,30.95,4099710.0
2018-01-05 10:22:21.816000,30.95,30.9,30.95,4099710.0
2018-01-05 10:22:25.483000,30.95,30.9,30.95,4099710.0
2018-01-05 10:22:28.785000,30.95,30.9,30.95,4099710.0
2018-01-05 10:22:31.936000,30.95,30.9,30.95,4099710.0
2018-01-05 10:22:35.832000,30.95,30.9,30.95,4099710.0
2018-01-05 10:22:39.535000,30.95,30.9,30.95,4099710.0
2018-01-05 10:22:43.517000,30.95,30.9,30.95,4099710.0
2018-01-05 10:22:47.192000,30.95,30.9,30.95,4099710.0
2018-01-05 10:22:51.086000,30.95,30.9,30.95,4099710.0
2018-01-05 10:22:54.556000,30.95,30.9,30.95,4099710.0
2018-01-05 10:22:57.642000,30.95,30.9,30.95,4099710.0
2018-01-05 10:23:01.430000,30.95,30.9,30.95,4099710.0
2018-01-05 10:23:06.915000,30.95,30.9,30.95,4099710.0
2018-01-05 10:23:10.418000,30.95,30.9,30.95,4099710.0
2018-01-05 10:23:14.583000,30.95,30.9,30.95,4099710.0
2018-01-05 10:23:17.639000,30.95,30.9,30.95,4099710.0
2018-01-05 10:23:21.474000,30.95,30.9,30.95,4099710.0
2018-01-05 10:23:25.332000,30.95,30.9,30.95,4099710.0
2018-01-05 10:23:29.352000,30.95,30.9,30.95,4099710.0
2018-01-05 10:23:32.722000,30.95,30.9,30.95,4099710.0
2018-01-05 10:23:36.046000,30.95,30.9,30.95,4099710.0
2018-01-05 10:23:39.582000,30.95,30.9,30.95,4099710.0
2018-01-05 10:23:43.399000,30.95,30.9,30.95,4099710.0
2018-01-05 10:23:47.129000,30.95,30.9,30.95,4099710.0
2018-01-05 10:23:50.459000,30.95,30.9,30.95,4099710.0
2018-01-05 10:23:53.706000,30.95,30.9,30.95,4099710.0
2018-01-05 10:23:57.556000,30.95,30.9,30.95,4099710.0
2018-01-05 10:24:01.568000,30.95,30.9,30.95,4099710.0
2018-01-05 10:24:05.910000,30.95,30.9,30.95,4099710.0
2018-01-05 10:24:10.958000,30.95,30.9,30.95,4099710.0
2018-01-05 10:24:14.153000,30.95,30.9,30.95,4099710.0
2018-01-05 10:24:17.685000,30.95,30.9,30.95,4099710.0
2018-01-05 10:24:21.483000,30.95,30.9,30.95,4099710.0
2018-01-05 10:24:24.989000,30.95,30.9,30.95,4099710.0
2018-01-05 10:24:28.567000,30.95,30.9,30.95,4099710.0
2018-01-05 10:24:31.920000,30.9,30.9,30.95,4100710.0
2018-01-05 10:24:35.673000,30.9,30.9,30.95,4100710.0
2018-01-05 10:24:39.704000,30.9,30.9,30.95,4100710.0
2018-01-05 10:24:43.983000,30.9,30.9,30.95,4100710.0
2018-01-05 10:24:47.801000,30.9,30.9,30.95,4100710.0
2018-01-05 10:24:50.984000,30.9,30.9,30.95,4100710.0
2018-01-05 10:24:54.010000,30.9,30.9,30.95,4100710.0
2018-01-05 10:24:57.921000,30.9,30.9,30.95,4100710.0
2018-01-05 10:25:01.546000,30.9,30.9,30.95,4100710.0
2018-01-05 10:25:08.989000,30.9,30.9,30.95,4100710.0
2018-01-05 10:25:14.316000,30.9,30.9,30.95,4100710.0
2018-01-05 10:25:18.502000,30.9,30.9,30.95,4100710.0
2018-01-05 10:25:21.318000,30.9,30.9,30.95,4100710.0
2018-01-05 10:25:24.630000,30.9,30.9,30.95,4100710.0
2018-01-05 10:25:28.132000,30.9,30.9,30.95,4100710.0
2018-01-05 10:25:32.268000,30.9,30.9,30.95,4100710.0
2018-01-05 10:25:35.656000,30.9,30.9,30.95,4100710.0
2018-01-05 10:25:39.252000,30.9,30.9,30.95,4100710.0
2018-01-05 10:25:43.368000,30.9,30.9,30.95,4100710.0
2018-01-05 10:25:46.666000,30.9,30.9,30.95,4100710.0
2018-01-05 10:25:50.546000,30.9,30.9,30.95,4100710.0
2018-01-05 10:25:53.822000,30.9,30.9,30.95,4100710.0
2018-01-05 10:25:57.469000,30.9,30.9,30.95,4100710.0
2018-01-05 10:26:00.714000,30.9,30.9,30.95,4100710.0
2018-01-05 10:26:04.134000,30.9,30.9,30.95,4100710.0
2018-01-05 10:26:11.057000,30.9,30.9,30.95,4100710.0
2018-01-05 10:26:14.504000,30.9,30.9,30.95,4100710.0
2018-01-05 10:26:17.638000,30.95,30.9,30.95,5123910.0
2018-01-05 10:26:22.553000,30.95,30.9,30.95,5169910.0
2018-01-05 10:26:26.474000,30.95,30.9,30.95,5169910.0
2018-01-05 10:26:29.873000,30.95,30.9,30.95,5169910.0
2018-01-05 10:26:33.201000,30.95,30.9,30.95,5169910.0
2018-01-05 10:26:36.305000,30.95,30.9,30.95,5169910.0
2018-01-05 10:26:39.642000,30.95,30.9,30.95,5169910.0
2018-01-05 10:26:42.489000,30.95,30.9,30.95,5169910.0
2018-01-05 10:26:45.919000,30.95,30.9,30.95,5169910.0
2018-01-05 10:26:49.746000,30.95,30.9,30.95,5169910.0
2018-01-05 10:26:53.058000,30.95,30.9,30.95,5169910.0
2018-01-05 10:26:56.682000,30.95,30.9,30.95,5169910.0
2018-01-05 10:26:59.514000,30.95,30.9,30.95,5169910.0
2018-01-05 10:27:02.727000,30.95,30.9,30.95,5169910.0
2018-01-05 10:27:06.406000,30.95,30.9,30.95,5169910.0
2018-01-05 10:27:09.634000,30.95,30.9,30.95,5169910.0
2018-01-05 10:27:13.911000,30.95,30.9,30.95,5169910.0
2018-01-05 10:27:17.558000,30.95,30.9,30.95,5169910.0
2018-01-05 10:27:21.277000,30.95,30.9,30.95,5169910.0
2018-01-05 10:27:24.443000,30.95,30.9,30.95,5169910.0
2018-01-05 10:27:28.246000,30.95,30.9,30.95,5169910.0
2018-01-05 10:27:31.575000,30.95,30.9,30.95,5169910.0
2018-01-05 10:27:35.487000,30.95,30.9,30.95,5169910.0
2018-01-05 10:27:39.113000,30.95,30.9,30.95,5169910.0
2018-01-05 10:27:43.313000,30.95,30.9,30.95,5169910.0
2018-01-05 10:27:46.856000,30.95,30.9,30.95,5169910.0
2018-01-05 10:27:50.187000,30.95,30.9,30.95,5169910.0
2018-01-05 10:27:53.353000,30.95,30.9,30.95,5169910.0
2018-01-05 10:27:56.356000,30.95,30.9,30.95,5169910.0
2018-01-05 10:27:59.910000,30.95,30.9,30.95,5169910.0
2018-01-05 10:28:03.744000,30.95,30.9,30.95,5169910.0
2018-01-05 10:28:06.963000,30.95,30.9,30.95,5169910.0
2018-01-05 10:28:10.942000,30.95,30.9,30.95,5169910.0
2018-01-05 10:28:13.826000,30.95,30.9,30.95,5169910.0
2018-01-05 10:28:17.660000,30.95,30.9,30.95,5169910.0
2018-01-05 10:28:21.323000,30.95,30.9,30.95,5169910.0
2018-01-05 10:28:24.613000,30.95,30.9,30.95,5169910.0
2018-01-05 10:28:28.194000,30.95,30.9,30.95,5169910.0
2018-01-05 10:28:32.094000,30.95,30.9,30.95,5169910.0
2018-01-05 10:28:35.657000,30.95,30.9,30.95,5169910.0
2018-01-05 10:28:39.204000,30.95,30.9,30.95,5169910.0
2018-01-05 10:28:43.001000,30.95,30.9,30.95,5169910.0
2018-01-05 10:28:46.539000,30.95,30.9,30.95,5169910.0
2018-01-05 10:28:50.530000,30.9,30.9,30.95,5376410.0
2018-01-05 10:28:54.380000,30.9,30.9,30.95,5376410.0
2018-01-05 10:28:58.167000,30.9,30.9,30.95,5376410.0
2018-01-05 10:29:01.145000,30.9,30.9,30.95,5376410.0
2018-01-05 10:29:04.880000,30.9,30.9,30.95,5376410.0
2018-01-05 10:29:08.636000,30.9,30.9,30.95,5376410.0
2018-01-05 10:29:11.546000,30.9,30.9,30.95,5376410.0
2018-01-05 10:29:15.858000,30.9,30.9,30.95,5376410.0
2018-01-05 10:29:18.896000,30.9,30.9,30.95,5376410.0
2018-01-05 10:29:22.940000,30.9,30.9,30.95,5376410.0
2018-01-05 10:29:27.046000,30.9,30.9,30.95,5376410.0
2018-01-05 10:29:30.196000,30.9,30.9,30.95,5376410.0
2018-01-05 10:29:33.596000,30.9,30.9,30.95,5376410.0
2018-01-05 10:29:36.987000,30.9,30.9,30.95,5376410.0
2018-01-05 10:29:40.692000,30.9,30.9,30.95,5376410.0
2018-01-05 10:29:44.147000,30.9,30.9,30.95,5376477.0
2018-01-05 10:29:48.018000,30.9,30.9,30.95,5376477.0
2018-01-05 10:29:51.020000,30.9,30.9,30.95,5376477.0
2018-01-05 10:29:54.488000,30.9,30.9,30.95,5376477.0
2018-01-05 10:29:57.863000,30.9,30.9,30.95,5376477.0
2018-01-05 10:30:01.166000,30.9,30.9,30.95,5376477.0
2018-01-05 10:30:07.501000,30.9,30.9,30.95,5376477.0
2018-01-05 10:30:11.276000,30.9,30.9,30.95,5376477.0
2018-01-05 10:30:14.757000,30.9,30.9,30.95,5376477.0
2018-01-05 10:30:19.813000,30.9,30.9,30.95,5376477.0
2018-01-05 10:30:23.360000,30.9,30.9,30.95,5376477.0
2018-01-05 10:30:27.024000,30.9,30.9,30.95,5379477.0
2018-01-05 10:30:30.941000,30.9,30.9,30.95,5379477.0
2018-01-05 10:30:34.692000,30.9,30.9,30.95,5379477.0
2018-01-05 10:30:37.904000,30.9,30.9,30.95,5379477.0
2018-01-05 10:30:40.783000,30.9,30.9,30.95,5379477.0
2018-01-05 10:30:44.445000,30.9,30.9,30.95,5379477.0
2018-01-05 10:30:48.793000,30.9,30.9,30.95,5379477.0
2018-01-05 10:30:52.114000,30.9,30.9,30.95,5379477.0
2018-01-05 10:30:55.817000,30.9,30.9,30.95,5379477.0
2018-01-05 10:30:59.286000,30.9,30.9,30.95,5379811.0
2018-01-05 10:31:03.005000,30.9,30.9,30.95,5379811.0
2018-01-05 10:31:06.908000,30.9,30.9,30.95,5379811.0
2018-01-05 10:31:11.046000,30.9,30.9,30.95,5379811.0
2018-01-05 10:31:14.656000,30.9,30.9,30.95,5379811.0
2018-01-05 10:31:18.309000,30.9,30.9,30.95,5379811.0
2018-01-05 10:31:21.928000,30.9,30.9,30.95,5379811.0
2018-01-05 10:31:25.662000,30.9,30.9,30.95,5379811.0
2018-01-05 10:31:29.356000,30.9,30.9,30.95,5379811.0
2018-01-05 10:31:33.284000,30.9,30.9,30.95,5379811.0
2018-01-05 10:31:37.088000,30.9,30.9,30.95,5379811.0
2018-01-05 10:31:41.008000,30.9,30.9,30.95,5379811.0
2018-01-05 10:31:45.021000,30.9,30.9,30.95,5379811.0
2018-01-05 10:31:48.973000,30.9,30.9,30.95,5379811.0
2018-01-05 10:31:52.743000,30.9,30.9,30.95,5379811.0
2018-01-05 10:31:56.960000,30.9,30.9,30.95,5390811.0
2018-01-05 10:32:01.010000,30.9,30.9,30.95,5390811.0
2018-01-05 10:32:04.691000,30.9,30.9,30.95,5390811.0
2018-01-05 10:32:08.464000,30.9,30.9,30.95,5390811.0
2018-01-05 10:32:14.366000,30.9,30.9,30.95,5390811.0
2018-01-05 10:32:18.692000,30.9,30.9,30.95,5390811.0
2018-01-05 10:32:22.325000,30.9,30.9,30.95,5390811.0
2018-01-05 10:32:26.012000,30.9,30.9,30.95,5390811.0
2018-01-05 10:32:29.542000,30.9,30.9,30.95,5390811.0
2018-01-05 10:32:33.298000,30.9,30.9,30.95,5390811.0
2018-01-05 10:32:37.451000,30.9,30.9,30.95,5390811.0
2018-01-05 10:32:40.898000,30.9,30.9,30.95,5390811.0
2018-01-05 10:32:44.670000,30.9,30.9,30.95,5390811.0
2018-01-05 10:32:48.348000,30.9,30.9,30.95,5390811.0
2018-01-05 10:32:51.958000,30.9,30.9,30.95,5390811.0
2018-01-05 10:32:55.536000,30.9,30.9,30.95,5391311.0
2018-01-05 10:32:58.979000,30.9,30.9,30.95,5391311.0
2018-01-05 10:33:06.133000,30.9,30.9,30.95,5391311.0
2018-01-05 10:33:09.715000,30.9,30.9,30.95,5391311.0
2018-01-05 10:33:12.818000,30.9,30.9,30.95,5391311.0
2018-01-05 10:33:17.796000,30.9,30.9,30.95,5391311.0
2018-01-05 10:33:21.615000,30.9,30.9,30.95,5391311.0
2018-01-05 10:33:25.053000,30.9,30.9,30.95,5391311.0
2018-01-05 10:33:29.130000,30.9,30.9,30.95,5391311.0
2018-01-05 10:33:32.365000,30.9,30.9,30.95,5391311.0
2018-01-05 10:33:36.216000,30.9,30.9,30.95,5391311.0
2018-01-05 10:33:40.020000,30.9,30.9,30.95,5391311.0
2018-01-05 10:33:43.472000,30.9,30.9,30.95,5391311.0
2018-01-05 10:33:47.572000,30.9,30.9,30.95,5391311.0
2018-01-05 10:33:51.238000,30.9,30.9,30.95,5391311.0
2018-01-05 10:33:54.657000,30.9,30.9,30.95,5391311.0
2018-01-05 10:33:58.513000,30.9,30.9,30.95,5391311.0
2018-01-05 10:34:02.022000,30.9,30.9,30.95,5391311.0
2018-01-05 10:34:08.799000,30.9,30.9,30.95,5391311.0
2018-01-05 10:34:11.697000,30.9,30.9,30.95,5391311.0
2018-01-05 10:34:14.975000,30.9,30.9,30.95,5391311.0
2018-01-05 10:34:18.583000,30.9,30.9,30.95,5391311.0
2018-01-05 10:34:21.974000,30.9,30.9,30.95,5391311.0
2018-01-05 10:34:25.410000,30.9,30.9,30.95,5391311.0
2018-01-05 10:34:29.307000,30.9,30.9,30.95,5391311.0
2018-01-05 10:34:32.488000,30.9,30.9,30.95,5391311.0
2018-01-05 10:34:36.491000,30.9,30.9,30.95,5391311.0
2018-01-05 10:34:39.683000,30.9,30.9,30.95,5391311.0
2018-01-05 10:34:43.579000,30.9,30.9,30.95,5391311.0
2018-01-05 10:34:47.383000,30.9,30.9,30.95,5391311.0
2018-01-05 10:34:51.154000,30.9,30.9,30.95,5391311.0
2018-01-05 10:34:54.586000,30.9,30.9,30.95,5391311.0
2018-01-05 10:34:58.224000,30.9,30.9,30.95,5391311.0
2018-01-05 10:35:01.516000,30.9,30.9,30.95,5391311.0
2018-01-05 10:35:07.395000,30.9,30.9,30.95,5391311.0
2018-01-05 10:35:11.121000,30.9,30.9,30.95,5391311.0
2018-01-05 10:35:14.669000,30.9,30.9,30.95,5392311.0
2018-01-05 10:35:18.596000,30.9,30.9,30.95,5392311.0
2018-01-05 10:35:22.782000,30.9,30.9,30.95,5392311.0
2018-01-05 10:35:25.900000,30.9,30.9,30.95,5392311.0
2018-01-05 10:35:29.556000,30.9,30.9,30.95,5392311.0
2018-01-05 10:35:32.884000,30.9,30.9,30.95,5392311.0
2018-01-05 10:35:36.306000,30.9,30.9,30.95,5392311.0
2018-01-05 10:35:39.675000,30.9,30.9,30.95,5392311.0
2018-01-05 10:35:43.479000,30.9,30.9,30.95,5392311.0
2018-01-05 10:35:47.041000,30.9,30.9,30.95,5392311.0
2018-01-05 10:35:51.053000,30.9,30.85,30.9,5521311.0
2018-01-05 10:35:54.313000,30.9,30.85,30.9,5521311.0
2018-01-05 10:35:57.976000,30.9,30.85,30.9,5521311.0
2018-01-05 10:36:01.600000,30.9,30.85,30.9,5521311.0
2018-01-05 10:36:05.910000,30.9,30.85,30.9,5521311.0
2018-01-05 10:36:09.109000,30.9,30.85,30.9,5521311.0
2018-01-05 10:36:15.998000,30.9,30.85,30.9,5521311.0
2018-01-05 10:36:19.802000,30.9,30.85,30.9,5521311.0
2018-01-05 10:36:23.887000,30.9,30.85,30.9,5521311.0
2018-01-05 10:36:27.757000,30.9,30.85,30.9,5521311.0
2018-01-05 10:36:31.603000,30.9,30.85,30.9,5521311.0
2018-01-05 10:36:35.123000,30.9,30.85,30.9,5521311.0
2018-01-05 10:36:38.383000,30.9,30.85,30.9,5521311.0
2018-01-05 10:36:41.505000,30.9,30.85,30.9,5521311.0
2018-01-05 10:36:45.131000,30.9,30.85,30.9,5521311.0
2018-01-05 10:36:48.611000,30.9,30.85,30.9,5521311.0
2018-01-05 10:36:52.304000,30.9,30.85,30.9,5521311.0
2018-01-05 10:36:56.026000,30.9,30.85,30.9,5521311.0
2018-01-05 10:36:59.858000,30.9,30.85,30.9,5521311.0
2018-01-05 10:37:03.824000,30.9,30.85,30.9,5521311.0
2018-01-05 10:37:08.849000,30.9,30.85,30.9,5521311.0
2018-01-05 10:37:12.652000,30.9,30.85,30.9,5521311.0
2018-01-05 10:37:15.865000,30.9,30.85,30.9,5521311.0
2018-01-05 10:37:19.459000,30.9,30.9,30.95,5759811.0
2018-01-05 10:37:23.293000,30.9,30.9,30.95,5759811.0
2018-01-05 10:37:27.275000,30.9,30.9,30.95,5759811.0
2018-01-05 10:37:30.551000,30.9,30.9,30.95,5759811.0
2018-01-05 10:37:34.209000,30.9,30.9,30.95,5759811.0
2018-01-05 10:37:37.565000,30.9,30.9,30.95,5759811.0
2018-01-05 10:37:40.925000,30.9,30.9,30.95,5759811.0
2018-01-05 10:37:44.644000,30.9,30.9,30.95,5759811.0
2018-01-05 10:37:48.224000,30.9,30.9,30.95,5759811.0
2018-01-05 10:37:51.216000,30.9,30.9,30.95,5759811.0
2018-01-05 10:37:54.460000,30.9,30.9,30.95,5759811.0
2018-01-05 10:37:57.897000,30.9,30.9,30.95,5759811.0
2018-01-05 10:38:01.539000,30.9,30.9,30.95,5759811.0
2018-01-05 10:38:05.123000,30.9,30.9,30.95,5759811.0
2018-01-05 10:38:11.963000,30.9,30.9,30.95,5759811.0
2018-01-05 10:38:19.232000,30.9,30.9,30.95,5759811.0
2018-01-05 10:38:23.442000,30.9,30.9,30.95,5759811.0
2018-01-05 10:38:27.377000,30.9,30.9,30.95,5759811.0
2018-01-05 10:38:31.240000,30.9,30.9,30.95,5759811.0
2018-01-05 10:38:35.093000,30.9,30.9,30.95,5759811.0
2018-01-05 10:38:38.254000,30.9,30.9,30.95,5759811.0
2018-01-05 10:38:41.252000,30.9,30.9,30.95,5759811.0
2018-01-05 10:38:43.985000,30.9,30.9,30.95,5759811.0
2018-01-05 10:38:47.389000,30.9,30.9,30.95,5759811.0
2018-01-05 10:38:51.674000,30.9,30.9,30.95,5759811.0
2018-01-05 10:38:55.378000,30.9,30.9,30.95,5759811.0
2018-01-05 10:38:58.496000,30.9,30.9,30.95,5759811.0
2018-01-05 10:39:02.315000,30.9,30.9,30.95,5759811.0
2018-01-05 10:39:05.054000,30.9,30.9,30.95,5759811.0
2018-01-05 10:39:09.061000,30.9,30.9,30.95,5759811.0
2018-01-05 10:39:13.327000,30.9,30.9,30.95,5759811.0
2018-01-05 10:39:16.377000,30.9,30.9,30.95,5914811.0
2018-01-05 10:39:19.644000,30.9,30.9,30.95,5914811.0
2018-01-05 10:39:22.983000,30.9,30.9,30.95,5914811.0
2018-01-05 10:39:26.435000,30.9,30.9,30.95,5914811.0
2018-01-05 10:39:29.919000,30.9,30.9,30.95,5914811.0
2018-01-05 10:39:33.372000,30.9,30.9,30.95,5914811.0
2018-01-05 10:39:37.002000,30.9,30.9,30.95,5914811.0
2018-01-05 10:39:40.910000,30.9,30.9,30.95,5914811.0
2018-01-05 10:39:44.301000,30.9,30.9,30.95,5914811.0
2018-01-05 10:39:47.591000,30.9,30.9,30.95,5914811.0
2018-01-05 10:39:50.857000,30.9,30.9,30.95,5914811.0
2018-01-05 10:39:54.372000,30.9,30.9,30.95,5914811.0
2018-01-05 10:39:58.557000,30.9,30.9,30.95,5914811.0
2018-01-05 10:40:02.020000,30.9,30.9,30.95,5914811.0
2018-01-05 10:40:07.662000,30.9,30.9,30.95,5914811.0
2018-01-05 10:40:11.710000,30.9,30.9,30.95,5914811.0
2018-01-05 10:40:17.886000,30.9,30.9,30.95,5914811.0
2018-01-05 10:40:21.301000,30.9,30.9,30.95,5914811.0
2018-01-05 10:40:25.237000,30.95,30.9,30.95,5924811.0
2018-01-05 10:40:28.564000,30.95,30.9,30.95,5924811.0
2018-01-05 10:40:32.130000,30.95,30.9,30.95,5924811.0
2018-01-05 10:40:36.358000,30.95,30.9,30.95,5924811.0
2018-01-05 10:40:39.742000,30.95,30.9,30.95,5924811.0
2018-01-05 10:40:43.025000,30.95,30.9,30.95,5924811.0
2018-01-05 10:40:46.314000,30.95,30.9,30.95,5924811.0
2018-01-05 10:40:49.595000,30.95,30.9,30.95,5924811.0
2018-01-05 10:40:52.983000,30.95,30.9,30.95,5924811.0
2018-01-05 10:40:56.705000,30.95,30.9,30.95,5924811.0
2018-01-05 10:41:00.633000,30.95,30.9,30.95,5924811.0
2018-01-05 10:41:07.054000,30.95,30.9,30.95,5924811.0
2018-01-05 10:41:12.565000,30.95,30.9,30.95,5924811.0
2018-01-05 10:41:16.352000,30.95,30.9,30.95,5924811.0
2018-01-05 10:41:23.259000,30.95,30.9,30.95,5924811.0
2018-01-05 10:41:26.999000,30.95,30.9,30.95,5924811.0
2018-01-05 10:41:30.290000,30.95,30.9,30.95,5924811.0
2018-01-05 10:41:33.549000,30.95,30.9,30.95,5924811.0
2018-01-05 10:41:36.996000,30.95,30.9,30.95,5924811.0
2018-01-05 10:41:40.346000,30.95,30.9,30.95,5924811.0
2018-01-05 10:41:43.746000,30.9,30.9,30.95,5925811.0
2018-01-05 10:41:47.426000,30.9,30.9,30.95,5925811.0
2018-01-05 10:41:51.259000,30.9,30.9,30.95,5925811.0
2018-01-05 10:41:55.009000,30.9,30.9,30.95,5925811.0
2018-01-05 10:41:58.735000,30.9,30.9,30.95,5925811.0
2018-01-05 10:42:05.781000,30.9,30.9,30.95,5925811.0
2018-01-05 10:42:10.222000,30.9,30.9,30.95,5925811.0
2018-01-05 10:42:13.983000,30.9,30.9,30.95,5925811.0
2018-01-05 10:42:17.666000,30.9,30.9,30.95,5925811.0
2018-01-05 10:42:21.469000,30.9,30.9,30.95,5925811.0
2018-01-05 10:42:25.209000,30.9,30.9,30.95,5925811.0
2018-01-05 10:42:29.166000,30.9,30.9,30.95,5925811.0
2018-01-05 10:42:32.879000,30.9,30.9,30.95,5925811.0
2018-01-05 10:42:36.885000,30.9,30.9,30.95,5925811.0
2018-01-05 10:42:40.735000,30.9,30.9,30.95,5925811.0
2018-01-05 10:42:44.016000,30.9,30.9,30.95,5925811.0
2018-01-05 10:42:47.845000,30.95,30.9,30.95,5933811.0
2018-01-05 10:42:51.664000,30.95,30.95,31.0,6228311.0
2018-01-05 10:42:55.310000,30.95,30.95,31.0,6228311.0
2018-01-05 10:42:59.364000,30.95,30.95,31.0,6228311.0
2018-01-05 10:43:02.917000,30.95,30.95,31.0,6228311.0
2018-01-05 10:43:06.416000,30.95,30.95,31.0,6228311.0
2018-01-05 10:43:13.207000,30.95,30.95,31.0,6228311.0
2018-01-05 10:43:21.561000,30.95,30.95,31.0,6228311.0
2018-01-05 10:43:25.442000,30.95,30.95,31.0,6228311.0
2018-01-05 10:43:29.433000,30.95,30.95,31.0,6228311.0
2018-01-05 10:43:33.099000,30.95,30.95,31.0,6228311.0
2018-01-05 10:43:36.883000,30.95,30.95,31.0,6228311.0
2018-01-05 10:43:40.649000,30.95,30.95,31.0,6228311.0
2018-01-05 10:43:43.846000,30.95,30.95,31.0,6228311.0
2018-01-05 10:43:47.389000,30.95,30.95,31.0,6228311.0
2018-01-05 10:43:51.342000,30.95,30.95,31.0,6228311.0
2018-01-05 10:43:54.890000,30.95,30.95,31.0,6228311.0
2018-01-05 10:43:58.803000,30.95,30.95,31.0,6228311.0
2018-01-05 10:44:02.161000,30.95,30.95,31.0,6228311.0
2018-01-05 10:44:05.515000,30.95,30.95,31.0,6228311.0
2018-01-05 10:44:09.334000,30.95,30.95,31.0,6228311.0
2018-01-05 10:44:14.318000,30.95,30.95,31.0,6228311.0
2018-01-05 10:44:18.037000,30.95,30.95,31.0,6228311.0
2018-01-05 10:44:21.934000,30.95,30.95,31.0,6228311.0
2018-01-05 10:44:25.722000,30.95,30.95,31.0,6228311.0
2018-01-05 10:44:29.828000,30.95,30.95,31.0,6228311.0
2018-01-05 10:44:33.218000,30.95,30.95,31.0,6228311.0
2018-01-05 10:44:36.331000,30.95,30.95,31.0,6228311.0
2018-01-05 10:44:39.800000,30.95,30.95,31.0,6228311.0
2018-01-05 10:44:43.698000,30.95,30.95,31.0,6228311.0
2018-01-05 10:44:47.481000,30.95,30.95,31.0,6228311.0
2018-01-05 10:44:50.844000,30.95,30.95,31.0,6228311.0
2018-01-05 10:44:54.219000,30.95,30.95,31.0,6228311.0
2018-01-05 10:44:57.907000,30.95,30.95,31.0,6228311.0
2018-01-05 10:45:01.454000,30.95,30.95,31.0,6228311.0
2018-01-05 10:45:07.445000,30.95,30.95,31.0,6228311.0
2018-01-05 10:45:11.348000,30.95,30.95,31.0,6338311.0
2018-01-05 10:45:14.885000,30.95,30.95,31.0,6338311.0
2018-01-05 10:45:18.573000,30.95,30.95,31.0,6338311.0
2018-01-05 10:45:22.422000,30.95,30.95,31.0,6338311.0
2018-01-05 10:45:25.464000,30.95,30.95,31.0,6338311.0
2018-01-05 10:45:29.220000,30.95,30.95,31.0,6338311.0
2018-01-05 10:45:32.907000,30.95,30.95,31.0,6338311.0
2018-01-05 10:45:36.282000,30.95,30.95,31.0,6338311.0
2018-01-05 10:45:39.767000,30.95,30.95,31.0,6338311.0
2018-01-05 10:45:43.742000,30.95,30.95,31.0,6338311.0
2018-01-05 10:45:47.718000,30.95,30.95,31.0,6338311.0
2018-01-05 10:45:51.474000,30.95,30.95,31.0,6338311.0
2018-01-05 10:45:54.896000,30.95,30.95,31.0,6338311.0
2018-01-05 10:45:58.583000,30.95,30.95,31.0,6338311.0
2018-01-05 10:46:01.772000,30.95,30.95,31.0,6338311.0
2018-01-05 10:46:06.617000,30.95,30.95,31.0,6338311.0
2018-01-05 10:46:10.521000,30.95,30.95,31.0,6338311.0
2018-01-05 10:46:14.205000,30.95,30.95,31.0,6338311.0
2018-01-05 10:46:18.074000,30.95,30.95,31.0,6338311.0
2018-01-05 10:46:21.909000,30.95,30.95,31.0,6338311.0
2018-01-05 10:46:25.044000,30.95,30.95,31.0,6338311.0
2018-01-05 10:46:28.543000,30.95,30.95,31.0,6338311.0
2018-01-05 10:46:32.636000,30.95,30.95,31.0,6338311.0
2018-01-05 10:46:36.609000,30.95,30.95,31.0,6338311.0
2018-01-05 10:46:41.027000,30.95,30.95,31.0,6338311.0
2018-01-05 10:46:46.791000,30.95,30.95,31.0,6338311.0
2018-01-05 10:46:50.072000,30.95,30.95,31.0,6338311.0
2018-01-05 10:46:53.028000,30.95,30.95,31.0,6338311.0
2018-01-05 10:46:56.722000,30.95,30.95,31.0,6338311.0
2018-01-05 10:47:00.060000,30.95,30.95,31.0,6338311.0
2018-01-05 10:47:05.388000,30.95,30.95,31.0,6338311.0
2018-01-05 10:47:09.798000,30.95,30.95,31.0,6338311.0
2018-01-05 10:47:16.143000,30.95,30.95,31.0,6338311.0
2018-01-05 10:47:19.436000,30.95,30.95,31.0,6663811.0
2018-01-05 10:47:23.385000,30.95,30.95,31.0,6663811.0
2018-01-05 10:47:26.263000,30.95,30.95,31.0,6663811.0
2018-01-05 10:47:29.655000,30.95,30.95,31.0,6663811.0
2018-01-05 10:47:32.958000,30.95,30.95,31.0,6663811.0
2018-01-05 10:47:36.764000,30.95,30.95,31.0,6663811.0
2018-01-05 10:47:40.452000,30.95,30.95,31.0,6663811.0
2018-01-05 10:47:43.639000,30.95,30.95,31.0,6663811.0
2018-01-05 10:47:47.389000,30.95,30.95,31.0,6663811.0
2018-01-05 10:47:51.321000,30.95,30.95,31.0,6663811.0
2018-01-05 10:47:54.772000,30.95,30.95,31.0,6663811.0
2018-01-05 10:47:58.511000,30.95,30.95,31.0,6663811.0
2018-01-05 10:48:02.834000,30.95,30.95,31.0,6663811.0
2018-01-05 10:48:08.282000,30.95,30.95,31.0,7215811.0
2018-01-05 10:48:13.640000,30.95,30.95,31.0,7215811.0
2018-01-05 10:48:17.874000,30.95,30.95,31.0,7215811.0
2018-01-05 10:48:21.472000,30.95,30.95,31.0,7215811.0
2018-01-05 10:48:25.400000,30.95,30.95,31.0,7215811.0
2018-01-05 10:48:28.566000,30.95,30.95,31.0,7215811.0
2018-01-05 10:48:32.447000,30.95,30.95,31.0,7215811.0
2018-01-05 10:48:36.616000,30.95,30.95,31.0,7215811.0
2018-01-05 10:48:40.481000,30.95,30.95,31.0,7215811.0
2018-01-05 10:48:43.694000,30.95,30.95,31.0,7215811.0
2018-01-05 10:48:47.093000,30.95,30.95,31.0,7215811.0
2018-01-05 10:48:50.951000,30.95,30.95,31.0,7215811.0
2018-01-05 10:48:54.419000,30.95,30.95,31.0,7215811.0
2018-01-05 10:48:58.031000,30.95,30.95,31.0,7215811.0
2018-01-05 10:49:01.451000,30.95,30.95,31.0,7215811.0
2018-01-05 10:49:04.873000,30.95,30.95,31.0,7215811.0
2018-01-05 10:49:10.358000,30.95,30.95,31.0,7221101.0
2018-01-05 10:49:14.162000,30.95,30.95,31.0,7221101.0
2018-01-05 10:49:17.566000,30.95,30.95,31.0,7221101.0
2018-01-05 10:49:20.857000,30.95,30.95,31.0,7221101.0
2018-01-05 10:49:24.536000,30.95,30.95,31.0,7221101.0
2018-01-05 10:49:27.771000,30.95,30.95,31.0,7221101.0
2018-01-05 10:49:31.755000,30.95,30.95,31.0,7221101.0
2018-01-05 10:49:35.417000,30.95,30.95,31.0,7221101.0
2018-01-05 10:49:39.126000,30.95,30.95,31.0,7221101.0
2018-01-05 10:49:42.659000,30.95,30.95,31.0,7221101.0
2018-01-05 10:49:46.587000,30.95,30.95,31.0,7221101.0
2018-01-05 10:49:50.290000,30.95,30.95,31.0,7221101.0
2018-01-05 10:49:53.827000,30.95,30.95,31.0,7221101.0
2018-01-05 10:49:56.690000,30.95,30.95,31.0,7221101.0
2018-01-05 10:50:00.159000,30.95,30.95,31.0,7221101.0
2018-01-05 10:50:03.846000,30.95,30.95,31.0,7221101.0
2018-01-05 10:50:07.299000,30.95,30.9,30.95,7525101.0
2018-01-05 10:50:10.956000,30.95,30.9,30.95,7525101.0
2018-01-05 10:50:14.015000,30.95,30.9,30.95,7525101.0
2018-01-05 10:50:17.388000,30.95,30.9,30.95,7525101.0
2018-01-05 10:50:21.509000,30.95,30.9,30.95,7525101.0
2018-01-05 10:50:24.691000,30.95,30.9,30.95,7525101.0
2018-01-05 10:50:28.043000,30.95,30.9,30.95,7525101.0
2018-01-05 10:50:31.910000,30.95,30.9,30.95,7525101.0
2018-01-05 10:50:35.635000,30.95,30.9,30.95,7525101.0
2018-01-05 10:50:38.806000,30.95,30.9,30.95,7525101.0
2018-01-05 10:50:42,30.95,30.9,30.95,7525101.0
2018-01-05 10:50:45.863000,30.95,30.9,30.95,7525101.0
2018-01-05 10:50:49.032000,30.95,30.9,30.95,7525101.0
2018-01-05 10:50:52.707000,30.95,30.9,30.95,7525101.0
2018-01-05 10:50:56.541000,30.95,30.9,30.95,7525101.0
2018-01-05 10:51:00.267000,30.95,30.9,30.95,7525101.0
2018-01-05 10:51:04.257000,30.95,30.9,30.95,7525101.0
2018-01-05 10:51:07.423000,30.95,30.9,30.95,7525101.0
2018-01-05 10:51:11.857000,30.95,30.9,30.95,7525101.0
2018-01-05 10:51:17.730000,30.95,30.9,30.95,7525101.0
2018-01-05 10:51:21.091000,30.95,30.9,30.95,7525101.0
2018-01-05 10:51:24.495000,30.95,30.9,30.95,7525101.0
2018-01-05 10:51:28.330000,30.95,30.9,30.95,7525101.0
2018-01-05 10:51:31.939000,30.95,30.9,30.95,7525101.0
2018-01-05 10:51:35.408000,30.95,30.9,30.95,7525101.0
2018-01-05 10:51:39.289000,30.95,30.9,30.95,7525101.0
2018-01-05 10:51:42.867000,30.95,30.9,30.95,7525101.0
2018-01-05 10:51:46.017000,30.95,30.9,30.95,7525101.0
2018-01-05 10:51:50.013000,30.95,30.9,30.95,7525101.0
2018-01-05 10:51:53.784000,30.95,30.9,30.95,7525101.0
2018-01-05 10:51:57.631000,30.95,30.9,30.95,7525101.0
2018-01-05 10:52:01.191000,30.95,30.9,30.95,7525101.0
2018-01-05 10:52:04.840000,30.95,30.9,30.95,7525101.0
2018-01-05 10:52:08.045000,30.95,30.9,30.95,7525101.0
2018-01-05 10:52:11.615000,30.95,30.9,30.95,7525101.0
2018-01-05 10:52:15.419000,30.95,30.9,30.95,7525101.0
2018-01-05 10:52:23.480000,30.95,30.9,30.95,7525101.0
2018-01-05 10:52:27.178000,30.95,30.9,30.95,7525101.0
2018-01-05 10:52:30.391000,30.95,30.9,30.95,7525101.0
2018-01-05 10:52:34.066000,31.0,30.95,31.0,7549229.0
2018-01-05 10:52:38,31.0,30.95,31.0,7549229.0
2018-01-05 10:52:41.747000,31.0,30.95,31.0,7549229.0
2018-01-05 10:52:45.552000,31.0,30.95,31.0,7549229.0
2018-01-05 10:52:49.704000,31.0,30.95,31.0,7549229.0
2018-01-05 10:52:53.397000,31.0,30.95,31.0,7549229.0
2018-01-05 10:52:57.326000,31.0,30.95,31.0,7549229.0
2018-01-05 10:52:59.854000,31.0,30.95,31.0,7549229.0
2018-01-05 10:53:04.629000,31.0,30.95,31.0,7549229.0
2018-01-05 10:53:10.015000,31.0,30.95,31.0,7549229.0
2018-01-05 10:53:13.993000,31.0,30.95,31.0,7549229.0
2018-01-05 10:53:17.129000,31.0,30.95,31.0,7549229.0
2018-01-05 10:53:20.661000,31.0,30.95,31.0,7549229.0
2018-01-05 10:53:24.433000,31.0,30.95,31.0,7549229.0
2018-01-05 10:53:28.590000,31.0,30.95,31.0,7549229.0
2018-01-05 10:53:32.484000,31.0,30.95,31.0,7549229.0
2018-01-05 10:53:36.208000,31.0,30.95,31.0,7549229.0
2018-01-05 10:53:39.772000,31.0,30.95,31.0,7549229.0
2018-01-05 10:53:43.530000,31.0,30.95,31.0,7549229.0
2018-01-05 10:53:46.980000,31.0,30.95,31.0,7549229.0
2018-01-05 10:53:49.796000,31.0,30.95,31.0,7549229.0
2018-01-05 10:53:53.489000,31.0,30.95,31.0,7549229.0
2018-01-05 10:53:57.303000,31.0,30.95,31.0,7549229.0
2018-01-05 10:54:01.125000,31.0,30.95,31.0,7549229.0
2018-01-05 10:54:04.496000,31.0,30.95,31.0,7549229.0
2018-01-05 10:54:08.029000,31.0,30.95,31.0,7549229.0
2018-01-05 10:54:11.429000,31.0,30.95,31.0,7549229.0
2018-01-05 10:54:14.912000,31.0,30.95,31.0,7549229.0
2018-01-05 10:54:18.302000,31.0,30.95,31.0,7549229.0
2018-01-05 10:54:21.663000,31.0,30.95,31.0,7549229.0
2018-01-05 10:54:25.366000,31.0,30.95,31.0,7549229.0
2018-01-05 10:54:29.363000,31.0,30.95,31.0,7549229.0
2018-01-05 10:54:32.451000,31.0,30.95,31.0,7549229.0
2018-01-05 10:54:35.773000,31.0,30.95,31.0,7549229.0
2018-01-05 10:54:39.179000,31.0,30.95,31.0,7549229.0
2018-01-05 10:54:42.422000,31.0,30.95,31.0,7549229.0
2018-01-05 10:54:46.083000,31.0,30.95,31.0,7549229.0
2018-01-05 10:54:49.742000,31.0,30.95,31.0,7549229.0
2018-01-05 10:54:53.085000,31.0,30.95,31.0,7549229.0
2018-01-05 10:54:56.517000,31.0,30.95,31.0,7549229.0
2018-01-05 10:55:00.336000,31.0,30.95,31.0,7549229.0
2018-01-05 10:55:03.701000,31.0,30.95,31.0,7549229.0
2018-01-05 10:55:10.221000,30.95,30.95,31.0,7632449.0
2018-01-05 10:55:13.028000,30.95,30.95,31.0,7632449.0
2018-01-05 10:55:16.614000,30.95,30.95,31.0,7632449.0
2018-01-05 10:55:20.542000,30.95,30.95,31.0,7632449.0
2018-01-05 10:55:24.198000,30.95,30.95,31.0,7632449.0
2018-01-05 10:55:27.207000,30.95,30.95,31.0,7632449.0
2018-01-05 10:55:30.676000,30.95,30.95,31.0,7632449.0
2018-01-05 10:55:33.490000,30.95,30.95,31.0,7632449.0
2018-01-05 10:55:37.265000,30.95,30.95,31.0,7632449.0
2018-01-05 10:55:40.952000,30.95,30.95,31.0,7632449.0
2018-01-05 10:55:44.756000,30.95,30.95,31.0,7632449.0
2018-01-05 10:55:48.532000,30.95,30.95,31.0,7632449.0
2018-01-05 10:55:51.538000,30.95,30.95,31.0,7632449.0
2018-01-05 10:55:55.387000,30.95,30.95,31.0,7632449.0
2018-01-05 10:55:58.737000,30.95,30.95,31.0,7632449.0
2018-01-05 10:56:02.512000,30.95,30.95,31.0,7632449.0
2018-01-05 10:56:07.778000,30.95,30.95,31.0,7632449.0
2018-01-05 10:56:11.340000,30.95,30.95,31.0,7632449.0
2018-01-05 10:56:15.184000,30.95,30.95,31.0,7632449.0
2018-01-05 10:56:18.900000,30.95,30.95,31.0,7632449.0
2018-01-05 10:56:22.572000,30.95,30.95,31.0,7632449.0
2018-01-05 10:56:26.185000,30.95,30.95,31.0,7786949.0
2018-01-05 10:56:29.828000,30.95,30.95,31.0,7786949.0
2018-01-05 10:56:35.127000,30.95,30.95,31.0,7786949.0
2018-01-05 10:56:38.913000,30.95,30.95,31.0,7786949.0
2018-01-05 10:56:42.935000,30.95,30.95,31.0,7786949.0
2018-01-05 10:56:47.585000,30.95,30.95,31.0,7786949.0
2018-01-05 10:56:54.501000,30.95,30.95,31.0,7786949.0
2018-01-05 10:57:00.311000,30.95,30.95,31.0,7786949.0
2018-01-05 10:57:05.576000,30.95,30.9,31.0,7802949.0
2018-01-05 10:57:10.873000,30.95,30.9,31.0,7802949.0
2018-01-05 10:57:16.105000,30.95,30.9,31.0,7802949.0
2018-01-05 10:57:20.027000,30.95,30.9,31.0,7802949.0
2018-01-05 10:57:24.080000,30.95,30.9,31.0,7802949.0
2018-01-05 10:57:27.736000,30.95,30.9,31.0,7802949.0
2018-01-05 10:57:31.891000,30.95,30.9,31.0,7802949.0
2018-01-05 10:57:35.692000,30.95,30.9,31.0,7802949.0
2018-01-05 10:57:39.449000,30.95,30.9,31.0,7802949.0
2018-01-05 10:57:42.802000,30.95,30.9,31.0,7802949.0
2018-01-05 10:57:46.590000,30.95,30.9,31.0,7802949.0
2018-01-05 10:57:50.316000,30.95,30.9,31.0,7802949.0
2018-01-05 10:57:54.030000,30.95,30.95,31.0,7917949.0
2018-01-05 10:57:57.818000,30.95,30.95,31.0,7917949.0
2018-01-05 10:58:01.452000,30.95,30.95,31.0,7917949.0
2018-01-05 10:58:05.444000,30.95,30.95,31.0,7917949.0
2018-01-05 10:58:10.140000,30.95,30.95,31.0,7917949.0
2018-01-05 10:58:16.310000,30.95,30.95,31.0,7917949.0
2018-01-05 10:58:20.307000,30.95,30.95,31.0,7917949.0
2018-01-05 10:58:24.156000,30.95,30.95,31.0,7917949.0
2018-01-05 10:58:27.953000,30.95,30.9,31.0,8133949.0
2018-01-05 10:58:31.888000,30.95,30.9,31.0,8133949.0
2018-01-05 10:58:36.041000,30.95,30.9,31.0,8133949.0
2018-01-05 10:58:39.776000,30.95,30.9,31.0,8133949.0
2018-01-05 10:58:43.563000,30.95,30.9,31.0,8133949.0
2018-01-05 10:58:47.288000,30.95,30.9,31.0,8133949.0
2018-01-05 10:58:51.045000,30.95,30.9,31.0,8133949.0
2018-01-05 10:58:53.920000,30.95,30.9,31.0,8133949.0
2018-01-05 10:58:57.352000,30.95,30.9,31.0,8133949.0
2018-01-05 10:59:01.194000,30.95,30.9,31.0,8133949.0
2018-01-05 10:59:04.438000,30.95,30.9,31.0,8133949.0
2018-01-05 10:59:08.507000,30.95,30.9,31.0,8133949.0
2018-01-05 10:59:12.279000,30.95,30.9,31.0,8133949.0
2018-01-05 10:59:15.940000,30.95,30.9,31.0,8133949.0
2018-01-05 10:59:19.234000,30.95,30.9,31.0,8133949.0
2018-01-05 10:59:22.750000,30.95,30.9,31.0,8133949.0
2018-01-05 10:59:26.520000,30.95,30.9,31.0,8133949.0
2018-01-05 10:59:30.402000,31.0,30.95,31.0,8254949.0
2018-01-05 10:59:33.900000,31.0,30.95,31.0,8254949.0
2018-01-05 10:59:37.164000,31.0,30.95,31.0,8254949.0
2018-01-05 10:59:40.724000,31.0,30.95,31.0,8254949.0
2018-01-05 10:59:44.559000,31.0,30.95,31.0,8254949.0
2018-01-05 10:59:48.126000,31.0,30.95,31.0,8254949.0
2018-01-05 10:59:52.052000,31.0,30.95,31.0,8254949.0
2018-01-05 10:59:55.110000,31.0,30.95,31.0,8254949.0
2018-01-05 10:59:58.513000,31.0,30.95,31.0,8254949.0
2018-01-05 11:00:03.251000,31.0,30.95,31.0,8254949.0
2018-01-05 11:00:09.775000,31.0,30.95,31.0,8254949.0
2018-01-05 11:00:13.757000,31.0,30.95,31.0,8254949.0
2018-01-05 11:00:17.398000,31.0,30.95,31.0,8287949.0
2018-01-05 11:00:21.247000,31.0,30.95,31.0,8287949.0
2018-01-05 11:00:25.236000,31.0,30.95,31.0,8287949.0
2018-01-05 11:00:28.198000,31.0,30.95,31.0,8287949.0
2018-01-05 11:00:31.669000,31.0,30.95,31.0,8287949.0
2018-01-05 11:00:35.248000,31.0,30.95,31.0,8287949.0
2018-01-05 11:00:39.338000,31.0,30.95,31.0,8287949.0
2018-01-05 11:00:43.127000,31.0,30.95,31.0,8287949.0
2018-01-05 11:00:46.658000,31.0,30.95,31.0,8287949.0
2018-01-05 11:00:50.268000,31.0,30.95,31.0,8287949.0
2018-01-05 11:00:53.673000,31.0,30.95,31.0,8287949.0
2018-01-05 11:00:57.811000,31.0,30.95,31.0,8287949.0
2018-01-05 11:01:01.591000,31.0,30.95,31.0,8287949.0
2018-01-05 11:01:06.858000,31.0,30.95,31.0,8287949.0
2018-01-05 11:01:10.232000,31.0,30.95,31.0,8292949.0
2018-01-05 11:01:13.893000,31.0,30.95,31.0,8292949.0
2018-01-05 11:01:17.854000,31.0,30.95,31.0,8292949.0
2018-01-05 11:01:21.611000,31.0,30.95,31.0,8292949.0
2018-01-05 11:01:24.976000,31.0,30.95,31.0,8292949.0
2018-01-05 11:01:28.924000,31.0,30.95,31.0,8292949.0
2018-01-05 11:01:32.493000,31.0,30.95,31.0,8292949.0
2018-01-05 11:01:36.484000,31.0,30.95,31.0,8292949.0
2018-01-05 11:01:39.906000,31.0,30.95,31.0,8292949.0
2018-01-05 11:01:43.437000,31.0,30.95,31.0,8292949.0
2018-01-05 11:01:46.775000,31.0,30.95,31.0,8292949.0
2018-01-05 11:01:50.693000,31.0,30.95,31.0,8292949.0
2018-01-05 11:01:54.060000,31.0,30.95,31.0,8292949.0
2018-01-05 11:01:57.846000,31.0,30.95,31.0,8292949.0
2018-01-05 11:02:01.443000,31.0,30.95,31.0,8292949.0
2018-01-05 11:02:06.297000,31.0,30.95,31.0,8292949.0
2018-01-05 11:02:10.265000,31.0,30.95,31.0,8315659.0
2018-01-05 11:02:14.174000,31.0,30.95,31.0,8315659.0
2018-01-05 11:02:17.945000,31.0,30.95,31.0,8315659.0
2018-01-05 11:02:21.347000,31.0,30.95,31.0,8315659.0
2018-01-05 11:02:25.228000,31.0,30.95,31.0,8315659.0
2018-01-05 11:02:28.410000,30.95,30.95,31.0,8548159.0
2018-01-05 11:02:31.497000,30.95,30.95,31.0,8548159.0
2018-01-05 11:02:35.270000,30.95,30.95,31.0,8548159.0
2018-01-05 11:02:38.801000,30.95,30.95,31.0,8548159.0
2018-01-05 11:02:42.527000,30.95,30.95,31.0,8548159.0
2018-01-05 11:02:46.088000,30.95,30.95,31.0,8548159.0
2018-01-05 11:02:49.636000,30.95,30.95,31.0,8548159.0
2018-01-05 11:02:53.534000,30.95,30.95,31.0,8548159.0
2018-01-05 11:02:56.667000,30.95,30.95,31.0,8548159.0
2018-01-05 11:03:00.611000,30.95,30.95,31.0,8548159.0
2018-01-05 11:03:04.608000,30.95,30.95,31.0,8548159.0
2018-01-05 11:03:10.526000,31.0,30.95,31.0,8879159.0
2018-01-05 11:03:14.544000,31.0,30.95,31.0,8879159.0
2018-01-05 11:03:19.993000,31.0,30.95,31.0,8879159.0
2018-01-05 11:03:23.462000,31.0,30.95,31.0,8879159.0
2018-01-05 11:03:27.405000,31.0,30.95,31.0,8879159.0
2018-01-05 11:03:31.575000,31.0,30.95,31.0,8879159.0
2018-01-05 11:03:35.645000,31.0,30.95,31.0,8879159.0
2018-01-05 11:03:39.259000,31.0,30.95,31.0,8879159.0
2018-01-05 11:03:42.915000,31.0,30.95,31.0,8879159.0
2018-01-05 11:03:46.609000,31.0,30.95,31.0,8879159.0
2018-01-05 11:03:50.241000,31.0,30.95,31.0,8879159.0
2018-01-05 11:03:54.022000,31.0,30.95,31.0,8879159.0
2018-01-05 11:03:57.522000,31.0,30.95,31.0,8879159.0
2018-01-05 11:04:00.564000,31.0,30.95,31.0,8879159.0
2018-01-05 11:04:04.214000,31.0,30.95,31.0,8879159.0
2018-01-05 11:04:10.648000,31.0,30.95,31.0,8879159.0
2018-01-05 11:04:14.413000,31.0,30.95,31.0,8879159.0
2018-01-05 11:04:18.460000,31.0,30.95,31.0,8879159.0
2018-01-05 11:04:22.357000,31.0,30.95,31.0,8879159.0
2018-01-05 11:04:25.731000,31.0,30.95,31.0,8879159.0
2018-01-05 11:04:29.544000,31.0,30.95,31.0,8879159.0
2018-01-05 11:04:32.492000,31.0,30.95,31.0,8879159.0
2018-01-05 11:04:36.311000,31.0,30.95,31.0,8879159.0
2018-01-05 11:04:40.432000,31.0,30.95,31.0,8879159.0
2018-01-05 11:04:44.183000,31.0,30.95,31.0,8879159.0
2018-01-05 11:04:47.891000,31.0,30.95,31.0,8879159.0
2018-01-05 11:04:51.998000,30.95,30.95,31.0,9102159.0
2018-01-05 11:04:55.895000,30.95,30.95,31.0,9102159.0
2018-01-05 11:04:59.313000,30.95,30.95,31.0,9102159.0
2018-01-05 11:05:02.670000,30.95,30.95,31.0,9102159.0
2018-01-05 11:05:06.536000,30.95,30.95,31.0,9102159.0
2018-01-05 11:05:11.133000,30.95,30.95,31.0,9102159.0
2018-01-05 11:05:15.098000,30.95,30.95,31.0,9102159.0
2018-01-05 11:05:20.170000,30.95,30.95,31.0,9487659.0
2018-01-05 11:05:23.594000,30.95,30.95,31.0,9487659.0
2018-01-05 11:05:26.930000,30.95,30.95,31.0,9487659.0
2018-01-05 11:05:30.640000,30.95,30.95,31.0,9487659.0
2018-01-05 11:05:34.327000,30.95,30.95,31.0,9487659.0
2018-01-05 11:05:38.433000,30.95,30.95,31.0,9487659.0
2018-01-05 11:05:42.221000,30.95,30.95,31.0,9487659.0
2018-01-05 11:05:46.119000,30.95,30.95,31.0,9487659.0
2018-01-05 11:05:50.131000,30.95,30.95,31.0,9487659.0
2018-01-05 11:05:54.013000,30.95,30.95,31.0,9487659.0
2018-01-05 11:05:57.925000,30.95,30.95,31.0,9487659.0
2018-01-05 11:06:01.728000,30.95,30.95,31.0,9487659.0
2018-01-05 11:06:05.166000,30.95,30.95,31.0,9487659.0
2018-01-05 11:06:08.953000,30.95,30.95,31.0,9487659.0
2018-01-05 11:06:11.719000,30.95,30.95,31.0,9487659.0
2018-01-05 11:06:17.907000,30.9,30.9,30.95,10631231.0
2018-01-05 11:06:31.700000,30.9,30.9,30.95,10631231.0
2018-01-05 11:06:43.886000,30.9,30.9,30.95,10631231.0
2018-01-05 11:06:49.607000,30.9,30.9,30.95,10631231.0
2018-01-05 11:07:01.751000,30.9,30.9,30.95,10631231.0
2018-01-05 11:07:10.299000,30.9,30.9,30.95,10631231.0
2018-01-05 11:07:26.858000,30.9,30.9,30.95,10631231.0
2018-01-05 11:07:34.654000,30.9,30.9,30.95,10631231.0
2018-01-05 11:07:38.440000,30.9,30.9,30.95,10631231.0
2018-01-05 11:07:41.652000,30.9,30.9,30.95,10631231.0
2018-01-05 11:07:44.747000,30.9,30.9,30.95,10631231.0
2018-01-05 11:07:48.830000,30.9,30.9,30.95,10631231.0
2018-01-05 11:07:51.936000,30.9,30.9,30.95,10631231.0
2018-01-05 11:07:55.481000,30.9,30.9,30.95,10631231.0
2018-01-05 11:07:59.503000,30.9,30.9,30.95,10631231.0
2018-01-05 11:08:03.119000,30.9,30.9,30.95,10631231.0
2018-01-05 11:08:06.969000,30.9,30.9,30.95,10631231.0
2018-01-05 11:08:11.002000,30.9,30.9,30.95,10631231.0
2018-01-05 11:08:14.350000,30.9,30.9,30.95,10631231.0
2018-01-05 11:08:18.138000,30.9,30.9,30.95,10631231.0
2018-01-05 11:08:22.003000,30.9,30.9,30.95,10631231.0
2018-01-05 11:08:25.754000,30.9,30.9,30.95,10631231.0
2018-01-05 11:08:29.385000,30.9,30.9,30.95,10631231.0
2018-01-05 11:08:33.439000,30.95,30.9,30.95,10655231.0
2018-01-05 11:08:37.027000,30.95,30.9,30.95,10655231.0
2018-01-05 11:08:40.873000,30.95,30.9,30.95,10655231.0
2018-01-05 11:08:44.774000,30.95,30.9,30.95,10655231.0
2018-01-05 11:08:48.426000,30.95,30.9,30.95,10655231.0
2018-01-05 11:08:51.864000,30.95,30.9,30.95,10655231.0
2018-01-05 11:08:55.443000,30.95,30.9,30.95,10655231.0
2018-01-05 11:08:59.212000,30.95,30.9,30.95,10655231.0
2018-01-05 11:09:02.286000,30.95,30.9,30.95,10655231.0
2018-01-05 11:09:06.883000,30.95,30.9,30.95,10655231.0
2018-01-05 11:09:10.749000,30.95,30.9,30.95,10655231.0
2018-01-05 11:09:14.050000,30.95,30.9,30.95,10655231.0
2018-01-05 11:09:17.656000,30.95,30.9,30.95,10655231.0
2018-01-05 11:09:21.375000,30.95,30.9,30.95,10655231.0
2018-01-05 11:09:24.967000,30.95,30.9,30.95,10655231.0
2018-01-05 11:09:28.948000,30.95,30.9,30.95,10655231.0
2018-01-05 11:09:32.324000,30.95,30.9,30.95,10655231.0
2018-01-05 11:09:35.980000,30.95,30.9,30.95,10655231.0
2018-01-05 11:09:39.744000,30.95,30.9,30.95,10655231.0
2018-01-05 11:09:43.509000,30.95,30.9,30.95,10655231.0
2018-01-05 11:09:46.846000,30.95,30.9,30.95,10655231.0
2018-01-05 11:09:50.922000,30.95,30.9,30.95,10661231.0
2018-01-05 11:09:54.266000,30.95,30.9,30.95,10661231.0
2018-01-05 11:09:58.156000,30.95,30.9,30.95,10661231.0
2018-01-05 11:10:02.106000,30.95,30.9,30.95,10661231.0
2018-01-05 11:10:08.725000,30.95,30.9,30.95,10661231.0
2018-01-05 11:10:12.507000,30.95,30.9,30.95,10661231.0
2018-01-05 11:10:18.682000,30.95,30.9,30.95,10661231.0
2018-01-05 11:10:22.320000,30.95,30.9,30.95,10661231.0
2018-01-05 11:10:26.157000,30.95,30.9,30.95,10661231.0
2018-01-05 11:10:30.457000,30.95,30.9,30.95,10661231.0
2018-01-05 11:10:34.495000,30.95,30.9,30.95,10661231.0
2018-01-05 11:10:38.810000,30.95,30.9,30.95,10661231.0
2018-01-05 11:10:43.065000,30.95,30.9,30.95,10661231.0
2018-01-05 11:10:46.807000,30.95,30.9,30.95,10661231.0
2018-01-05 11:10:49.975000,30.95,30.9,30.95,10661231.0
2018-01-05 11:10:53.606000,30.95,30.9,30.95,10661231.0
2018-01-05 11:10:57.126000,30.95,30.9,30.95,10661231.0
2018-01-05 11:11:00.652000,30.95,30.9,30.95,10681318.0
2018-01-05 11:11:03.880000,30.95,30.9,30.95,10681318.0
2018-01-05 11:11:06.742000,30.95,30.9,30.95,10681318.0
2018-01-05 11:11:10.849000,30.95,30.9,30.95,10681318.0
2018-01-05 11:11:14.668000,30.95,30.9,30.95,10681318.0
2018-01-05 11:11:21.287000,30.95,30.9,30.95,10681318.0
2018-01-05 11:11:24.833000,30.95,30.9,30.95,10681318.0
2018-01-05 11:11:28.428000,30.95,30.9,30.95,10681318.0
2018-01-05 11:11:32.290000,30.95,30.9,30.95,10681318.0
2018-01-05 11:11:36.146000,30.95,30.9,30.95,10681318.0
2018-01-05 11:11:39.957000,30.95,30.9,30.95,10681318.0
2018-01-05 11:11:43.195000,30.95,30.9,30.95,10681318.0
2018-01-05 11:11:46.597000,30.95,30.9,30.95,10681318.0
2018-01-05 11:11:50.625000,30.95,30.9,30.95,10681318.0
2018-01-05 11:11:54.025000,30.95,30.9,30.95,10681318.0
2018-01-05 11:11:57.960000,30.95,30.9,30.95,10681318.0
2018-01-05 11:12:01.188000,30.95,30.9,30.95,10681318.0
2018-01-05 11:12:04.673000,30.95,30.9,30.95,10681318.0
2018-01-05 11:12:07.994000,30.95,30.9,30.95,10681318.0
2018-01-05 11:12:11.844000,30.95,30.9,30.95,10681318.0
2018-01-05 11:12:17.241000,30.95,30.9,30.95,10681318.0
2018-01-05 11:12:21.775000,30.95,30.9,30.95,10681318.0
2018-01-05 11:12:25.449000,30.95,30.9,30.95,10681318.0
2018-01-05 11:12:29.134000,30.95,30.9,30.95,10681318.0
2018-01-05 11:12:33.085000,30.95,30.9,30.95,10700318.0
2018-01-05 11:12:37.160000,30.95,30.9,30.95,10700318.0
2018-01-05 11:12:40.724000,30.95,30.9,30.95,10700318.0
2018-01-05 11:12:44.495000,30.95,30.9,30.95,10700318.0
2018-01-05 11:12:48.120000,30.95,30.9,30.95,10700318.0
2018-01-05 11:12:52.100000,30.95,30.9,30.95,10700318.0
2018-01-05 11:12:55.961000,30.95,30.9,30.95,10700318.0
2018-01-05 11:12:59.717000,30.95,30.9,30.95,10700318.0
2018-01-05 11:13:03.458000,30.95,30.9,30.95,10700318.0
2018-01-05 11:13:08.405000,30.95,30.9,30.95,10700318.0
2018-01-05 11:13:12.365000,30.95,30.9,30.95,10700318.0
2018-01-05 11:13:15.693000,30.95,30.9,30.95,10700318.0
2018-01-05 11:13:19.731000,30.95,30.9,30.95,10700318.0
2018-01-05 11:13:24.793000,30.95,30.9,30.95,10712318.0
2018-01-05 11:13:28.659000,30.95,30.9,30.95,10712318.0
2018-01-05 11:13:32.828000,30.95,30.9,30.95,10712318.0
2018-01-05 11:13:36.375000,30.95,30.9,30.95,10712318.0
2018-01-05 11:13:40.235000,30.95,30.9,30.95,10712318.0
2018-01-05 11:13:43.709000,30.95,30.9,30.95,10712318.0
2018-01-05 11:13:46.969000,30.95,30.9,30.95,10712318.0
2018-01-05 11:13:50.819000,30.95,30.9,30.95,10712318.0
2018-01-05 11:13:54.528000,30.95,30.9,30.95,10712318.0
2018-01-05 11:13:57.594000,30.95,30.9,30.95,10712318.0
2018-01-05 11:14:00.331000,30.95,30.9,30.95,10712318.0
2018-01-05 11:14:07.066000,30.95,30.9,30.95,10712318.0
2018-01-05 11:14:11.026000,30.95,30.9,30.95,10712318.0
2018-01-05 11:14:14.938000,30.95,30.9,30.95,10712318.0
2018-01-05 11:14:18.088000,30.95,30.9,30.95,10712318.0
2018-01-05 11:14:21.798000,30.95,30.9,30.95,10712318.0
2018-01-05 11:14:25.073000,30.95,30.9,30.95,10712318.0
2018-01-05 11:14:29.319000,30.95,30.9,30.95,10712318.0
2018-01-05 11:14:32.806000,30.95,30.9,30.95,10712318.0
2018-01-05 11:14:36.639000,30.95,30.9,30.95,10712318.0
2018-01-05 11:14:39.983000,30.95,30.9,30.95,10739318.0
2018-01-05 11:14:43.545000,30.95,30.9,30.95,10739318.0
2018-01-05 11:14:47.395000,30.95,30.9,30.95,10739318.0
2018-01-05 11:14:51.293000,30.95,30.9,30.95,10739318.0
2018-01-05 11:14:55.204000,30.95,30.9,30.95,10739318.0
2018-01-05 11:14:58.883000,30.95,30.9,30.95,10739318.0
2018-01-05 11:15:03.177000,30.95,30.9,30.95,10739318.0
2018-01-05 11:15:08.259000,30.95,30.9,30.95,10739318.0
2018-01-05 11:15:11.881000,30.95,30.9,30.95,10739318.0
2018-01-05 11:15:15.887000,30.95,30.9,30.95,10739318.0
2018-01-05 11:15:19.465000,30.95,30.9,30.95,10739318.0
2018-01-05 11:15:23.035000,30.95,30.9,30.95,10739318.0
2018-01-05 11:15:28.284000,30.95,30.9,30.95,10739318.0
2018-01-05 11:15:32.014000,30.95,30.9,30.95,10743818.0
2018-01-05 11:15:35.300000,30.95,30.9,30.95,10743818.0
2018-01-05 11:15:38.746000,30.95,30.9,30.95,10743818.0
2018-01-05 11:15:42.302000,30.95,30.9,30.95,10743818.0
2018-01-05 11:15:46.400000,30.95,30.9,30.95,10743818.0
2018-01-05 11:15:50.319000,30.95,30.9,30.95,10743818.0
2018-01-05 11:15:53.897000,30.95,30.9,30.95,10743818.0
2018-01-05 11:15:57.191000,30.95,30.9,30.95,10743818.0
2018-01-05 11:16:00.720000,30.95,30.9,30.95,10743818.0
2018-01-05 11:16:04.142000,30.95,30.9,30.95,10743818.0
2018-01-05 11:16:11.794000,30.95,30.9,30.95,10743818.0
2018-01-05 11:16:15.357000,30.95,30.9,30.95,10743818.0
2018-01-05 11:16:18.888000,30.95,30.9,30.95,10743818.0
2018-01-05 11:16:22.676000,30.95,30.9,30.95,10743818.0
2018-01-05 11:16:26.062000,30.95,30.9,30.95,10956318.0
2018-01-05 11:16:29.979000,30.95,30.9,30.95,10956318.0
2018-01-05 11:16:33.720000,30.95,30.9,30.95,10956318.0
2018-01-05 11:16:36.723000,30.95,30.9,30.95,10956318.0
2018-01-05 11:16:39.648000,30.95,30.9,30.95,10956318.0
2018-01-05 11:16:42.501000,30.95,30.9,30.95,10956318.0
2018-01-05 11:16:46.306000,30.95,30.9,30.95,10956318.0
2018-01-05 11:16:49.768000,30.95,30.9,30.95,10956318.0
2018-01-05 11:16:52.651000,30.95,30.9,30.95,10956318.0
2018-01-05 11:16:56.368000,30.95,30.9,30.95,10956318.0
2018-01-05 11:17:00.158000,30.95,30.9,30.95,10956318.0
2018-01-05 11:17:03.658000,30.95,30.9,30.95,10956318.0
2018-01-05 11:17:08.971000,30.95,30.9,30.95,10956318.0
2018-01-05 11:17:12.680000,30.95,30.9,30.95,10956318.0
2018-01-05 11:17:16.530000,30.95,30.9,30.95,10956318.0
2018-01-05 11:17:20.535000,30.95,30.9,30.95,10956318.0
2018-01-05 11:17:23.625000,30.95,30.9,30.95,10956318.0
2018-01-05 11:17:27.237000,30.95,30.9,30.95,10956318.0
2018-01-05 11:17:31.137000,30.95,30.95,31.0,11385818.0
2018-01-05 11:17:33.900000,30.95,30.95,31.0,11385818.0
2018-01-05 11:17:37.656000,30.95,30.95,31.0,11385818.0
2018-01-05 11:17:41.272000,30.95,30.95,31.0,11385818.0
2018-01-05 11:17:44.897000,30.95,30.95,31.0,11385818.0
2018-01-05 11:17:48.570000,30.95,30.95,31.0,11385818.0
2018-01-05 11:17:51.881000,30.95,30.95,31.0,11385818.0
2018-01-05 11:17:55.782000,30.95,30.95,31.0,11385818.0
2018-01-05 11:17:59.566000,30.95,30.95,31.0,11385818.0
2018-01-05 11:18:03.448000,30.95,30.95,31.0,11385818.0
2018-01-05 11:18:06.801000,30.95,30.95,31.0,11385818.0
2018-01-05 11:18:10.338000,30.95,30.95,31.0,11385818.0
2018-01-05 11:18:14.440000,30.95,30.95,31.0,11385818.0
2018-01-05 11:18:19.367000,30.95,30.95,31.0,11385818.0
2018-01-05 11:18:23.142000,30.95,30.95,31.0,11385818.0
2018-01-05 11:18:26.589000,30.95,30.95,31.0,11385818.0
2018-01-05 11:18:30.110000,30.95,30.95,31.0,11385818.0
2018-01-05 11:18:32.864000,30.95,30.95,31.0,11385818.0
2018-01-05 11:18:36.114000,30.95,30.95,31.0,11385818.0
2018-01-05 11:18:39.530000,30.95,30.95,31.0,11385818.0
2018-01-05 11:18:43.301000,30.95,30.95,31.0,11385818.0
2018-01-05 11:18:46.723000,30.95,30.95,31.0,11385818.0
2018-01-05 11:18:50.589000,30.95,30.95,31.0,11385818.0
2018-01-05 11:18:54.106000,30.95,30.95,31.0,11385818.0
2018-01-05 11:18:57.621000,30.95,30.95,31.0,11385818.0
2018-01-05 11:19:01.339000,30.95,30.95,31.0,11385818.0
2018-01-05 11:19:05.221000,30.95,30.95,31.0,11385818.0
2018-01-05 11:19:10.851000,30.95,30.95,31.0,11385818.0
2018-01-05 11:19:14.365000,30.95,30.95,31.0,11385818.0
2018-01-05 11:19:17.906000,30.95,30.9,30.95,11672318.0
2018-01-05 11:19:21.468000,30.95,30.9,30.95,11672318.0
2018-01-05 11:19:25.365000,30.95,30.9,30.95,11672318.0
2018-01-05 11:19:29.165000,30.95,30.9,30.95,11672318.0
2018-01-05 11:19:32.506000,30.95,30.9,30.95,11672318.0
2018-01-05 11:19:36.058000,30.95,30.9,30.95,11672318.0
2018-01-05 11:19:39.637000,30.95,30.9,30.95,11672318.0
2018-01-05 11:19:43.550000,30.95,30.9,30.95,11672318.0
2018-01-05 11:19:46.924000,30.95,30.9,30.95,11672318.0
2018-01-05 11:19:50.323000,30.95,30.9,30.95,11826318.0
2018-01-05 11:19:54.020000,30.95,30.9,30.95,11826318.0
2018-01-05 11:19:57.994000,30.95,30.9,30.95,11826318.0
2018-01-05 11:20:01.704000,30.95,30.9,30.95,11826318.0
2018-01-05 11:20:05.236000,30.95,30.9,30.95,11826318.0
2018-01-05 11:20:08.829000,30.95,30.9,30.95,11826318.0
2018-01-05 11:20:13.285000,30.95,30.9,30.95,11826318.0
2018-01-05 11:20:16.076000,30.95,30.9,30.95,11826318.0
2018-01-05 11:20:19.538000,30.95,30.9,30.95,11826318.0
2018-01-05 11:20:23.451000,30.95,30.9,30.95,11826318.0
2018-01-05 11:20:27.223000,30.95,30.9,30.95,11826318.0
2018-01-05 11:20:30.592000,30.95,30.9,30.95,11826318.0
2018-01-05 11:20:34.714000,30.95,30.9,30.95,11826318.0
2018-01-05 11:20:38.627000,30.95,30.9,30.95,11826318.0
2018-01-05 11:20:42.017000,30.95,30.9,30.95,11826318.0
2018-01-05 11:20:44.989000,30.95,30.9,30.95,11826318.0
2018-01-05 11:20:48.877000,30.95,30.9,30.95,11826318.0
2018-01-05 11:20:52.775000,30.95,30.9,30.95,11826318.0
2018-01-05 11:20:56.718000,30.95,30.9,30.95,11826318.0
2018-01-05 11:21:00.077000,30.95,30.9,30.95,11826318.0
2018-01-05 11:21:03.944000,30.95,30.9,30.95,11826318.0
2018-01-05 11:21:10.796000,30.95,30.9,30.95,11826318.0
2018-01-05 11:21:14.183000,30.95,30.9,30.95,11826318.0
2018-01-05 11:21:19.609000,30.95,30.9,30.95,13197318.0
2018-01-05 11:21:23.459000,30.95,30.9,30.95,13197318.0
2018-01-05 11:21:27.409000,30.95,30.9,30.95,13197318.0
2018-01-05 11:21:31.128000,30.95,30.9,30.95,13197318.0
2018-01-05 11:21:34.900000,30.95,30.9,30.95,13197318.0
2018-01-05 11:21:37.670000,30.95,30.9,30.95,13197318.0
2018-01-05 11:21:40.468000,30.95,30.9,30.95,13197318.0
2018-01-05 11:21:44.287000,30.95,30.9,30.95,13197318.0
2018-01-05 11:21:47.758000,30.95,30.9,30.95,13197318.0
2018-01-05 11:21:52.035000,30.95,30.9,30.95,13197318.0
2018-01-05 11:21:55.916000,30.95,30.9,30.95,13197318.0
2018-01-05 11:22:00.801000,30.95,30.9,30.95,13197318.0
2018-01-05 11:22:04.457000,30.95,30.9,30.95,13197318.0
2018-01-05 11:22:08.182000,30.95,30.9,30.95,13197318.0
2018-01-05 11:22:11.823000,30.95,30.9,30.95,13197318.0
2018-01-05 11:22:16.080000,30.95,30.9,30.95,13197318.0
2018-01-05 11:22:20.129000,30.95,30.9,30.95,13212818.0
2018-01-05 11:22:23.807000,30.95,30.9,30.95,13212818.0
2018-01-05 11:22:27.783000,30.95,30.9,30.95,13212818.0
2018-01-05 11:22:31.664000,30.95,30.9,30.95,13212818.0
2018-01-05 11:22:35.514000,30.95,30.9,30.95,13212818.0
2018-01-05 11:22:39.255000,30.95,30.9,30.95,13212818.0
2018-01-05 11:22:43.105000,30.95,30.9,30.95,13212818.0
2018-01-05 11:22:46.543000,30.95,30.9,30.95,13212818.0
2018-01-05 11:22:50.439000,30.95,30.9,30.95,13212818.0
2018-01-05 11:22:54.305000,30.95,30.9,30.95,13212818.0
2018-01-05 11:22:58.030000,30.95,30.9,30.95,13212818.0
2018-01-05 11:23:01.370000,30.95,30.9,30.95,13212818.0
2018-01-05 11:23:08.165000,30.95,30.9,30.95,13212818.0
2018-01-05 11:23:12.552000,30.95,30.9,30.95,13212818.0
2018-01-05 11:23:18.156000,30.95,30.9,30.95,13212818.0
2018-01-05 11:23:22.415000,30.95,30.9,30.95,13212818.0
2018-01-05 11:23:26.338000,30.95,30.9,30.95,13212818.0
2018-01-05 11:23:29.843000,30.95,30.9,30.95,13212818.0
2018-01-05 11:23:33.506000,30.95,30.9,30.95,13216818.0
2018-01-05 11:23:36.766000,30.95,30.9,30.95,13216818.0
2018-01-05 11:23:40.616000,30.95,30.9,30.95,13216818.0
2018-01-05 11:23:44.131000,30.95,30.9,30.95,13216818.0
2018-01-05 11:23:47.966000,30.95,30.9,30.95,13216818.0
2018-01-05 11:23:51.894000,30.95,30.9,30.95,13216818.0
2018-01-05 11:23:54.857000,30.95,30.9,30.95,13216818.0
2018-01-05 11:23:58.023000,30.95,30.9,30.95,13216818.0
2018-01-05 11:24:01.317000,30.95,30.9,30.95,13216818.0
2018-01-05 11:24:04.860000,30.95,30.9,30.95,13216818.0
2018-01-05 11:24:12.451000,30.95,30.9,30.95,13216818.0
2018-01-05 11:24:16.013000,30.95,30.9,30.95,13216818.0
2018-01-05 11:24:23.176000,30.95,30.9,30.95,13216818.0
2018-01-05 11:24:26.547000,30.95,30.9,30.95,13216818.0
2018-01-05 11:24:29.477000,30.95,30.9,30.95,13216818.0
2018-01-05 11:24:33.180000,30.95,30.9,30.95,13216818.0
2018-01-05 11:24:37.083000,30.95,30.9,30.95,13216818.0
2018-01-05 11:24:40.358000,30.95,30.9,30.95,13216818.0
2018-01-05 11:24:44.083000,30.95,30.9,30.95,13248818.0
2018-01-05 11:24:47.312000,30.95,30.9,30.95,13248818.0
2018-01-05 11:24:51.173000,30.95,30.9,30.95,13248818.0
2018-01-05 11:24:54.531000,30.95,30.9,30.95,13248818.0
2018-01-05 11:24:57.843000,30.95,30.9,30.95,13248818.0
2018-01-05 11:25:00.931000,30.95,30.9,30.95,13248818.0
2018-01-05 11:25:03.747000,30.95,30.9,30.95,13248818.0
2018-01-05 11:25:06.927000,30.95,30.9,30.95,13248818.0
2018-01-05 11:25:10.761000,30.95,30.9,30.95,13248818.0
2018-01-05 11:25:14.768000,30.95,30.9,30.95,13248818.0
2018-01-05 11:25:18.117000,30.95,30.9,30.95,13248818.0
2018-01-05 11:25:21.831000,30.95,30.9,30.95,13248818.0
2018-01-05 11:25:25.314000,30.95,30.9,30.95,13248818.0
2018-01-05 11:25:29.231000,30.95,30.9,30.95,13248818.0
2018-01-05 11:25:32.843000,30.95,30.9,30.95,13248818.0
2018-01-05 11:25:36.663000,30.95,30.9,30.95,13248818.0
2018-01-05 11:25:40.847000,30.95,30.9,30.95,13271818.0
2018-01-05 11:25:44.362000,30.95,30.9,30.95,13271818.0
2018-01-05 11:25:48.291000,30.95,30.9,30.95,13271818.0
2018-01-05 11:25:52.017000,30.95,30.9,30.95,13271818.0
2018-01-05 11:25:55.835000,30.95,30.9,30.95,13271818.0
2018-01-05 11:25:59.180000,30.95,30.9,30.95,13271818.0
2018-01-05 11:26:02.277000,30.95,30.9,30.95,13271818.0
2018-01-05 11:26:05.567000,30.95,30.9,30.95,13271818.0
2018-01-05 11:26:09.213000,30.95,30.9,30.95,13271818.0
2018-01-05 11:26:12.108000,30.95,30.9,30.95,13271818.0
2018-01-05 11:26:19.566000,30.95,30.9,30.95,13271818.0
2018-01-05 11:26:22.880000,30.95,30.9,30.95,13788818.0
2018-01-05 11:26:26.282000,30.95,30.9,30.95,14988818.0
2018-01-05 11:26:29.670000,30.95,30.9,30.95,14988818.0
2018-01-05 11:26:33.124000,30.95,30.9,30.95,14988818.0
2018-01-05 11:26:36.363000,30.95,30.9,30.95,14988818.0
2018-01-05 11:26:39.953000,30.95,30.9,30.95,14988818.0
2018-01-05 11:26:43.436000,30.95,30.9,30.95,14988818.0
2018-01-05 11:26:47.031000,30.95,30.9,30.95,14988818.0
2018-01-05 11:26:50.595000,30.95,30.9,30.95,14988818.0
2018-01-05 11:26:54.536000,30.95,30.9,30.95,14988818.0
2018-01-05 11:26:58.324000,30.95,30.9,30.95,14988818.0
2018-01-05 11:27:01.599000,30.95,30.9,30.95,14988818.0
2018-01-05 11:27:04.974000,30.95,30.9,30.95,15308318.0
2018-01-05 11:27:11.834000,30.95,30.9,30.95,15308318.0
2018-01-05 11:27:15.553000,30.95,30.9,30.95,15308318.0
2018-01-05 11:27:18.640000,30.95,30.9,30.95,15308318.0
2018-01-05 11:27:22.303000,30.95,30.9,30.95,15308318.0
2018-01-05 11:27:26.137000,30.95,30.9,30.95,15308318.0
2018-01-05 11:27:29.669000,30.95,30.9,30.95,15308318.0
2018-01-05 11:27:33.388000,30.95,30.9,30.95,15308318.0
2018-01-05 11:27:36.488000,30.95,30.9,30.95,15308318.0
2018-01-05 11:27:40.388000,30.95,30.9,30.95,15308318.0
2018-01-05 11:27:43.903000,30.95,30.9,30.95,15308318.0
2018-01-05 11:27:47.676000,30.95,30.9,30.95,15338109.0
2018-01-05 11:27:50.904000,30.95,30.9,30.95,15338109.0
2018-01-05 11:27:54.435000,30.95,30.9,30.95,15338109.0
2018-01-05 11:27:57.842000,30.95,30.9,30.95,15338109.0
2018-01-05 11:28:01.832000,30.95,30.9,30.95,15338109.0
2018-01-05 11:28:09.188000,30.95,30.9,30.95,15338109.0
2018-01-05 11:28:13.016000,30.95,30.9,30.95,15338109.0
2018-01-05 11:28:17.474000,30.95,30.9,30.95,15338109.0
2018-01-05 11:28:21.086000,30.95,30.9,30.95,15338109.0
2018-01-05 11:28:24.473000,30.95,30.9,30.95,15338109.0
2018-01-05 11:28:27.670000,30.95,30.9,30.95,15338109.0
2018-01-05 11:28:31.108000,30.95,30.9,30.95,15338109.0
2018-01-05 11:28:34.717000,30.95,30.9,30.95,15338109.0
2018-01-05 11:28:38.585000,30.95,30.9,30.95,15338109.0
2018-01-05 11:28:41.437000,30.95,30.9,30.95,15338109.0
2018-01-05 11:28:44.884000,30.95,30.9,31.0,15338109.0
2018-01-05 11:28:48.437000,30.95,30.9,31.0,15338109.0
2018-01-05 11:28:52.427000,30.95,30.9,31.0,15338109.0
2018-01-05 11:28:56.851000,30.95,30.9,31.0,15338109.0
2018-01-05 11:29:00.178000,30.95,30.9,31.0,15338109.0
2018-01-05 11:29:03.487000,30.95,30.9,31.0,15338109.0
2018-01-05 11:29:07.283000,30.95,30.9,31.0,15338109.0
2018-01-05 11:29:11.896000,30.95,30.9,31.0,15338109.0
2018-01-05 11:29:15.147000,30.95,30.9,31.0,15338109.0
2018-01-05 11:29:20.334000,30.95,30.9,31.0,15338109.0
2018-01-05 11:29:24.022000,30.95,30.9,31.0,15338109.0
2018-01-05 11:29:28.081000,30.95,30.9,31.0,15338109.0
2018-01-05 11:29:31.341000,30.95,30.9,30.95,15545609.0
2018-01-05 11:29:35.386000,30.95,30.9,30.95,15545609.0
2018-01-05 11:29:38.869000,30.95,30.9,30.95,15545609.0
2018-01-05 11:29:42.938000,30.95,30.9,30.95,15545609.0
2018-01-05 11:29:46.692000,30.95,30.9,30.95,15545609.0
2018-01-05 11:29:50.183000,30.95,30.9,30.95,15545609.0
2018-01-05 11:29:54.128000,30.95,30.9,30.95,15545609.0
2018-01-05 11:29:57.467000,30.95,30.9,30.95,15545609.0
2018-01-05 11:30:00.998000,30.95,30.9,30.95,15545609.0
2018-01-05 11:30:03.860000,30.95,30.95,31.0,16089109.0
2018-01-05 11:30:06.826000,30.95,30.95,31.0,16089109.0
2018-01-05 11:30:10.830000,30.95,30.95,31.0,16089109.0
