time,price,bid,ask,volume
2018-01-08 13:31:04.992000,31.0,30.95,31.0,35864241.0
2018-01-08 13:31:12.445000,31.0,30.95,31.0,35864241.0
2018-01-08 13:31:18.315000,31.0,30.95,31.0,35864241.0
2018-01-08 13:31:21.774000,31.0,30.95,31.0,35864241.0
2018-01-08 13:31:25.442000,31.0,30.95,31.0,35864241.0
2018-01-08 13:31:29.744000,31.0,30.95,31.0,35864241.0
2018-01-08 13:31:33.458000,31.0,30.95,31.0,35864241.0
2018-01-08 13:31:37.618000,31.0,30.95,31.0,35864241.0
2018-01-08 13:31:41.245000,31.0,30.95,31.0,35864241.0
2018-01-08 13:31:45.021000,31.0,30.95,31.0,35864241.0
2018-01-08 13:31:48.613000,31.0,30.95,31.0,35866241.0
2018-01-08 13:31:52.534000,31.0,30.95,31.0,35866241.0
2018-01-08 13:31:56.430000,31.0,30.95,31.0,35866241.0
2018-01-08 13:32:00.895000,31.0,30.95,31.0,35866241.0
2018-01-08 13:32:06.718000,31.0,30.95,31.0,35866241.0
2018-01-08 13:32:14.023000,31.0,30.95,31.0,35866241.0
2018-01-08 13:32:17.978000,31.0,30.95,31.0,35866241.0
2018-01-08 13:32:22.128000,31.0,30.95,31.0,35866241.0
2018-01-08 13:32:25.978000,31.0,30.95,31.0,35866241.0
2018-01-08 13:32:30.071000,31.0,30.95,31.0,35866241.0
2018-01-08 13:32:33.804000,31.0,30.95,31.0,35866241.0
2018-01-08 13:32:37.688000,31.0,30.95,31.0,35872241.0
2018-01-08 13:32:42.224000,31.0,30.95,31.0,35872241.0
2018-01-08 13:32:46.023000,31.0,30.95,31.0,35872241.0
2018-01-08 13:32:49.849000,31.0,30.95,31.0,35872241.0
2018-01-08 13:32:53.337000,31.0,30.95,31.0,35872241.0
2018-01-08 13:32:56.930000,31.0,30.95,31.0,35872241.0
2018-01-08 13:33:00.916000,31.0,30.95,31.0,35872241.0
2018-01-08 13:33:04.682000,31.0,30.95,31.0,35872241.0
2018-01-08 13:33:08.268000,31.0,30.95,31.0,35872241.0
2018-01-08 13:33:12.026000,31.0,30.95,31.0,35872241.0
2018-01-08 13:33:18.178000,31.0,30.95,31.0,35872241.0
2018-01-08 13:33:22.193000,30.95,30.95,31.0,36271241.0
2018-01-08 13:33:25.917000,30.95,30.95,31.0,36271241.0
2018-01-08 13:33:29.415000,30.95,30.95,31.0,36271241.0
2018-01-08 13:33:33.214000,30.95,30.95,31.0,36271241.0
2018-01-08 13:33:37.280000,30.95,30.95,31.0,36271241.0
2018-01-08 13:33:41.573000,30.95,30.95,31.0,36271241.0
2018-01-08 13:33:45.109000,30.95,30.95,31.0,36271241.0
2018-01-08 13:33:48.728000,30.95,30.95,31.0,36271241.0
2018-01-08 13:33:52.913000,30.95,30.95,31.0,36271241.0
2018-01-08 13:33:56.963000,30.95,30.95,31.0,36271241.0
2018-01-08 13:34:01.571000,30.95,30.95,31.0,36271241.0
2018-01-08 13:34:06.917000,30.95,30.95,31.0,36271241.0
2018-01-08 13:34:13.027000,31.0,30.95,31.0,36649741.0
2018-01-08 13:34:16.574000,31.0,30.95,31.0,36649741.0
2018-01-08 13:34:21.557000,31.0,30.95,31.0,36649741.0
2018-01-08 13:34:25.237000,31.0,30.95,31.0,36649741.0
2018-01-08 13:34:28.830000,31.0,30.95,31.0,36649741.0
2018-01-08 13:34:32.852000,31.0,30.95,31.0,36649741.0
2018-01-08 13:34:36.810000,31.0,30.95,31.0,36649741.0
2018-01-08 13:34:40.544000,31.0,30.95,31.0,36649741.0
2018-01-08 13:34:44.437000,31.0,30.95,31.0,36649741.0
2018-01-08 13:34:48.650000,31.0,30.95,31.0,36649741.0
2018-01-08 13:34:52.928000,31.0,30.95,31.0,36649741.0
2018-01-08 13:34:57.016000,31.0,30.95,31.0,36649741.0
2018-01-08 13:35:00.434000,31.0,30.95,31.0,36649741.0
2018-01-08 13:35:04.264000,31.0,30.95,31.0,36649741.0
2018-01-08 13:35:07.963000,31.0,30.95,31.0,36649741.0
2018-01-08 13:35:16.053000,31.0,30.95,31.0,36649741.0
2018-01-08 13:35:19.475000,31.0,30.95,31.0,36661741.0
2018-01-08 13:35:23.477000,31.0,30.95,31.0,36661741.0
2018-01-08 13:35:26.289000,31.0,30.95,31.0,36661741.0
2018-01-08 13:35:30.670000,31.0,30.95,31.0,36661741.0
2018-01-08 13:35:34.353000,31.0,30.95,31.0,36661741.0
2018-01-08 13:35:37.781000,31.0,30.95,31.0,36661741.0
2018-01-08 13:35:41.179000,31.0,30.95,31.0,36661741.0
2018-01-08 13:35:45.183000,31.0,30.95,31.0,36661741.0
2018-01-08 13:35:48.888000,31.0,30.95,31.0,36661741.0
2018-01-08 13:35:52.149000,31.0,30.95,31.0,36661741.0
2018-01-08 13:35:55.887000,31.0,30.95,31.0,36661741.0
2018-01-08 13:35:59.558000,31.0,30.95,31.0,36661741.0
2018-01-08 13:36:03.645000,31.0,30.95,31.0,36661741.0
2018-01-08 13:36:07.811000,31.0,30.95,31.0,36661741.0
2018-01-08 13:36:11.734000,31.0,30.95,31.0,36661741.0
2018-01-08 13:36:14.982000,31.0,30.95,31.0,36661741.0
2018-01-08 13:36:18.793000,31.0,30.95,31.0,36661741.0
2018-01-08 13:36:22.281000,31.0,30.95,31.0,36661741.0
2018-01-08 13:36:25.517000,31.0,30.95,31.0,36668741.0
2018-01-08 13:36:29.230000,31.0,30.95,31.0,36668741.0
2018-01-08 13:36:33.413000,31.0,30.95,31.0,36668741.0
2018-01-08 13:36:37.051000,31.0,30.95,31.0,36668741.0
2018-01-08 13:36:40.922000,31.0,30.95,31.0,36668741.0
2018-01-08 13:36:44.654000,31.0,30.95,31.0,36668741.0
2018-01-08 13:36:48.505000,31.0,30.95,31.0,36668741.0
2018-01-08 13:36:52.518000,31.0,30.95,31.0,36668741.0
2018-01-08 13:36:56.032000,31.0,30.95,31.0,36668741.0
2018-01-08 13:36:59.230000,31.0,30.95,31.0,36668741.0
2018-01-08 13:37:03.143000,31.0,30.95,31.0,36668741.0
2018-01-08 13:37:09.747000,31.0,30.95,31.0,36668741.0
2018-01-08 13:37:13.799000,31.0,30.95,31.0,36668741.0
2018-01-08 13:37:17.853000,31.0,30.95,31.0,36671741.0
2018-01-08 13:37:22.189000,31.0,30.95,31.0,36671741.0
2018-01-08 13:37:25.860000,31.0,30.95,31.0,36671741.0
2018-01-08 13:37:29.644000,31.0,30.95,31.0,36671741.0
2018-01-08 13:37:33.282000,31.0,30.95,31.0,36671741.0
2018-01-08 13:37:37.392000,31.0,30.95,31.0,36671741.0
2018-01-08 13:37:41.613000,31.0,30.95,31.0,36671741.0
2018-01-08 13:37:45.543000,31.0,30.95,31.0,36671741.0
2018-01-08 13:37:48.749000,31.0,30.95,31.0,36671741.0
2018-01-08 13:37:52.811000,31.0,30.95,31.0,36671741.0
2018-01-08 13:37:56.766000,31.0,30.95,31.0,36671741.0
2018-01-08 13:38:00.218000,31.0,30.95,31.0,36671741.0
2018-01-08 13:38:04.249000,31.0,30.95,31.0,36671741.0
2018-01-08 13:38:08.685000,31.0,30.95,31.0,36671741.0
2018-01-08 13:38:12.416000,31.0,30.95,31.0,36678741.0
2018-01-08 13:38:17.737000,31.0,30.95,31.0,36678741.0
2018-01-08 13:38:21.621000,31.0,30.95,31.0,36678741.0
2018-01-08 13:38:25.797000,31.0,30.95,31.0,36678741.0
2018-01-08 13:38:29.767000,31.0,30.95,31.0,36678741.0
2018-01-08 13:38:33.968000,31.0,30.95,31.0,36678741.0
2018-01-08 13:38:37.210000,31.0,30.95,31.0,36678741.0
2018-01-08 13:38:40.500000,31.0,30.95,31.0,36678741.0
2018-01-08 13:38:43.780000,31.0,30.95,31.0,36678741.0
2018-01-08 13:38:47.488000,31.0,30.95,31.0,36678741.0
2018-01-08 13:38:51.268000,31.0,30.95,31.0,36678741.0
2018-01-08 13:38:54.579000,31.0,30.95,31.0,36678741.0
2018-01-08 13:38:58.500000,31.0,30.95,31.0,36678741.0
2018-01-08 13:39:03.957000,31.0,30.95,31.0,36678741.0
2018-01-08 13:39:07.829000,31.0,30.95,31.0,36683741.0
2018-01-08 13:39:11.286000,31.0,30.95,31.0,36683741.0
2018-01-08 13:39:18.427000,31.0,30.95,31.0,36683741.0
2018-01-08 13:39:22.283000,31.0,30.95,31.0,36683741.0
2018-01-08 13:39:26.224000,31.0,30.95,31.0,36683741.0
2018-01-08 13:39:29.985000,31.0,30.95,31.0,36683741.0
2018-01-08 13:39:33.665000,31.0,30.95,31.0,36683741.0
2018-01-08 13:39:37.028000,31.0,30.95,31.0,36683741.0
2018-01-08 13:39:40.684000,31.0,30.95,31.0,36683741.0
2018-01-08 13:39:44.251000,31.0,30.95,31.0,36683741.0
2018-01-08 13:39:48.177000,31.0,30.95,31.0,36683741.0
2018-01-08 13:39:52.237000,31.0,30.95,31.0,36683741.0
2018-01-08 13:39:56.234000,31.0,30.95,31.0,36683741.0
2018-01-08 13:40:00.237000,31.0,30.95,31.0,36685741.0
2018-01-08 13:40:04.111000,31.0,30.95,31.0,36685741.0
2018-01-08 13:40:12.129000,31.0,30.95,31.0,36685741.0
2018-01-08 13:40:15.785000,31.0,30.95,31.0,36685741.0
2018-01-08 13:40:20.347000,31.0,30.95,31.0,36685741.0
2018-01-08 13:40:24.494000,31.0,30.95,31.0,36685741.0
2018-01-08 13:40:27.543000,31.0,30.95,31.0,36685741.0
2018-01-08 13:40:30.893000,31.0,30.95,31.0,36685741.0
2018-01-08 13:40:34.393000,31.0,30.95,31.0,36685741.0
2018-01-08 13:40:37.906000,31.0,30.95,31.0,36685741.0
2018-01-08 13:40:42.146000,31.0,30.95,31.0,36685741.0
2018-01-08 13:40:46.380000,31.0,30.95,31.0,36685741.0
2018-01-08 13:40:49.992000,31.0,30.95,31.0,36712241.0
2018-01-08 13:40:54.011000,31.0,30.95,31.0,36712241.0
2018-01-08 13:40:57.727000,31.0,30.95,31.0,36712241.0
2018-01-08 13:41:01.614000,31.0,30.95,31.0,36712241.0
2018-01-08 13:41:05.380000,31.0,30.95,31.0,36712241.0
2018-01-08 13:41:12.843000,31.0,30.95,31.0,36712241.0
2018-01-08 13:41:18.732000,31.0,30.95,31.0,36712241.0
2018-01-08 13:41:22.695000,31.0,30.95,31.0,36712241.0
2018-01-08 13:41:26.049000,31.0,30.95,31.0,36712241.0
2018-01-08 13:41:29.622000,31.0,30.95,31.0,36712241.0
2018-01-08 13:41:33.468000,31.0,30.95,31.0,36712241.0
2018-01-08 13:41:37.477000,31.0,30.95,31.0,36712241.0
2018-01-08 13:41:41.936000,31.0,30.95,31.0,36712241.0
2018-01-08 13:41:45.442000,31.0,30.95,31.0,36712241.0
2018-01-08 13:41:49.230000,31.0,30.95,31.0,36712241.0
2018-01-08 13:41:53.186000,31.0,30.95,31.0,36712241.0
2018-01-08 13:41:56.873000,31.0,30.95,31.0,36712241.0
2018-01-08 13:42:00.632000,31.0,30.95,31.0,36726241.0
2018-01-08 13:42:03.316000,31.0,30.95,31.0,36726241.0
2018-01-08 13:42:07.126000,31.0,30.95,31.0,36726241.0
2018-01-08 13:42:11.006000,31.0,30.95,31.0,36726241.0
2018-01-08 13:42:14.788000,31.0,30.95,31.0,36726241.0
2018-01-08 13:42:19.973000,31.0,30.95,31.0,36726241.0
2018-01-08 13:42:23.430000,31.0,30.95,31.0,36726241.0
2018-01-08 13:42:27.436000,31.0,30.95,31.0,36726241.0
2018-01-08 13:42:31.369000,31.0,30.95,31.0,36726241.0
2018-01-08 13:42:35.039000,31.0,30.95,31.0,36726241.0
2018-01-08 13:42:38.902000,31.0,30.95,31.0,36726241.0
2018-01-08 13:42:42.133000,31.0,30.95,31.0,36726241.0
2018-01-08 13:42:45.075000,31.0,30.95,31.0,36726241.0
2018-01-08 13:42:48.972000,31.0,30.95,31.0,36726241.0
2018-01-08 13:42:53.106000,31.0,30.95,31.0,36728241.0
2018-01-08 13:42:57.939000,31.0,30.95,31.0,36728241.0
2018-01-08 13:43:02.025000,31.0,30.95,31.0,36728241.0
2018-01-08 13:43:07.037000,31.0,30.95,31.0,36728241.0
2018-01-08 13:43:10.932000,31.0,30.95,31.0,36728241.0
2018-01-08 13:43:15.343000,31.0,30.95,31.0,36728241.0
2018-01-08 13:43:18.671000,31.0,30.95,31.0,36728241.0
2018-01-08 13:43:22.618000,31.0,30.95,31.0,36728241.0
2018-01-08 13:43:26.864000,31.0,30.95,31.0,36728241.0
2018-01-08 13:43:29.976000,31.0,30.95,31.0,36728241.0
2018-01-08 13:43:34.123000,31.0,30.95,31.0,36728241.0
2018-01-08 13:43:38.292000,31.0,30.95,31.0,36728241.0
2018-01-08 13:43:42.016000,31.0,30.95,31.0,36728241.0
2018-01-08 13:43:46.445000,31.0,30.95,31.0,36728241.0
2018-01-08 13:43:50.366000,31.0,30.95,31.0,36728241.0
2018-01-08 13:43:53.666000,31.0,30.95,31.0,36728241.0
2018-01-08 13:43:57.314000,31.0,30.95,31.0,36728241.0
2018-01-08 13:44:01.030000,31.0,30.95,31.0,36728241.0
2018-01-08 13:44:04.871000,31.0,30.95,31.0,36735941.0
2018-01-08 13:44:08.711000,31.0,30.95,31.0,36735941.0
2018-01-08 13:44:14.647000,31.0,30.95,31.0,36735941.0
2018-01-08 13:44:18.678000,31.0,30.95,31.0,36735941.0
2018-01-08 13:44:22.593000,31.0,30.95,31.0,36735941.0
2018-01-08 13:44:26.668000,31.0,30.95,31.0,36735941.0
2018-01-08 13:44:30.132000,31.0,30.95,31.0,36735941.0
2018-01-08 13:44:33.542000,31.0,30.95,31.0,36735941.0
2018-01-08 13:44:36.972000,31.0,30.95,31.0,36735941.0
2018-01-08 13:44:40.748000,31.0,30.95,31.0,36735941.0
2018-01-08 13:44:43.845000,31.0,30.95,31.0,36735941.0
2018-01-08 13:44:47.560000,31.0,30.95,31.0,36735941.0
2018-01-08 13:44:51.688000,31.0,30.95,31.0,36735941.0
2018-01-08 13:44:55.498000,31.0,30.95,31.0,36738441.0
2018-01-08 13:44:58.879000,31.0,30.95,31.0,36738441.0
2018-01-08 13:45:02.717000,31.0,30.95,31.0,36738441.0
2018-01-08 13:45:05.824000,31.0,30.95,31.0,36738441.0
2018-01-08 13:45:10.018000,31.0,30.95,31.0,36738441.0
2018-01-08 13:45:14.159000,31.0,30.95,31.0,36738441.0
2018-01-08 13:45:17.580000,31.0,30.95,31.0,36738441.0
2018-01-08 13:45:21.494000,31.0,30.95,31.0,36738441.0
2018-01-08 13:45:25.184000,31.0,30.95,31.0,36738441.0
2018-01-08 13:45:28.832000,31.0,30.95,31.0,36738441.0
2018-01-08 13:45:32.671000,31.0,30.95,31.0,36738441.0
2018-01-08 13:45:36.890000,31.0,30.95,31.0,36738441.0
2018-01-08 13:45:40.590000,31.0,30.95,31.0,36738441.0
2018-01-08 13:45:44.354000,31.0,30.95,31.0,36738441.0
2018-01-08 13:45:47.815000,31.0,30.95,31.0,36740441.0
2018-01-08 13:45:51.454000,31.0,30.95,31.0,36740441.0
2018-01-08 13:45:55.682000,31.0,30.95,31.0,36740441.0
2018-01-08 13:45:59.182000,31.0,30.95,31.0,36740441.0
2018-01-08 13:46:02.688000,31.0,30.95,31.0,36740441.0
2018-01-08 13:46:06.059000,31.0,30.95,31.0,36740441.0
2018-01-08 13:46:10.356000,31.0,30.95,31.0,36740441.0
2018-01-08 13:46:14.013000,31.0,30.95,31.0,36740441.0
2018-01-08 13:46:17.421000,31.0,30.95,31.0,36740441.0
2018-01-08 13:46:21.092000,31.0,30.95,31.0,36740441.0
2018-01-08 13:46:24.211000,31.0,30.95,31.0,36740441.0
2018-01-08 13:46:28.214000,31.0,30.95,31.0,36740441.0
2018-01-08 13:46:31.813000,31.0,30.95,31.0,36740441.0
2018-01-08 13:46:35.950000,31.0,30.95,31.0,36740441.0
2018-01-08 13:46:39.567000,31.0,30.95,31.0,36740441.0
2018-01-08 13:46:43.223000,31.0,30.95,31.0,36740441.0
2018-01-08 13:46:47.002000,31.0,30.95,31.0,36740441.0
2018-01-08 13:46:50.937000,31.0,30.95,31.0,36740441.0
2018-01-08 13:46:54.633000,31.0,30.95,31.0,36740441.0
2018-01-08 13:46:58.507000,31.0,30.95,31.0,36747941.0
2018-01-08 13:47:01.355000,31.0,30.95,31.0,36747941.0
2018-01-08 13:47:05.215000,31.0,30.95,31.0,36747941.0
2018-01-08 13:47:08.422000,31.0,30.95,31.0,36747941.0
2018-01-08 13:47:12.184000,31.0,30.95,31.0,36747941.0
2018-01-08 13:47:16.173000,31.0,30.95,31.0,36747941.0
2018-01-08 13:47:22.103000,31.0,30.95,31.0,36747941.0
2018-01-08 13:47:24.811000,31.0,30.95,31.0,36747941.0
2018-01-08 13:47:28.377000,31.0,30.95,31.0,36747941.0
2018-01-08 13:47:52.321000,31.0,30.95,31.0,36747941.0
2018-01-08 13:47:56.388000,31.0,30.95,31.0,36747941.0
2018-01-08 13:48:00.155000,31.0,30.95,31.0,36747941.0
2018-01-08 13:48:03.568000,31.0,30.95,31.0,36747941.0
2018-01-08 13:48:07.326000,31.0,30.95,31.0,36758941.0
2018-01-08 13:48:11.091000,31.0,30.95,31.0,36758941.0
2018-01-08 13:48:14.313000,31.0,30.95,31.0,36758941.0
2018-01-08 13:48:18.002000,31.0,30.95,31.0,36758941.0
2018-01-08 13:48:21.913000,31.0,30.95,31.0,36758941.0
2018-01-08 13:48:25.436000,31.0,30.95,31.0,36758941.0
2018-01-08 13:48:29.535000,31.0,30.95,31.0,36758941.0
2018-01-08 13:48:33.709000,31.0,30.95,31.0,36758941.0
2018-01-08 13:48:37.708000,31.0,30.95,31.0,36758941.0
2018-01-08 13:48:41.469000,31.0,30.95,31.0,36758941.0
2018-01-08 13:48:45.029000,31.0,30.95,31.0,36758941.0
2018-01-08 13:48:48.711000,31.0,30.95,31.0,36758941.0
2018-01-08 13:48:52.811000,31.0,30.95,31.0,36758941.0
2018-01-08 13:48:56.128000,31.0,30.95,31.0,36758941.0
2018-01-08 13:48:58.928000,31.0,30.95,31.0,36766441.0
2018-01-08 13:49:02.118000,31.0,30.95,31.0,36766441.0
2018-01-08 13:49:05.407000,31.0,30.95,31.0,36766441.0
2018-01-08 13:49:12.549000,31.0,30.95,31.0,36766441.0
2018-01-08 13:49:17.591000,31.0,30.95,31.0,36766441.0
2018-01-08 13:49:21.300000,31.0,30.95,31.0,36766441.0
2018-01-08 13:49:25.439000,31.0,30.95,31.0,36766441.0
2018-01-08 13:49:28.859000,31.0,30.95,31.0,36766441.0
2018-01-08 13:49:32.521000,31.0,30.95,31.0,36766441.0
2018-01-08 13:49:35.702000,31.0,30.95,31.0,36766441.0
2018-01-08 13:49:38.475000,31.0,30.95,31.0,36766441.0
2018-01-08 13:49:42.123000,31.0,30.95,31.0,36766441.0
2018-01-08 13:49:45.454000,31.0,30.95,31.0,36766441.0
2018-01-08 13:49:49.007000,31.0,30.95,31.0,36766441.0
2018-01-08 13:49:52.402000,31.0,30.95,31.0,36766441.0
2018-01-08 13:49:56.207000,31.0,30.95,31.0,36780421.0
2018-01-08 13:50:00.409000,31.0,30.95,31.0,36780421.0
2018-01-08 13:50:03.824000,31.0,30.95,31.0,36780421.0
2018-01-08 13:50:08.571000,31.0,30.95,31.0,36780421.0
2018-01-08 13:50:12.741000,31.0,30.95,31.0,36780421.0
2018-01-08 13:50:18.327000,31.0,30.95,31.0,36780421.0
2018-01-08 13:50:22.255000,31.0,30.95,31.0,36780421.0
2018-01-08 13:50:25.917000,31.0,30.95,31.0,36780421.0
2018-01-08 13:50:28.974000,31.0,30.95,31.0,36780421.0
2018-01-08 13:50:32.238000,31.0,30.95,31.0,36780421.0
2018-01-08 13:50:35.973000,31.0,30.95,31.0,36780421.0
2018-01-08 13:50:39.414000,31.0,30.95,31.0,36780421.0
2018-01-08 13:50:43.344000,31.0,30.95,31.0,36780421.0
2018-01-08 13:50:46.852000,31.0,30.95,31.0,36782921.0
2018-01-08 13:50:50.782000,31.0,30.95,31.0,36782921.0
2018-01-08 13:50:54.776000,31.0,30.95,31.0,36782921.0
2018-01-08 13:50:58.600000,31.0,30.95,31.0,36782921.0
2018-01-08 13:51:02.004000,31.0,30.95,31.0,36782921.0
2018-01-08 13:51:05.440000,31.0,30.95,31.0,36782921.0
2018-01-08 13:51:08.805000,31.0,30.95,31.0,36782921.0
2018-01-08 13:51:12.172000,31.0,30.95,31.0,36782921.0
2018-01-08 13:51:15.799000,31.0,30.95,31.0,36782921.0
2018-01-08 13:51:19.335000,31.0,30.95,31.0,36782921.0
2018-01-08 13:51:23.354000,31.0,30.95,31.0,36782921.0
2018-01-08 13:51:26.486000,31.0,30.95,31.0,36782921.0
2018-01-08 13:51:30.285000,31.0,30.95,31.0,36782921.0
2018-01-08 13:51:34.109000,31.0,30.95,31.0,36782921.0
2018-01-08 13:51:37.945000,31.0,30.95,31.0,36797921.0
2018-01-08 13:51:41.535000,31.0,30.95,31.0,36797921.0
2018-01-08 13:51:45.121000,31.0,30.95,31.0,36797921.0
2018-01-08 13:51:48.835000,31.0,30.95,31.0,36797921.0
2018-01-08 13:51:52.930000,31.0,30.95,31.0,36797921.0
2018-01-08 13:51:56.487000,31.0,30.95,31.0,36797921.0
2018-01-08 13:51:59.812000,31.0,30.95,31.0,36797921.0
2018-01-08 13:52:02.959000,31.0,30.95,31.0,36797921.0
2018-01-08 13:52:06.580000,31.0,30.95,31.0,36797921.0
2018-01-08 13:52:10.739000,31.0,30.95,31.0,36797921.0
2018-01-08 13:52:14.468000,31.0,30.95,31.0,36797921.0
2018-01-08 13:52:17.588000,31.0,30.95,31.0,36797921.0
2018-01-08 13:52:21.071000,31.0,30.95,31.0,36797921.0
2018-01-08 13:52:24.935000,31.0,30.95,31.0,36797921.0
2018-01-08 13:52:28.791000,31.0,30.95,31.0,36797921.0
2018-01-08 13:52:32.727000,31.0,30.95,31.0,36797921.0
2018-01-08 13:52:36.285000,31.0,30.95,31.0,36797921.0
2018-01-08 13:52:39.690000,31.0,30.95,31.0,36797921.0
2018-01-08 13:52:43.295000,31.0,30.95,31.0,36797921.0
2018-01-08 13:52:46.974000,31.0,30.95,31.0,36797921.0
2018-01-08 13:52:50.691000,31.0,30.95,31.0,36826921.0
2018-01-08 13:52:54.413000,31.0,30.95,31.0,36826921.0
2018-01-08 13:52:58.158000,31.0,30.95,31.0,36826921.0
2018-01-08 13:53:02.233000,31.0,30.95,31.0,36826921.0
2018-01-08 13:53:10.062000,31.0,30.95,31.0,36826921.0
2018-01-08 13:53:16.805000,31.0,30.95,31.0,36826921.0
2018-01-08 13:53:20.615000,31.0,30.95,31.0,36826921.0
2018-01-08 13:53:24.755000,31.0,30.95,31.0,36826921.0
2018-01-08 13:53:28.633000,31.0,30.95,31.0,36826921.0
2018-01-08 13:53:32.880000,31.0,30.95,31.0,36826921.0
2018-01-08 13:53:36.696000,31.0,30.95,31.0,36826921.0
2018-01-08 13:53:40.710000,31.0,30.95,31.0,36826921.0
2018-01-08 13:53:43.245000,31.0,30.95,31.0,36829421.0
2018-01-08 13:53:47.119000,31.0,30.95,31.0,36829421.0
2018-01-08 13:53:51.052000,31.0,30.95,31.0,36829421.0
2018-01-08 13:53:55.003000,31.0,30.95,31.0,36829421.0
2018-01-08 13:53:58.936000,31.0,30.95,31.0,36829421.0
2018-01-08 13:54:02.899000,31.0,30.95,31.0,36829421.0
2018-01-08 13:54:07.368000,31.0,30.95,31.0,36829421.0
2018-01-08 13:54:12.516000,31.0,30.95,31.0,36829421.0
2018-01-08 13:54:19.306000,31.0,30.95,31.0,36829421.0
2018-01-08 13:54:22.340000,31.0,30.95,31.0,36829421.0
2018-01-08 13:54:25.907000,31.0,30.95,31.0,36829421.0
2018-01-08 13:54:29.601000,31.0,30.95,31.0,36829421.0
2018-01-08 13:54:33.196000,31.0,30.95,31.0,36855921.0
2018-01-08 13:54:36.458000,31.0,30.95,31.0,36855921.0
2018-01-08 13:54:40.256000,31.0,30.95,31.0,36855921.0
2018-01-08 13:54:43.909000,31.0,30.95,31.0,36855921.0
2018-01-08 13:54:47.951000,31.0,30.95,31.0,36855921.0
2018-01-08 13:54:51.761000,31.0,30.95,31.0,36855921.0
2018-01-08 13:54:55.062000,31.0,30.95,31.0,36855921.0
2018-01-08 13:54:58.872000,31.0,30.95,31.0,36855921.0
2018-01-08 13:55:02.721000,31.0,30.95,31.0,36855921.0
2018-01-08 13:55:06.478000,31.0,30.95,31.0,36855921.0
2018-01-08 13:55:10.139000,31.0,30.95,31.0,36855921.0
2018-01-08 13:55:14.010000,31.0,30.95,31.0,36855921.0
2018-01-08 13:55:19.158000,31.0,30.95,31.0,36855921.0
2018-01-08 13:55:22.990000,31.0,30.95,31.0,36855921.0
2018-01-08 13:55:26.960000,31.0,30.95,31.0,36855921.0
2018-01-08 13:55:30.885000,31.0,30.95,31.0,36855921.0
2018-01-08 13:55:35.399000,31.0,30.95,31.0,36855921.0
2018-01-08 13:55:38.510000,31.0,30.95,31.0,36855921.0
2018-01-08 13:55:42.323000,31.0,30.95,31.0,36855921.0
2018-01-08 13:55:46.116000,31.0,30.95,31.0,36891921.0
2018-01-08 13:55:49.922000,31.0,30.95,31.0,36891921.0
2018-01-08 13:55:53.917000,31.0,30.95,31.0,36891921.0
2018-01-08 13:55:57.545000,31.0,30.95,31.0,36891921.0
2018-01-08 13:56:01.308000,31.0,30.95,31.0,36891921.0
2018-01-08 13:56:07.738000,31.0,30.95,31.0,36891921.0
2018-01-08 13:56:10.968000,31.0,30.95,31.0,36891921.0
2018-01-08 13:56:14.612000,31.0,30.95,31.0,36891921.0
2018-01-08 13:56:17.981000,31.0,30.95,31.0,36891921.0
2018-01-08 13:56:21.852000,31.0,30.95,31.0,36891921.0
2018-01-08 13:56:25.276000,31.0,30.95,31.0,36891921.0
2018-01-08 13:56:28.733000,31.0,30.95,31.0,36891921.0
2018-01-08 13:56:32.783000,31.0,30.95,31.0,36891921.0
2018-01-08 13:56:36.808000,31.0,30.95,31.0,36891921.0
2018-01-08 13:56:40.523000,31.0,30.95,31.0,36891921.0
2018-01-08 13:56:43.409000,31.0,30.95,31.0,36891921.0
2018-01-08 13:56:47.624000,31.0,30.95,31.0,36891921.0
2018-01-08 13:56:50.855000,31.0,30.95,31.0,36891921.0
2018-01-08 13:56:54.313000,31.0,30.95,31.0,36891921.0
2018-01-08 13:56:57.587000,31.0,30.95,31.0,36900421.0
2018-01-08 13:57:01.434000,31.0,30.95,31.0,36900421.0
2018-01-08 13:57:05.139000,31.0,30.95,31.0,36900421.0
2018-01-08 13:57:12.152000,31.0,30.95,31.0,36900421.0
2018-01-08 13:57:16.012000,31.0,30.95,31.0,36900421.0
2018-01-08 13:57:20.035000,31.0,30.95,31.0,36900421.0
2018-01-08 13:57:23.740000,31.0,30.95,31.0,36900421.0
2018-01-08 13:57:28.811000,31.0,30.95,31.0,36900421.0
2018-01-08 13:57:32.855000,31.0,30.95,31.0,36900421.0
2018-01-08 13:57:36.864000,31.0,30.95,31.0,36900421.0
2018-01-08 13:57:40.572000,31.0,30.95,31.0,36900421.0
2018-01-08 13:57:44.037000,31.0,30.95,31.0,36900421.0
2018-01-08 13:57:48.026000,31.0,30.95,31.0,36902921.0
2018-01-08 13:57:51.904000,31.0,30.95,31.0,36902921.0
2018-01-08 13:57:55.604000,31.0,30.95,31.0,36902921.0
2018-01-08 13:57:59.715000,31.0,30.95,31.0,36902921.0
2018-01-08 13:58:03.737000,31.0,30.95,31.0,36902921.0
2018-01-08 13:58:11.104000,31.0,30.95,31.0,36902921.0
2018-01-08 13:58:14.748000,31.0,30.95,31.0,36902921.0
2018-01-08 13:58:18.127000,31.0,30.95,31.0,36902921.0
2018-01-08 13:58:21.870000,31.0,30.95,31.0,36902921.0
2018-01-08 13:58:25.779000,31.0,30.95,31.0,36902921.0
2018-01-08 13:58:29.317000,31.0,30.95,31.0,36902921.0
2018-01-08 13:58:31.933000,31.0,30.95,31.0,36902921.0
2018-01-08 13:58:35.902000,31.0,30.95,31.0,36902921.0
2018-01-08 13:58:39.968000,31.0,30.95,31.0,36902921.0
2018-01-08 13:58:44.234000,31.0,30.95,31.0,36902921.0
2018-01-08 13:58:47.530000,31.0,30.95,31.0,36902921.0
2018-01-08 13:58:51.185000,31.0,30.95,31.0,36902921.0
2018-01-08 13:58:54.407000,31.0,30.95,31.0,36902921.0
2018-01-08 13:58:58.331000,31.0,30.95,31.0,36931421.0
2018-01-08 13:59:02.145000,31.0,30.95,31.0,36931421.0
2018-01-08 13:59:09.266000,31.0,30.95,31.0,36931421.0
2018-01-08 13:59:17.555000,31.0,30.95,31.0,36931421.0
2018-01-08 13:59:21.203000,31.0,30.95,31.0,36931421.0
2018-01-08 13:59:25.193000,31.0,30.95,31.0,36931421.0
2018-01-08 13:59:29.081000,31.0,30.95,31.0,36931421.0
2018-01-08 13:59:32.514000,31.0,30.95,31.0,36931421.0
2018-01-08 13:59:36.530000,31.0,30.95,31.0,36931421.0
2018-01-08 13:59:39.941000,31.0,30.95,31.0,36931421.0
2018-01-08 13:59:43.204000,31.0,30.95,31.0,36931421.0
2018-01-08 13:59:47.308000,31.0,30.95,31.0,36931421.0
2018-01-08 13:59:51.109000,31.0,30.95,31.0,36931421.0
2018-01-08 13:59:55.059000,31.0,30.95,31.0,36931421.0
2018-01-08 13:59:58.938000,31.0,30.95,31.0,36931421.0
2018-01-08 14:00:03.081000,31.0,30.95,31.0,36931421.0
2018-01-08 14:00:06.892000,31.0,30.95,31.0,36931421.0
2018-01-08 14:00:10.821000,31.0,30.95,31.0,36938921.0
2018-01-08 14:00:14.566000,31.0,30.95,31.0,36938921.0
2018-01-08 14:00:19.139000,31.0,30.95,31.0,36938921.0
2018-01-08 14:00:22.710000,31.0,30.95,31.0,36938921.0
2018-01-08 14:00:26.562000,31.0,30.95,31.0,36938921.0
2018-01-08 14:00:30.490000,31.0,30.95,31.0,36938921.0
2018-01-08 14:00:34.277000,31.0,30.95,31.0,36938921.0
2018-01-08 14:00:38.039000,31.0,30.95,31.0,36938921.0
2018-01-08 14:00:41.532000,31.0,30.95,31.0,36938921.0
2018-01-08 14:00:45.015000,31.0,30.95,31.0,36938921.0
2018-01-08 14:00:49.006000,31.0,30.95,31.0,36938921.0
2018-01-08 14:00:52.616000,31.0,30.95,31.0,36938921.0
2018-01-08 14:00:55.744000,31.0,30.95,31.0,36938921.0
2018-01-08 14:01:00.036000,31.0,30.95,31.0,36940921.0
2018-01-08 14:01:05.332000,31.0,30.95,31.0,36940921.0
2018-01-08 14:01:09.731000,31.0,30.95,31.0,36940921.0
2018-01-08 14:01:14.051000,31.0,30.95,31.0,36940921.0
2018-01-08 14:01:20.350000,31.0,30.95,31.0,36940921.0
2018-01-08 14:01:23.629000,31.0,30.95,31.0,36940921.0
2018-01-08 14:01:27.440000,31.0,30.95,31.0,36940921.0
2018-01-08 14:01:31.236000,31.0,30.95,31.0,36940921.0
2018-01-08 14:01:35.414000,31.0,30.95,31.0,36940921.0
2018-01-08 14:01:38.516000,31.0,30.95,31.0,36940921.0
2018-01-08 14:01:42.182000,31.0,30.95,31.0,36940921.0
2018-01-08 14:01:45.824000,31.0,30.95,31.0,36940921.0
2018-01-08 14:01:49.658000,31.0,30.95,31.0,36940921.0
2018-01-08 14:01:53.785000,31.0,30.95,31.0,36971421.0
2018-01-08 14:01:57.727000,31.0,30.95,31.0,36971421.0
2018-01-08 14:02:00.775000,31.0,30.95,31.0,36971421.0
2018-01-08 14:02:04.771000,31.0,30.95,31.0,36971421.0
2018-01-08 14:02:08.157000,31.0,30.95,31.0,36971421.0
2018-01-08 14:02:11.301000,31.0,30.95,31.0,36971421.0
2018-01-08 14:02:15.210000,31.0,30.95,31.0,36971421.0
2018-01-08 14:02:19.894000,31.0,30.95,31.0,36971421.0
2018-01-08 14:02:23.907000,31.0,30.95,31.0,36971421.0
2018-01-08 14:02:27.865000,31.0,30.95,31.0,36971421.0
2018-01-08 14:02:32.035000,31.0,30.95,31.0,36971421.0
2018-01-08 14:02:35.006000,31.0,30.95,31.0,36971421.0
2018-01-08 14:02:38.305000,31.0,30.95,31.0,36971421.0
2018-01-08 14:02:42.144000,31.0,30.95,31.0,36971421.0
2018-01-08 14:02:45.619000,31.0,30.95,31.0,36971421.0
2018-01-08 14:02:48.868000,31.0,30.95,31.0,37006421.0
2018-01-08 14:02:52.526000,31.0,30.95,31.0,37006421.0
2018-01-08 14:02:56.505000,31.0,30.95,31.0,37006421.0
2018-01-08 14:02:59.407000,31.0,30.95,31.0,37006421.0
2018-01-08 14:03:03.383000,31.0,30.95,31.0,37006421.0
2018-01-08 14:03:07.331000,31.0,30.95,31.0,37006421.0
2018-01-08 14:03:15.716000,31.0,30.95,31.0,37006421.0
2018-01-08 14:03:18.870000,31.0,30.95,31.0,37006421.0
2018-01-08 14:03:21.931000,31.0,30.95,31.0,37006421.0
2018-01-08 14:03:25.561000,31.0,30.95,31.0,37006421.0
2018-01-08 14:03:29.415000,31.0,30.95,31.0,37006421.0
2018-01-08 14:03:33.298000,31.0,30.95,31.0,37006421.0
2018-01-08 14:03:36.332000,31.0,30.95,31.0,37006421.0
2018-01-08 14:03:39.666000,31.0,30.95,31.0,37008921.0
2018-01-08 14:03:43.484000,31.0,30.95,31.0,37008921.0
2018-01-08 14:03:47.579000,31.0,30.95,31.0,37008921.0
2018-01-08 14:03:50.508000,31.0,30.95,31.0,37008921.0
2018-01-08 14:03:54.060000,31.0,30.95,31.0,37008921.0
2018-01-08 14:03:58.092000,31.0,30.95,31.0,37008921.0
2018-01-08 14:04:01.962000,31.0,30.95,31.0,37008921.0
2018-01-08 14:04:09.586000,31.0,30.95,31.0,37008921.0
2018-01-08 14:04:13.069000,31.0,30.95,31.0,37008921.0
2018-01-08 14:04:18.520000,31.0,30.95,31.0,37008921.0
2018-01-08 14:04:22.072000,31.0,30.95,31.0,37008921.0
2018-01-08 14:04:25.903000,31.0,30.95,31.0,37008921.0
2018-01-08 14:04:29.170000,31.0,30.95,31.0,37008921.0
2018-01-08 14:04:32.902000,31.0,30.95,31.0,37045421.0
2018-01-08 14:04:36.678000,31.0,30.95,31.0,37045421.0
2018-01-08 14:04:40.051000,31.0,30.95,31.0,37045421.0
2018-01-08 14:04:43.302000,31.0,30.95,31.0,37045421.0
2018-01-08 14:04:46.591000,31.0,30.95,31.0,37045421.0
2018-01-08 14:04:50.209000,31.0,30.95,31.0,37045421.0
2018-01-08 14:04:54.117000,31.0,30.95,31.0,37045421.0
2018-01-08 14:04:57.495000,31.0,30.95,31.0,37045421.0
2018-01-08 14:05:01.186000,31.0,30.95,31.0,37045421.0
2018-01-08 14:05:05.099000,31.0,30.95,31.0,37045421.0
2018-01-08 14:05:08.997000,31.0,30.95,31.0,37045421.0
2018-01-08 14:05:12.366000,31.0,30.95,31.0,37045421.0
2018-01-08 14:05:16.393000,31.0,30.95,31.0,37045421.0
2018-01-08 14:05:20.027000,31.0,30.95,31.0,37045421.0
2018-01-08 14:05:23.758000,31.0,30.95,31.0,37048921.0
2018-01-08 14:05:27.681000,31.0,30.95,31.0,37048921.0
2018-01-08 14:05:31.650000,31.0,30.95,31.0,37048921.0
2018-01-08 14:05:35.596000,31.0,30.95,31.0,37048921.0
2018-01-08 14:05:39.293000,31.0,30.95,31.0,37048921.0
2018-01-08 14:05:42.413000,31.0,30.95,31.0,37048921.0
2018-01-08 14:05:46.447000,31.0,30.95,31.0,37048921.0
2018-01-08 14:05:50.387000,31.0,30.95,31.0,37048921.0
2018-01-08 14:05:53.792000,31.0,30.95,31.0,37048921.0
2018-01-08 14:05:57.508000,31.0,30.95,31.0,37048921.0
2018-01-08 14:06:01.195000,31.0,30.95,31.0,37048921.0
2018-01-08 14:06:08.184000,31.0,30.95,31.0,37048921.0
2018-01-08 14:06:12.461000,31.0,30.95,31.0,37048921.0
2018-01-08 14:06:18.089000,31.0,30.95,31.0,37050921.0
2018-01-08 14:06:22.103000,31.0,30.95,31.0,37050921.0
2018-01-08 14:06:25.700000,31.0,30.95,31.0,37050921.0
2018-01-08 14:06:29.610000,31.0,30.95,31.0,37050921.0
2018-01-08 14:06:33.534000,31.0,30.95,31.0,37050921.0
2018-01-08 14:06:37.106000,31.0,30.95,31.0,37050921.0
2018-01-08 14:06:40.840000,31.0,30.95,31.0,37050921.0
2018-01-08 14:06:44.826000,31.0,30.95,31.0,37050921.0
2018-01-08 14:06:48.534000,31.0,30.95,31.0,37050921.0
2018-01-08 14:06:51.981000,31.0,30.95,31.0,37050921.0
2018-01-08 14:06:55.411000,31.0,30.95,31.0,37050921.0
2018-01-08 14:06:59.384000,31.0,30.95,31.0,37050921.0
2018-01-08 14:07:02.355000,31.0,30.95,31.0,37050921.0
2018-01-08 14:07:08.065000,31.0,30.95,31.0,37053421.0
2018-01-08 14:07:11.763000,31.0,30.95,31.0,37053421.0
2018-01-08 14:07:17.572000,31.0,30.95,31.0,37053421.0
2018-01-08 14:07:21.418000,31.0,30.95,31.0,37053421.0
2018-01-08 14:07:24.717000,31.0,30.95,31.0,37053421.0
2018-01-08 14:07:29.034000,31.0,30.95,31.0,37053421.0
2018-01-08 14:07:33.141000,31.0,30.95,31.0,37053421.0
2018-01-08 14:07:36.388000,31.0,30.95,31.0,37053421.0
2018-01-08 14:07:40.160000,31.0,30.95,31.0,37053421.0
2018-01-08 14:07:43.738000,31.0,30.95,31.0,37053421.0
2018-01-08 14:07:47.578000,31.0,30.95,31.0,37053421.0
2018-01-08 14:07:51.040000,31.0,30.95,31.0,37053421.0
2018-01-08 14:07:54.748000,31.0,30.95,31.0,37053421.0
2018-01-08 14:07:58.466000,31.0,30.95,31.0,37053421.0
2018-01-08 14:08:02.878000,31.0,30.95,31.0,37104921.0
2018-01-08 14:08:06.590000,31.0,30.95,31.0,37104921.0
2018-01-08 14:08:12.529000,31.0,30.95,31.0,37104921.0
2018-01-08 14:08:15.891000,31.0,30.95,31.0,37104921.0
2018-01-08 14:08:19.876000,31.0,30.95,31.0,37104921.0
2018-01-08 14:08:23.828000,31.0,30.95,31.0,37104921.0
2018-01-08 14:08:28.029000,31.0,30.95,31.0,37104921.0
2018-01-08 14:08:31.716000,31.0,30.95,31.0,37104921.0
2018-01-08 14:08:35.426000,31.0,30.95,31.0,37104921.0
2018-01-08 14:08:39.305000,31.0,30.95,31.0,37104921.0
2018-01-08 14:08:43.219000,31.0,30.95,31.0,37104921.0
2018-01-08 14:08:46.654000,31.0,30.95,31.0,37104921.0
2018-01-08 14:08:50.307000,31.0,30.95,31.0,37104921.0
2018-01-08 14:08:54.416000,31.0,30.95,31.0,37107621.0
2018-01-08 14:08:58.295000,31.0,30.95,31.0,37107621.0
2018-01-08 14:09:03.531000,31.0,30.95,31.0,37107621.0
2018-01-08 14:09:07.559000,31.0,30.95,31.0,37107621.0
2018-01-08 14:09:10.690000,31.0,30.95,31.0,37107621.0
2018-01-08 14:09:14.582000,31.0,30.95,31.0,37107621.0
2018-01-08 14:09:17.892000,31.0,30.95,31.0,37107621.0
2018-01-08 14:09:21.602000,31.0,30.95,31.0,37107621.0
2018-01-08 14:09:25.205000,31.0,30.95,31.0,37107621.0
2018-01-08 14:09:28.655000,31.0,30.95,31.0,37107621.0
2018-01-08 14:09:32.239000,31.0,30.95,31.0,37107621.0
2018-01-08 14:09:36.409000,31.0,30.95,31.0,37107621.0
2018-01-08 14:09:39.340000,31.0,30.95,31.0,37107621.0
2018-01-08 14:09:43.485000,31.0,30.95,31.0,37107621.0
2018-01-08 14:09:47.328000,31.0,30.95,31.0,37107621.0
2018-01-08 14:09:51.074000,31.0,30.95,31.0,37134121.0
2018-01-08 14:09:55.105000,31.0,30.95,31.0,37134121.0
2018-01-08 14:09:58.536000,31.0,30.95,31.0,37134121.0
2018-01-08 14:10:01.509000,31.0,30.95,31.0,37134121.0
2018-01-08 14:10:05.135000,31.0,30.95,31.0,37134121.0
2018-01-08 14:10:11.906000,31.0,30.95,31.0,37134121.0
2018-01-08 14:10:17.772000,31.0,30.95,31.0,37134121.0
2018-01-08 14:10:21.718000,31.0,30.95,31.0,37134121.0
2018-01-08 14:10:25.221000,31.0,30.95,31.0,37134121.0
2018-01-08 14:10:28.987000,31.0,30.95,31.0,37134121.0
2018-01-08 14:10:32.698000,31.0,30.95,31.0,37134121.0
2018-01-08 14:10:35.465000,31.0,30.95,31.0,37134121.0
2018-01-08 14:10:38.658000,31.0,30.95,31.0,37134121.0
2018-01-08 14:10:42.986000,31.0,30.95,31.0,37183121.0
2018-01-08 14:10:46.189000,31.0,30.95,31.0,37183121.0
2018-01-08 14:10:50.043000,31.0,30.95,31.0,37183121.0
2018-01-08 14:10:53.952000,31.0,30.95,31.0,37183121.0
2018-01-08 14:10:57.807000,31.0,30.95,31.0,37183121.0
2018-01-08 14:11:01.831000,31.0,30.95,31.0,37183121.0
2018-01-08 14:11:05.281000,31.0,30.95,31.0,37183121.0
2018-01-08 14:11:10.897000,31.0,30.95,31.0,37183121.0
2018-01-08 14:11:15.430000,31.0,30.95,31.0,37183121.0
2018-01-08 14:11:19.510000,31.0,30.95,31.0,37183121.0
2018-01-08 14:11:22.833000,31.0,30.95,31.0,37183121.0
2018-01-08 14:11:25.630000,31.0,30.95,31.0,37183121.0
2018-01-08 14:11:29.488000,31.0,30.95,31.0,37183121.0
2018-01-08 14:11:32.891000,31.0,30.95,31.0,37183121.0
2018-01-08 14:11:36.429000,31.0,30.95,31.0,37183121.0
2018-01-08 14:11:39.598000,31.0,30.95,31.0,37183121.0
2018-01-08 14:11:43.673000,31.0,30.95,31.0,37183121.0
2018-01-08 14:11:48.456000,31.0,30.95,31.0,37264121.0
2018-01-08 14:11:52.002000,31.0,30.95,31.0,37264121.0
2018-01-08 14:11:55.553000,31.0,30.95,31.0,37264121.0
2018-01-08 14:11:59.191000,31.0,30.95,31.0,37264121.0
2018-01-08 14:12:03.253000,31.0,30.95,31.0,37264121.0
2018-01-08 14:12:05.863000,31.0,30.95,31.0,37264121.0
2018-01-08 14:12:11.816000,31.0,30.95,31.0,37264121.0
2018-01-08 14:12:17.189000,31.0,30.95,31.0,37264121.0
2018-01-08 14:12:20.863000,31.0,30.95,31.0,37264121.0
2018-01-08 14:12:24.594000,31.0,30.95,31.0,37264121.0
2018-01-08 14:12:27.846000,31.0,30.95,31.0,37264121.0
2018-01-08 14:12:30.846000,31.0,30.95,31.0,37264121.0
2018-01-08 14:12:34.585000,31.0,30.95,31.0,37264121.0
2018-01-08 14:12:38.039000,31.0,30.95,31.0,37264121.0
2018-01-08 14:12:41.892000,31.0,30.95,31.0,37271621.0
2018-01-08 14:12:45.580000,31.0,30.95,31.0,37271621.0
2018-01-08 14:12:49.015000,31.0,30.95,31.0,37271621.0
2018-01-08 14:12:53.161000,31.0,30.95,31.0,37271621.0
2018-01-08 14:12:56.987000,31.0,30.95,31.0,37271621.0
2018-01-08 14:13:00.486000,31.0,30.95,31.0,37271621.0
2018-01-08 14:13:04.740000,31.0,30.95,31.0,37271621.0
2018-01-08 14:13:08.660000,31.0,30.95,31.0,37271621.0
2018-01-08 14:13:12.882000,31.0,30.95,31.0,37271621.0
2018-01-08 14:13:16.416000,31.0,30.95,31.0,37271621.0
2018-01-08 14:13:20.992000,31.0,30.95,31.0,37271621.0
2018-01-08 14:13:24.578000,31.0,30.95,31.0,37271621.0
2018-01-08 14:13:28.222000,31.0,30.95,31.0,37271621.0
2018-01-08 14:13:32.083000,31.0,30.95,31.0,37271621.0
2018-01-08 14:13:36.024000,31.0,30.95,31.0,37311121.0
2018-01-08 14:13:39.647000,31.0,30.95,31.0,37311121.0
2018-01-08 14:13:43.055000,31.0,30.95,31.0,37311121.0
2018-01-08 14:13:46.718000,31.0,30.95,31.0,37311121.0
2018-01-08 14:13:49.881000,31.0,30.95,31.0,37311121.0
2018-01-08 14:13:53.817000,31.0,30.95,31.0,37311121.0
2018-01-08 14:13:57.676000,31.0,30.95,31.0,37311121.0
2018-01-08 14:14:01.631000,31.0,30.95,31.0,37311121.0
2018-01-08 14:14:05.286000,31.0,30.95,31.0,37311121.0
2018-01-08 14:14:08.900000,31.0,30.95,31.0,37311121.0
2018-01-08 14:14:11.938000,31.0,30.95,31.0,37311121.0
2018-01-08 14:14:18.244000,31.0,30.95,31.0,37311121.0
2018-01-08 14:14:22.473000,31.0,30.95,31.0,37311121.0
2018-01-08 14:14:25.544000,31.0,30.95,31.0,37311121.0
2018-01-08 14:14:29.548000,31.0,30.95,31.0,37313621.0
2018-01-08 14:14:33.571000,31.0,30.95,31.0,37313621.0
2018-01-08 14:14:37.286000,31.0,30.95,31.0,37313621.0
2018-01-08 14:14:40.984000,31.0,30.95,31.0,37313621.0
2018-01-08 14:14:44.994000,31.0,30.95,31.0,37313621.0
2018-01-08 14:14:48.461000,31.0,30.95,31.0,37313621.0
2018-01-08 14:14:52.427000,31.0,30.95,31.0,37313621.0
2018-01-08 14:14:55.915000,31.0,30.95,31.0,37313621.0
2018-01-08 14:14:59.429000,31.0,30.95,31.0,37313621.0
2018-01-08 14:15:02.663000,31.0,30.95,31.0,37313621.0
2018-01-08 14:15:06.490000,31.0,30.95,31.0,37313621.0
2018-01-08 14:15:12.521000,31.0,30.95,31.0,37313621.0
2018-01-08 14:15:18.663000,31.0,30.95,31.0,37349121.0
2018-01-08 14:15:22.662000,31.0,30.95,31.0,37349121.0
2018-01-08 14:15:26.498000,31.0,30.95,31.0,37349121.0
2018-01-08 14:15:29.681000,31.0,30.95,31.0,37349121.0
2018-01-08 14:15:32.931000,31.0,30.95,31.0,37349121.0
2018-01-08 14:15:36.763000,31.0,30.95,31.0,37349121.0
2018-01-08 14:15:40.389000,31.0,30.95,31.0,37349121.0
2018-01-08 14:15:43.670000,31.0,30.95,31.0,37349121.0
2018-01-08 14:15:47.138000,31.0,30.95,31.0,37349121.0
2018-01-08 14:15:51.051000,31.0,30.95,31.0,37349121.0
2018-01-08 14:15:54.870000,31.0,30.95,31.0,37502121.0
2018-01-08 14:15:58.464000,31.0,30.95,31.0,37502121.0
2018-01-08 14:16:01.687000,31.0,30.95,31.0,37502121.0
2018-01-08 14:16:05.105000,31.0,30.95,31.0,37502121.0
2018-01-08 14:16:09.120000,31.0,30.95,31.0,37502121.0
2018-01-08 14:16:12.601000,31.0,30.95,31.0,37502121.0
2018-01-08 14:16:16.667000,31.0,30.95,31.0,37502121.0
2018-01-08 14:16:21.396000,31.0,30.95,31.0,37502121.0
2018-01-08 14:16:25.357000,31.0,30.95,31.0,37502121.0
2018-01-08 14:16:28.857000,31.0,30.95,31.0,37502121.0
2018-01-08 14:16:32.994000,31.0,30.95,31.0,37502121.0
2018-01-08 14:16:36.877000,31.0,30.95,31.0,37502121.0
2018-01-08 14:16:40.372000,31.0,30.95,31.0,37502121.0
2018-01-08 14:16:44.277000,31.0,30.95,31.0,37502121.0
2018-01-08 14:16:47.572000,30.95,30.95,31.0,37533621.0
2018-01-08 14:16:51.829000,30.95,30.95,31.0,37533621.0
2018-01-08 14:16:55.507000,30.95,30.95,31.0,37533621.0
2018-01-08 14:16:59.122000,30.95,30.95,31.0,37533621.0
2018-01-08 14:17:03.010000,30.95,30.95,31.0,37533621.0
2018-01-08 14:17:06.848000,30.95,30.95,31.0,37533621.0
2018-01-08 14:17:13.777000,30.95,30.95,31.0,37533621.0
2018-01-08 14:17:17.279000,30.95,30.95,31.0,37533621.0
2018-01-08 14:17:20.450000,30.95,30.95,31.0,37533621.0
2018-01-08 14:17:23.797000,30.95,30.95,31.0,37533621.0
2018-01-08 14:17:27.540000,30.95,30.95,31.0,37533621.0
2018-01-08 14:17:31.366000,30.95,30.95,31.0,37533621.0
2018-01-08 14:17:35.874000,30.95,30.95,31.0,37533621.0
2018-01-08 14:17:39.323000,30.95,30.95,31.0,37659621.0
2018-01-08 14:17:42.919000,30.95,30.95,31.0,37659621.0
2018-01-08 14:17:46.426000,30.95,30.95,31.0,37659621.0
2018-01-08 14:17:50.507000,30.95,30.95,31.0,37659621.0
2018-01-08 14:17:53.776000,30.95,30.95,31.0,37659621.0
2018-01-08 14:17:57.449000,30.95,30.95,31.0,37659621.0
2018-01-08 14:18:01.468000,30.95,30.95,31.0,37659621.0
2018-01-08 14:18:09.229000,30.95,30.95,31.0,37659621.0
2018-01-08 14:18:15.784000,30.95,30.95,31.0,37659621.0
2018-01-08 14:18:19.817000,31.0,30.95,31.0,37770621.0
2018-01-08 14:18:22.980000,31.0,30.95,31.0,37770621.0
2018-01-08 14:18:26.081000,31.0,30.95,31.0,37770621.0
2018-01-08 14:18:29.985000,31.0,30.95,31.0,37770621.0
2018-01-08 14:18:33.814000,31.0,30.95,31.0,37770621.0
2018-01-08 14:18:37.039000,31.0,30.95,31.0,37770621.0
2018-01-08 14:18:40.421000,31.0,30.95,31.0,37770621.0
2018-01-08 14:18:44.107000,31.0,30.95,31.0,37770621.0
2018-01-08 14:18:48.016000,31.0,30.95,31.0,37770621.0
2018-01-08 14:18:51.462000,31.0,30.95,31.0,37770621.0
2018-01-08 14:18:55.171000,31.0,30.95,31.0,37770621.0
2018-01-08 14:18:58.798000,31.0,30.95,31.0,37770621.0
2018-01-08 14:19:02.253000,31.0,30.95,31.0,37770621.0
2018-01-08 14:19:07.731000,31.0,30.95,31.0,37772621.0
2018-01-08 14:19:11.531000,31.0,30.95,31.0,37772621.0
2018-01-08 14:19:19.547000,31.0,30.95,31.0,37772621.0
2018-01-08 14:19:22.924000,31.0,30.95,31.0,37772621.0
2018-01-08 14:19:26.622000,31.0,30.95,31.0,37772621.0
2018-01-08 14:19:30.578000,31.0,30.95,31.0,37772621.0
2018-01-08 14:19:33.764000,31.0,30.95,31.0,37772621.0
2018-01-08 14:19:37.298000,31.0,30.95,31.0,37772621.0
2018-01-08 14:19:40.649000,31.0,30.95,31.0,37772621.0
2018-01-08 14:19:44.596000,31.0,30.95,31.0,37772621.0
2018-01-08 14:19:48.282000,31.0,30.95,31.0,37772621.0
2018-01-08 14:19:51.799000,31.0,30.95,31.0,37772621.0
2018-01-08 14:19:55.262000,31.0,30.95,31.0,37772621.0
2018-01-08 14:19:58.857000,31.0,30.95,31.0,37883621.0
2018-01-08 14:20:07.140000,31.0,30.95,31.0,37883621.0
2018-01-08 14:20:10.425000,31.0,30.95,31.0,37883621.0
2018-01-08 14:20:14.219000,31.0,30.95,31.0,37883621.0
2018-01-08 14:20:18.467000,31.0,30.95,31.0,37883621.0
2018-01-08 14:20:22.158000,31.0,30.95,31.0,37883621.0
2018-01-08 14:20:25.581000,31.0,30.95,31.0,37883621.0
2018-01-08 14:20:29.643000,31.0,30.95,31.0,37883621.0
2018-01-08 14:20:32.584000,31.0,30.95,31.0,37883621.0
2018-01-08 14:20:36.376000,31.0,30.95,31.0,37883621.0
2018-01-08 14:20:40.115000,31.0,30.95,31.0,37948121.0
2018-01-08 14:20:43.993000,31.0,30.95,31.0,37948121.0
2018-01-08 14:20:47.893000,31.0,30.95,31.0,37948121.0
2018-01-08 14:20:51.169000,31.0,30.95,31.0,37948121.0
2018-01-08 14:20:54.551000,31.0,30.95,31.0,37948121.0
2018-01-08 14:20:58.454000,31.0,30.95,31.0,37948121.0
2018-01-08 14:21:01.706000,31.0,30.95,31.0,37948121.0
2018-01-08 14:21:10.614000,31.0,30.95,31.0,37948121.0
2018-01-08 14:21:14.630000,31.0,30.95,31.0,37948121.0
2018-01-08 14:21:18.295000,31.0,30.95,31.0,37948121.0
2018-01-08 14:21:21.517000,31.0,30.95,31.0,37948121.0
2018-01-08 14:21:25.262000,31.0,30.95,31.0,37948121.0
2018-01-08 14:21:29.032000,31.0,30.95,31.0,37948121.0
2018-01-08 14:21:32.445000,31.0,30.95,31.0,37948121.0
2018-01-08 14:21:35.532000,31.0,30.95,31.0,37948121.0
2018-01-08 14:21:38.755000,31.0,30.95,31.0,37948121.0
2018-01-08 14:21:41.752000,31.0,30.95,31.0,37948121.0
2018-01-08 14:21:45.843000,31.0,30.95,31.0,37953621.0
2018-01-08 14:21:48.954000,31.0,30.95,31.0,37953621.0
2018-01-08 14:21:52.172000,31.0,30.95,31.0,37953621.0
2018-01-08 14:21:55.501000,31.0,30.95,31.0,37953621.0
2018-01-08 14:21:59.333000,31.0,30.95,31.0,37953621.0
2018-01-08 14:22:03.174000,31.0,30.95,31.0,37953621.0
2018-01-08 14:22:11.006000,31.0,30.95,31.0,37953621.0
2018-01-08 14:22:14.127000,31.0,30.95,31.0,37953621.0
2018-01-08 14:22:17.703000,31.0,30.95,31.0,37953621.0
2018-01-08 14:22:21.627000,31.0,30.95,31.0,37953621.0
2018-01-08 14:22:25.656000,31.0,30.95,31.0,37953621.0
2018-01-08 14:22:28.504000,31.0,30.95,31.0,37953621.0
2018-01-08 14:22:32.336000,31.0,30.95,31.0,37953621.0
2018-01-08 14:22:36.537000,31.0,30.95,31.0,37953621.0
2018-01-08 14:22:39.810000,31.0,30.95,31.0,37953621.0
2018-01-08 14:22:43.173000,31.0,30.95,31.0,37953621.0
2018-01-08 14:22:46.165000,31.0,30.95,31.0,37953621.0
2018-01-08 14:22:50.210000,30.95,30.95,31.0,37982121.0
2018-01-08 14:22:54.084000,30.95,30.95,31.0,37982121.0
2018-01-08 14:22:57.924000,30.95,30.95,31.0,37982121.0
2018-01-08 14:23:01.802000,30.95,30.95,31.0,37982121.0
2018-01-08 14:23:09.076000,30.95,30.95,31.0,37982121.0
2018-01-08 14:23:12.871000,30.95,30.95,31.0,37982121.0
2018-01-08 14:23:16.687000,30.95,30.95,31.0,37982121.0
2018-01-08 14:23:19.955000,30.95,30.95,31.0,37982121.0
2018-01-08 14:23:23.582000,30.95,30.95,31.0,37982121.0
2018-01-08 14:23:27.796000,30.95,30.95,31.0,37982121.0
2018-01-08 14:23:31.746000,30.95,30.95,31.0,37982121.0
2018-01-08 14:23:35.225000,31.0,30.95,31.0,38023121.0
2018-01-08 14:23:38.972000,31.0,30.95,31.0,38023121.0
2018-01-08 14:23:43.318000,31.0,30.95,31.0,38023121.0
2018-01-08 14:23:47.230000,31.0,30.95,31.0,38023121.0
2018-01-08 14:23:51.335000,31.0,30.95,31.0,38023121.0
2018-01-08 14:23:55.287000,31.0,30.95,31.0,38023121.0
2018-01-08 14:23:58.363000,31.0,30.95,31.0,38023121.0
2018-01-08 14:24:01.773000,31.0,30.95,31.0,38023121.0
2018-01-08 14:24:09.553000,31.0,30.95,31.0,38023121.0
2018-01-08 14:24:15.128000,31.0,30.95,31.0,38023121.0
2018-01-08 14:24:18.912000,31.0,30.95,31.0,38023121.0
2018-01-08 14:24:21.976000,31.0,30.95,31.0,38023121.0
2018-01-08 14:24:25.741000,31.0,30.95,31.0,38073121.0
2018-01-08 14:24:29.073000,31.0,30.95,31.0,38073121.0
2018-01-08 14:24:33.116000,31.0,30.95,31.0,38073121.0
2018-01-08 14:24:36.273000,31.0,30.95,31.0,38073121.0
2018-01-08 14:24:40.052000,31.0,30.95,31.0,38073121.0
2018-01-08 14:24:43.615000,31.0,30.95,31.0,38073121.0
2018-01-08 14:24:46.949000,31.0,30.95,31.0,38073121.0
2018-01-08 14:24:50.259000,31.0,30.95,31.0,38073121.0
2018-01-08 14:24:53.898000,31.0,30.95,31.0,38073121.0
2018-01-08 14:24:57.561000,31.0,30.95,31.0,38073121.0
2018-01-08 14:25:01,31.0,30.95,31.0,38073121.0
2018-01-08 14:25:04.555000,31.0,30.95,31.0,38073121.0
2018-01-08 14:25:11.457000,31.0,30.95,31.0,38073121.0
2018-01-08 14:25:17.013000,31.0,30.95,31.0,38184621.0
2018-01-08 14:25:20.947000,31.0,30.95,31.0,38184621.0
2018-01-08 14:25:24.305000,31.0,30.95,31.0,38184621.0
2018-01-08 14:25:28.052000,31.0,30.95,31.0,38184621.0
2018-01-08 14:25:31.562000,31.0,30.95,31.0,38184621.0
2018-01-08 14:25:34.859000,31.0,30.95,31.0,38184621.0
2018-01-08 14:25:39.024000,31.0,30.95,31.0,38184621.0
2018-01-08 14:25:42.523000,31.0,30.95,31.0,38184621.0
2018-01-08 14:25:46.418000,31.0,30.95,31.0,38184621.0
2018-01-08 14:25:49.854000,31.0,30.95,31.0,38184621.0
2018-01-08 14:25:53.397000,31.0,30.95,31.0,38208121.0
2018-01-08 14:25:56.353000,31.0,30.95,31.0,38208121.0
2018-01-08 14:25:59.964000,31.0,30.95,31.0,38208121.0
2018-01-08 14:26:03.590000,31.0,30.95,31.0,38208121.0
2018-01-08 14:26:07.283000,31.0,30.95,31.0,38208121.0
2018-01-08 14:26:11.012000,31.0,30.95,31.0,38208121.0
2018-01-08 14:26:14.964000,31.0,30.95,31.0,38208121.0
2018-01-08 14:26:19.135000,31.0,30.95,31.0,38208121.0
2018-01-08 14:26:22.313000,31.0,30.95,31.0,38208121.0
2018-01-08 14:26:26.262000,31.0,30.95,31.0,38208121.0
2018-01-08 14:26:29.996000,31.0,30.95,31.0,38208121.0
2018-01-08 14:26:33.577000,31.0,30.95,31.0,38208121.0
2018-01-08 14:26:37.251000,31.0,30.95,31.0,38208121.0
2018-01-08 14:26:41.354000,31.0,30.95,31.0,38208121.0
2018-01-08 14:26:44.618000,31.0,30.95,31.0,38238121.0
2018-01-08 14:26:48.493000,31.0,30.95,31.0,38238121.0
2018-01-08 14:26:52.031000,31.0,30.95,31.0,38238121.0
2018-01-08 14:26:55.485000,31.0,30.95,31.0,38238121.0
2018-01-08 14:26:59.555000,31.0,30.95,31.0,38238121.0
2018-01-08 14:27:03.344000,31.0,30.95,31.0,38238121.0
2018-01-08 14:27:07.058000,31.0,30.95,31.0,38238121.0
2018-01-08 14:27:12.533000,31.0,30.95,31.0,38238121.0
2018-01-08 14:27:16.027000,31.0,30.95,31.0,38238121.0
2018-01-08 14:27:20.215000,31.0,30.95,31.0,38238121.0
2018-01-08 14:27:23.895000,31.0,30.95,31.0,38238121.0
2018-01-08 14:27:27.055000,31.0,30.95,31.0,38238121.0
2018-01-08 14:27:30.991000,31.0,30.95,31.0,38238121.0
2018-01-08 14:27:34.653000,31.0,30.95,31.0,38238121.0
2018-01-08 14:27:38.371000,31.0,30.95,31.0,38241001.0
2018-01-08 14:27:42.010000,31.0,30.95,31.0,38241001.0
2018-01-08 14:27:45.820000,31.0,30.95,31.0,38241001.0
2018-01-08 14:27:49.628000,31.0,30.95,31.0,38241001.0
2018-01-08 14:27:53.480000,31.0,30.95,31.0,38241001.0
2018-01-08 14:27:56.852000,31.0,30.95,31.0,38241001.0
2018-01-08 14:28:00.625000,31.0,30.95,31.0,38241001.0
2018-01-08 14:28:03.637000,31.0,30.95,31.0,38241001.0
2018-01-08 14:28:07.431000,31.0,30.95,31.0,38241001.0
2018-01-08 14:28:10.655000,31.0,30.95,31.0,38241001.0
2018-01-08 14:28:14.809000,31.0,30.95,31.0,38241001.0
2018-01-08 14:28:18.731000,31.0,30.95,31.0,38241001.0
2018-01-08 14:28:22.157000,31.0,30.95,31.0,38241001.0
2018-01-08 14:28:25.903000,31.0,30.95,31.0,38241001.0
2018-01-08 14:28:29.416000,31.0,30.95,31.0,38298001.0
2018-01-08 14:28:32.592000,31.0,30.95,31.0,38298001.0
2018-01-08 14:28:36.686000,31.0,30.95,31.0,38298001.0
2018-01-08 14:28:40.562000,31.0,30.95,31.0,38298001.0
2018-01-08 14:28:44.060000,31.0,30.95,31.0,38298001.0
2018-01-08 14:28:47.517000,31.0,30.95,31.0,38298001.0
2018-01-08 14:28:51.628000,31.0,30.95,31.0,38298001.0
2018-01-08 14:28:55.584000,31.0,30.95,31.0,38298001.0
2018-01-08 14:28:58.499000,31.0,30.95,31.0,38298001.0
2018-01-08 14:29:02.216000,31.0,30.95,31.0,38298001.0
2018-01-08 14:29:07.593000,31.0,30.95,31.0,38298001.0
2018-01-08 14:29:11.488000,31.0,30.95,31.0,38298001.0
2018-01-08 14:29:15.270000,31.0,30.95,31.0,38298001.0
2018-01-08 14:29:19.061000,31.0,30.95,31.0,38298001.0
2018-01-08 14:29:23.317000,30.95,30.95,31.0,38315001.0
2018-01-08 14:29:27.281000,30.95,30.95,31.0,38315001.0
2018-01-08 14:29:30.641000,30.95,30.95,31.0,38315001.0
2018-01-08 14:29:34.528000,30.95,30.95,31.0,38315001.0
2018-01-08 14:29:37.914000,30.95,30.95,31.0,38315001.0
2018-01-08 14:29:41.692000,30.95,30.95,31.0,38315001.0
2018-01-08 14:29:45.592000,30.95,30.95,31.0,38315001.0
2018-01-08 14:29:49.421000,30.95,30.95,31.0,38315001.0
2018-01-08 14:30:04.562000,30.95,30.95,31.0,38315001.0
2018-01-08 14:30:09.608000,30.95,30.95,31.0,38315001.0
2018-01-08 14:30:15.390000,30.95,30.95,31.0,38315001.0
2018-01-08 14:30:19.055000,31.0,30.95,31.0,38403501.0
2018-01-08 14:30:24.782000,31.0,30.95,31.0,38403501.0
2018-01-08 14:30:28.419000,31.0,30.95,31.0,38403501.0
2018-01-08 14:30:32.481000,31.0,30.95,31.0,38403501.0
2018-01-08 14:30:36.398000,31.0,30.95,31.0,38403501.0
2018-01-08 14:30:39.109000,31.0,30.95,31.0,38403501.0
2018-01-08 14:30:42.826000,31.0,30.95,31.0,38403501.0
2018-01-08 14:30:46.995000,31.0,30.95,31.0,38403501.0
2018-01-08 14:30:51.175000,31.0,30.95,31.0,38403501.0
2018-01-08 14:30:55.502000,31.0,30.95,31.0,38403501.0
2018-01-08 14:30:59.863000,31.0,30.95,31.0,38403501.0
2018-01-08 14:31:03.548000,31.0,30.95,31.0,38447001.0
2018-01-08 14:31:08.366000,31.0,30.95,31.0,38447001.0
2018-01-08 14:31:12.349000,31.0,30.95,31.0,38447001.0
2018-01-08 14:31:19.759000,31.0,30.95,31.0,38447001.0
2018-01-08 14:31:23.385000,31.0,30.95,31.0,38447001.0
2018-01-08 14:31:27.437000,31.0,30.95,31.0,38447001.0
2018-01-08 14:31:30.785000,31.0,30.95,31.0,38447001.0
2018-01-08 14:31:34.501000,31.0,30.95,31.0,38447001.0
2018-01-08 14:31:37.705000,31.0,30.95,31.0,38447001.0
2018-01-08 14:31:42.037000,31.0,30.95,31.0,38447001.0
2018-01-08 14:31:47.036000,31.0,30.95,31.0,38447001.0
2018-01-08 14:31:50.378000,31.0,30.95,31.0,38447001.0
2018-01-08 14:31:54.441000,31.0,30.95,31.0,38447001.0
2018-01-08 14:31:58.101000,31.0,30.95,31.0,38447001.0
2018-01-08 14:32:01.429000,31.0,30.95,31.0,38473501.0
2018-01-08 14:32:05.303000,31.0,30.95,31.0,38473501.0
2018-01-08 14:32:09.251000,31.0,30.95,31.0,38473501.0
2018-01-08 14:32:12.812000,31.0,30.95,31.0,38473501.0
2018-01-08 14:32:18.060000,31.0,30.95,31.0,38473501.0
2018-01-08 14:32:21.876000,31.0,30.95,31.0,38473501.0
2018-01-08 14:32:25.145000,31.0,30.95,31.0,38473501.0
2018-01-08 14:32:28.790000,31.0,30.95,31.0,38473501.0
2018-01-08 14:32:33.125000,31.0,30.95,31.0,38473501.0
2018-01-08 14:32:36.540000,31.0,30.95,31.0,38473501.0
2018-01-08 14:32:40.927000,31.0,30.95,31.0,38473501.0
2018-01-08 14:32:44.324000,31.0,30.95,31.0,38473501.0
2018-01-08 14:32:48.333000,31.0,30.95,31.0,38473501.0
2018-01-08 14:32:52.412000,31.0,30.95,31.0,38535501.0
2018-01-08 14:32:56.189000,31.0,30.95,31.0,38535501.0
2018-01-08 14:32:59.737000,31.0,30.95,31.0,38535501.0
2018-01-08 14:33:03.214000,31.0,30.95,31.0,38535501.0
2018-01-08 14:33:07.026000,31.0,30.95,31.0,38535501.0
2018-01-08 14:33:15.524000,31.0,30.95,31.0,38535501.0
2018-01-08 14:33:19.221000,31.0,30.95,31.0,38535501.0
2018-01-08 14:33:23.025000,31.0,30.95,31.0,38535501.0
2018-01-08 14:33:26.941000,31.0,30.95,31.0,38535501.0
2018-01-08 14:33:30.960000,31.0,30.95,31.0,38582001.0
2018-01-08 14:33:34.661000,31.0,30.95,31.0,38582001.0
2018-01-08 14:33:37.694000,31.0,30.95,31.0,38582001.0
2018-01-08 14:33:41.447000,31.0,30.95,31.0,38582001.0
2018-01-08 14:33:45.321000,31.0,30.95,31.0,38582001.0
2018-01-08 14:33:49.426000,31.0,30.95,31.0,38582001.0
2018-01-08 14:33:52.978000,31.0,30.95,31.0,38582001.0
2018-01-08 14:33:56.804000,31.0,30.95,31.0,38582001.0
2018-01-08 14:34:00.536000,31.0,30.95,31.0,38582001.0
2018-01-08 14:34:07.764000,31.0,30.95,31.0,38582001.0
2018-01-08 14:34:15.357000,31.0,30.95,31.0,38582001.0
2018-01-08 14:34:18.766000,31.0,30.95,31.0,38582001.0
2018-01-08 14:34:22.756000,31.0,30.95,31.0,38584069.0
2018-01-08 14:34:26.537000,31.0,30.95,31.0,38584069.0
2018-01-08 14:34:30.616000,31.0,30.95,31.0,38584069.0
2018-01-08 14:34:34.005000,31.0,30.95,31.0,38584069.0
2018-01-08 14:34:37.576000,31.0,30.95,31.0,38584069.0
2018-01-08 14:34:41.351000,31.0,30.95,31.0,38584069.0
2018-01-08 14:34:44.865000,31.0,30.95,31.0,38584069.0
2018-01-08 14:34:48.800000,31.0,30.95,31.0,38584069.0
2018-01-08 14:34:52.727000,31.0,30.95,31.0,38584069.0
2018-01-08 14:34:56.214000,31.0,30.95,31.0,38584069.0
2018-01-08 14:35:00.209000,31.0,30.95,31.0,38584069.0
2018-01-08 14:35:03.476000,31.0,30.95,31.0,38584069.0
2018-01-08 14:35:10.844000,31.0,30.95,31.0,38584069.0
2018-01-08 14:35:14.646000,31.0,30.95,31.0,38664569.0
2018-01-08 14:35:18.543000,31.0,30.95,31.0,38664569.0
2018-01-08 14:35:22.289000,31.0,30.95,31.0,38664569.0
2018-01-08 14:35:26.120000,31.0,30.95,31.0,38664569.0
2018-01-08 14:35:29.696000,31.0,30.95,31.0,38664569.0
2018-01-08 14:35:33.120000,31.0,30.95,31.0,38664569.0
2018-01-08 14:35:36.741000,31.0,30.95,31.0,38664569.0
2018-01-08 14:35:40.434000,31.0,30.95,31.0,38664569.0
2018-01-08 14:35:44.274000,31.0,30.95,31.0,38664569.0
2018-01-08 14:35:48.270000,31.0,30.95,31.0,38664569.0
2018-01-08 14:35:51.869000,31.0,30.95,31.0,38664569.0
2018-01-08 14:35:56.012000,31.0,30.95,31.0,38664569.0
2018-01-08 14:35:59.569000,31.0,30.95,31.0,38664569.0
2018-01-08 14:36:03.025000,31.0,30.95,31.0,38664569.0
2018-01-08 14:36:07.519000,31.0,30.95,31.0,38710069.0
2018-01-08 14:36:11.369000,31.0,30.95,31.0,38710069.0
2018-01-08 14:36:15.088000,31.0,30.95,31.0,38710069.0
2018-01-08 14:36:18.778000,31.0,30.95,31.0,38710069.0
2018-01-08 14:36:22.484000,31.0,30.95,31.0,38710069.0
2018-01-08 14:36:26.680000,31.0,30.95,31.0,38710069.0
2018-01-08 14:36:30.242000,31.0,30.95,31.0,38710069.0
2018-01-08 14:36:34.101000,31.0,30.95,31.0,38710069.0
2018-01-08 14:36:37.394000,31.0,30.95,31.0,38710069.0
2018-01-08 14:36:40.698000,31.0,30.95,31.0,38710069.0
2018-01-08 14:36:44.027000,31.0,30.95,31.0,38710069.0
2018-01-08 14:36:47.857000,31.0,30.95,31.0,38710069.0
2018-01-08 14:36:50.728000,31.0,30.95,31.0,38710069.0
2018-01-08 14:36:54.260000,31.0,30.95,31.0,38710069.0
2018-01-08 14:36:58.350000,31.0,30.95,31.0,38710069.0
2018-01-08 14:37:01.439000,31.0,30.95,31.0,38737069.0
2018-01-08 14:37:05.667000,31.0,30.95,31.0,38737069.0
2018-01-08 14:37:12.957000,31.0,30.95,31.0,38737069.0
2018-01-08 14:37:16.324000,31.0,30.95,31.0,38737069.0
2018-01-08 14:37:23.012000,31.0,30.95,31.0,38737069.0
2018-01-08 14:37:26.669000,31.0,30.95,31.0,38737069.0
2018-01-08 14:37:30.472000,31.0,30.95,31.0,38737069.0
2018-01-08 14:37:34.462000,31.0,30.95,31.0,38737069.0
2018-01-08 14:37:38.796000,31.0,30.95,31.0,38737069.0
2018-01-08 14:37:41.766000,31.0,30.95,31.0,38737069.0
2018-01-08 14:37:45.769000,31.0,30.95,31.0,38737069.0
2018-01-08 14:37:49.730000,31.0,30.95,31.0,38737069.0
2018-01-08 14:37:53.883000,31.0,30.95,31.0,38765569.0
2018-01-08 14:37:57.532000,31.0,30.95,31.0,38765569.0
2018-01-08 14:38:01.505000,31.0,30.95,31.0,38765569.0
2018-01-08 14:38:06.201000,31.0,30.95,31.0,38765569.0
2018-01-08 14:38:12.952000,31.0,30.95,31.0,38765569.0
2018-01-08 14:38:19.356000,31.0,30.95,31.0,38765569.0
2018-01-08 14:38:22.898000,31.0,30.95,31.0,38765569.0
2018-01-08 14:38:26.667000,31.0,30.95,31.0,38765569.0
2018-01-08 14:38:30.109000,31.0,30.95,31.0,38765569.0
2018-01-08 14:38:33.768000,31.0,30.95,31.0,38765569.0
2018-01-08 14:38:37.232000,31.0,30.95,31.0,38765569.0
2018-01-08 14:38:41.250000,30.95,30.95,31.0,38809569.0
2018-01-08 14:38:45.296000,30.95,30.95,31.0,38809569.0
2018-01-08 14:38:48.960000,30.95,30.95,31.0,38809569.0
2018-01-08 14:38:52.434000,30.95,30.95,31.0,38809569.0
2018-01-08 14:38:56.219000,30.95,30.95,31.0,38809569.0
2018-01-08 14:38:59.621000,30.95,30.95,31.0,38809569.0
2018-01-08 14:39:02.887000,30.95,30.95,31.0,38809569.0
2018-01-08 14:39:06.424000,30.95,30.95,31.0,38809569.0
2018-01-08 14:39:09.974000,30.95,30.95,31.0,38809569.0
2018-01-08 14:39:13.875000,30.95,30.95,31.0,38809569.0
2018-01-08 14:39:16.624000,30.95,30.95,31.0,38809569.0
2018-01-08 14:39:20.511000,31.0,30.95,31.0,38846069.0
2018-01-08 14:39:24.466000,31.0,30.95,31.0,38846069.0
2018-01-08 14:39:28.442000,31.0,30.95,31.0,38846069.0
2018-01-08 14:39:31.849000,31.0,30.95,31.0,38846069.0
2018-01-08 14:39:35.437000,31.0,30.95,31.0,38846069.0
2018-01-08 14:39:38.782000,31.0,30.95,31.0,38846069.0
2018-01-08 14:39:42.423000,31.0,30.95,31.0,38846069.0
2018-01-08 14:39:45.867000,31.0,30.95,31.0,38846069.0
2018-01-08 14:39:49.234000,31.0,30.95,31.0,38846069.0
2018-01-08 14:39:52.553000,31.0,30.95,31.0,38846069.0
2018-01-08 14:39:56.187000,31.0,30.95,31.0,38846069.0
2018-01-08 14:39:59.670000,31.0,30.95,31.0,38846069.0
2018-01-08 14:40:04.359000,31.0,30.95,31.0,38846069.0
2018-01-08 14:40:08.405000,31.0,30.95,31.0,38846069.0
2018-01-08 14:40:14.404000,31.0,30.95,31.0,38917069.0
2018-01-08 14:40:19.322000,31.0,30.95,31.0,38917069.0
2018-01-08 14:40:22.757000,31.0,30.95,31.0,38917069.0
2018-01-08 14:40:27.687000,31.0,30.95,31.0,38917069.0
2018-01-08 14:40:31.846000,31.0,30.95,31.0,38917069.0
2018-01-08 14:40:35.549000,31.0,30.95,31.0,38917069.0
2018-01-08 14:40:39.577000,31.0,30.95,31.0,38917069.0
2018-01-08 14:40:43.096000,31.0,30.95,31.0,38917069.0
2018-01-08 14:40:46.002000,31.0,30.95,31.0,38917069.0
2018-01-08 14:40:49.364000,31.0,30.95,31.0,38917069.0
2018-01-08 14:40:52.795000,31.0,30.95,31.0,38917069.0
2018-01-08 14:40:55.862000,31.0,30.95,31.0,38917069.0
2018-01-08 14:40:59.469000,31.0,30.95,31.0,38917069.0
2018-01-08 14:41:03.135000,31.0,30.95,31.0,38931569.0
2018-01-08 14:41:09.768000,31.0,30.95,31.0,38931569.0
2018-01-08 14:41:13.643000,31.0,30.95,31.0,38931569.0
2018-01-08 14:41:17.821000,31.0,30.95,31.0,38931569.0
2018-01-08 14:41:21.708000,31.0,30.95,31.0,38931569.0
2018-01-08 14:41:25.265000,31.0,30.95,31.0,38931569.0
2018-01-08 14:41:31.940000,31.0,30.95,31.0,38931569.0
2018-01-08 14:41:42.007000,31.0,30.95,31.0,38931569.0
2018-01-08 14:41:51.587000,31.0,30.95,31.0,38931569.0
2018-01-08 14:42:02.270000,31.0,30.95,31.0,38966620.0
2018-01-08 14:42:14.069000,31.0,30.95,31.0,38966620.0
2018-01-08 14:42:18.327000,31.0,30.95,31.0,38966620.0
2018-01-08 14:42:22.348000,31.0,30.95,31.0,38966620.0
2018-01-08 14:42:27.858000,31.0,30.95,31.0,38966620.0
2018-01-08 14:42:32.027000,31.0,30.95,31.0,39096620.0
2018-01-08 14:42:35.396000,31.0,30.95,31.0,39096620.0
2018-01-08 14:42:38.854000,31.0,30.95,31.0,39096620.0
2018-01-08 14:42:41.962000,31.0,30.95,31.0,39096620.0
2018-01-08 14:42:46.083000,31.0,30.95,31.0,39096620.0
2018-01-08 14:42:49.814000,31.0,30.95,31.0,39096620.0
2018-01-08 14:42:53.648000,31.0,30.95,31.0,39096620.0
2018-01-08 14:42:57.131000,31.0,30.95,31.0,39096620.0
2018-01-08 14:43:00.850000,31.0,30.95,31.0,39096620.0
2018-01-08 14:43:04.611000,31.0,30.95,31.0,39096620.0
2018-01-08 14:43:07.836000,31.0,30.95,31.0,39096620.0
2018-01-08 14:43:13.350000,31.0,30.95,31.0,39157120.0
2018-01-08 14:43:17.367000,31.0,30.95,31.0,39157120.0
2018-01-08 14:43:21.130000,31.0,30.95,31.0,39157120.0
2018-01-08 14:43:24.817000,31.0,30.95,31.0,39157120.0
2018-01-08 14:43:28.124000,31.0,30.95,31.0,39157120.0
2018-01-08 14:43:32.163000,31.0,30.95,31.0,39157120.0
2018-01-08 14:43:36.441000,31.0,30.95,31.0,39157120.0
2018-01-08 14:43:40.649000,31.0,30.95,31.0,39157120.0
2018-01-08 14:43:44.465000,31.0,30.95,31.0,39157120.0
2018-01-08 14:43:47.447000,31.0,30.95,31.0,39157120.0
2018-01-08 14:43:51.567000,31.0,30.95,31.0,39157120.0
2018-01-08 14:43:55.593000,31.0,30.95,31.0,39157120.0
2018-01-08 14:43:59.665000,31.0,30.95,31.0,39198620.0
2018-01-08 14:44:02.811000,31.0,30.95,31.0,39198620.0
2018-01-08 14:44:06.538000,31.0,30.95,31.0,39198620.0
2018-01-08 14:44:09.740000,31.0,30.95,31.0,39198620.0
2018-01-08 14:44:13.508000,31.0,30.95,31.0,39198620.0
2018-01-08 14:44:17.744000,31.0,30.95,31.0,39198620.0
2018-01-08 14:44:21.367000,31.0,30.95,31.0,39198620.0
2018-01-08 14:44:24.973000,31.0,30.95,31.0,39198620.0
2018-01-08 14:44:29.205000,31.0,30.95,31.0,39198620.0
2018-01-08 14:44:33.365000,31.0,30.95,31.0,39198620.0
2018-01-08 14:44:36.599000,31.0,30.95,31.0,39198620.0
2018-01-08 14:44:40.194000,31.0,30.95,31.0,39198620.0
2018-01-08 14:44:43.177000,31.0,30.95,31.0,39198620.0
2018-01-08 14:44:47.040000,31.0,30.95,31.0,39198620.0
2018-01-08 14:44:51.243000,31.0,30.95,31.0,39198620.0
2018-01-08 14:44:54.598000,31.0,30.95,31.0,39240620.0
2018-01-08 14:44:57.481000,31.0,30.95,31.0,39240620.0
2018-01-08 14:45:01.276000,31.0,30.95,31.0,39240620.0
2018-01-08 14:45:05.367000,31.0,30.95,31.0,39240620.0
2018-01-08 14:45:08.692000,31.0,30.95,31.0,39240620.0
2018-01-08 14:45:12.510000,31.0,30.95,31.0,39240620.0
2018-01-08 14:45:15.711000,31.0,30.95,31.0,39240620.0
2018-01-08 14:45:19.449000,31.0,30.95,31.0,39240620.0
2018-01-08 14:45:23.246000,31.0,30.95,31.0,39240620.0
2018-01-08 14:45:29.097000,31.0,30.95,31.0,39240620.0
2018-01-08 14:45:33.150000,31.0,30.95,31.0,39240620.0
2018-01-08 14:45:37.108000,31.0,30.95,31.0,39240620.0
2018-01-08 14:45:41.068000,31.0,30.95,31.0,39240620.0
2018-01-08 14:45:44.616000,31.0,30.95,31.0,39240620.0
2018-01-08 14:45:48.201000,31.0,30.95,31.0,39281120.0
2018-01-08 14:45:52.009000,31.0,30.95,31.0,39281120.0
2018-01-08 14:45:55.256000,31.0,30.95,31.0,39281120.0
2018-01-08 14:45:58.494000,31.0,30.95,31.0,39281120.0
2018-01-08 14:46:02.121000,31.0,30.95,31.0,39281120.0
2018-01-08 14:46:06.242000,31.0,30.95,31.0,39281120.0
2018-01-08 14:46:14.216000,31.0,30.95,31.0,39281120.0
2018-01-08 14:46:20.197000,31.0,30.95,31.0,39281120.0
2018-01-08 14:46:23.934000,31.0,30.95,31.0,39281120.0
2018-01-08 14:46:27.479000,31.0,30.95,31.0,39281120.0
2018-01-08 14:46:30.866000,31.0,30.95,31.0,39281120.0
2018-01-08 14:46:34.489000,31.0,30.95,31.0,39281120.0
2018-01-08 14:46:38.073000,31.0,30.95,31.0,39336292.0
2018-01-08 14:46:41.556000,31.0,30.95,31.0,39336292.0
2018-01-08 14:46:45.508000,31.0,30.95,31.0,39336292.0
2018-01-08 14:46:49.325000,31.0,30.95,31.0,39336292.0
2018-01-08 14:46:52.656000,31.0,30.95,31.0,39336292.0
2018-01-08 14:46:56.427000,31.0,30.95,31.0,39336292.0
2018-01-08 14:47:00.371000,31.0,30.95,31.0,39336292.0
2018-01-08 14:47:04.031000,31.0,30.95,31.0,39336292.0
2018-01-08 14:47:07.929000,31.0,30.95,31.0,39336292.0
2018-01-08 14:47:15.306000,31.0,30.95,31.0,39336292.0
2018-01-08 14:47:18.920000,31.0,30.95,31.0,39336292.0
2018-01-08 14:47:22.169000,31.0,30.95,31.0,39336292.0
2018-01-08 14:47:26.105000,31.0,30.95,31.0,39336292.0
2018-01-08 14:47:29.736000,31.0,30.95,31.0,39336292.0
2018-01-08 14:47:33.639000,31.0,30.95,31.0,39423292.0
2018-01-08 14:47:37.151000,31.0,30.95,31.0,39423292.0
2018-01-08 14:47:41.263000,31.0,30.95,31.0,39423292.0
2018-01-08 14:47:44.522000,31.0,30.95,31.0,39423292.0
2018-01-08 14:47:48.272000,31.0,30.95,31.0,39423292.0
2018-01-08 14:47:51.364000,31.0,30.95,31.0,39423292.0
2018-01-08 14:47:54.561000,31.0,30.95,31.0,39423292.0
2018-01-08 14:47:57.997000,31.0,30.95,31.0,39423292.0
2018-01-08 14:48:01.510000,31.0,30.95,31.0,39423292.0
2018-01-08 14:48:05.418000,31.0,30.95,31.0,39423292.0
2018-01-08 14:48:08.594000,31.0,30.95,31.0,39423292.0
2018-01-08 14:48:12.516000,31.0,30.95,31.0,39423292.0
2018-01-08 14:48:15.778000,31.0,30.95,31.0,39467292.0
2018-01-08 14:48:19.571000,31.0,30.95,31.0,39467292.0
2018-01-08 14:48:22.984000,31.0,30.95,31.0,39467292.0
2018-01-08 14:48:26.748000,31.0,30.95,31.0,39467292.0
2018-01-08 14:48:30.450000,31.0,30.95,31.0,39467292.0
2018-01-08 14:48:34.176000,31.0,30.95,31.0,39467292.0
2018-01-08 14:48:37.746000,31.0,30.95,31.0,39467292.0
2018-01-08 14:48:41.513000,31.0,30.95,31.0,39467292.0
2018-01-08 14:48:45.370000,31.0,30.95,31.0,39467292.0
2018-01-08 14:48:48.701000,31.0,30.95,31.0,39467292.0
2018-01-08 14:48:52.530000,31.0,30.95,31.0,39467292.0
2018-01-08 14:48:55.813000,31.0,30.95,31.0,39467292.0
2018-01-08 14:48:59.279000,31.0,30.95,31.0,39467292.0
2018-01-08 14:49:03.149000,31.0,30.95,31.0,39467292.0
2018-01-08 14:49:06.883000,31.0,30.95,31.0,39467292.0
2018-01-08 14:49:10.167000,31.0,30.95,31.0,39467292.0
2018-01-08 14:49:13.867000,31.0,30.95,31.0,39467292.0
2018-01-08 14:49:17.814000,31.0,30.95,31.0,39474792.0
2018-01-08 14:49:21.168000,31.0,30.95,31.0,39474792.0
2018-01-08 14:49:24.933000,31.0,30.95,31.0,39474792.0
2018-01-08 14:49:28.892000,31.0,30.95,31.0,39474792.0
2018-01-08 14:49:32.377000,31.0,30.95,31.0,39474792.0
2018-01-08 14:49:35.404000,31.0,30.95,31.0,39474792.0
2018-01-08 14:49:39.203000,31.0,30.95,31.0,39474792.0
2018-01-08 14:49:43.158000,31.0,30.95,31.0,39474792.0
2018-01-08 14:49:46.484000,31.0,30.95,31.0,39474792.0
2018-01-08 14:49:50.343000,31.0,30.95,31.0,39632292.0
2018-01-08 14:49:54.338000,31.0,30.95,31.0,39632292.0
2018-01-08 14:49:58.002000,31.0,30.95,31.0,39632292.0
2018-01-08 14:50:01.923000,31.0,30.95,31.0,39632292.0
2018-01-08 14:50:05.857000,31.0,30.95,31.0,39632292.0
2018-01-08 14:50:09.884000,31.0,30.95,31.0,39632292.0
2018-01-08 14:50:13.513000,31.0,30.95,31.0,39632292.0
2018-01-08 14:50:17.118000,31.0,30.95,31.0,39632292.0
2018-01-08 14:50:21.811000,31.0,30.95,31.0,39632292.0
2018-01-08 14:50:26.077000,31.0,30.95,31.0,39632292.0
2018-01-08 14:50:29.626000,31.0,30.95,31.0,39632292.0
2018-01-08 14:50:33.181000,31.0,30.95,31.0,39888292.0
2018-01-08 14:50:37.179000,31.0,30.95,31.0,39888292.0
2018-01-08 14:50:40.670000,31.0,30.95,31.0,39888292.0
2018-01-08 14:50:44.393000,31.0,30.95,31.0,39888292.0
2018-01-08 14:50:47.978000,31.0,30.95,31.0,39888292.0
2018-01-08 14:50:51.418000,31.0,30.95,31.0,39888292.0
2018-01-08 14:50:54.854000,31.0,30.95,31.0,39888292.0
2018-01-08 14:50:58.003000,31.0,30.95,31.0,39888292.0
2018-01-08 14:51:03.511000,31.0,30.95,31.0,39888292.0
2018-01-08 14:51:07.170000,31.0,30.95,31.0,39888292.0
2018-01-08 14:51:15.954000,31.0,30.95,31.0,39888292.0
2018-01-08 14:51:19.332000,31.0,30.95,31.0,39888292.0
2018-01-08 14:51:22.805000,31.0,30.95,31.0,39888292.0
2018-01-08 14:51:26.468000,31.0,30.95,31.0,39888292.0
2018-01-08 14:51:30.175000,31.0,30.95,31.0,39888292.0
2018-01-08 14:51:33.962000,31.0,30.95,31.0,39888292.0
2018-01-08 14:51:37.090000,31.0,30.95,31.0,39891292.0
2018-01-08 14:51:40.387000,31.0,30.95,31.0,39891292.0
2018-01-08 14:51:43.944000,31.0,30.95,31.0,39891292.0
2018-01-08 14:51:47.995000,31.0,30.95,31.0,39891292.0
2018-01-08 14:51:51.064000,31.0,30.95,31.0,39891292.0
2018-01-08 14:51:54.597000,31.0,30.95,31.0,39891292.0
2018-01-08 14:51:58.350000,31.0,30.95,31.0,39891292.0
2018-01-08 14:52:01.931000,31.0,30.95,31.0,39891292.0
2018-01-08 14:52:05.301000,31.0,30.95,31.0,39891292.0
2018-01-08 14:52:13.027000,31.0,30.95,31.0,39891292.0
2018-01-08 14:52:16.728000,31.0,30.95,31.0,39891292.0
2018-01-08 14:52:20.848000,31.0,30.95,31.0,39891292.0
2018-01-08 14:52:24.209000,31.0,30.95,31.0,39891292.0
2018-01-08 14:52:27.864000,31.0,30.95,31.0,39891292.0
2018-01-08 14:52:31.253000,31.0,30.95,31.0,39949792.0
2018-01-08 14:52:35.253000,31.0,30.95,31.0,39949792.0
2018-01-08 14:52:39.453000,31.0,30.95,31.0,39949792.0
2018-01-08 14:52:42.834000,31.0,30.95,31.0,39949792.0
2018-01-08 14:52:45.891000,31.0,30.95,31.0,39949792.0
2018-01-08 14:52:49.613000,31.0,30.95,31.0,39949792.0
2018-01-08 14:52:53.354000,31.0,30.95,31.0,39949792.0
2018-01-08 14:52:57.339000,31.0,30.95,31.0,39949792.0
2018-01-08 14:53:00.435000,,,,
2018-01-08 14:53:04.213000,31.0,30.95,31.0,39949792.0
2018-01-08 14:53:11.626000,31.0,30.95,31.0,39949792.0
2018-01-08 14:53:15.799000,31.0,30.95,31.0,39949792.0
2018-01-08 14:53:19.660000,31.0,30.95,31.0,39949792.0
2018-01-08 14:53:23.482000,31.0,30.95,31.0,39985792.0
2018-01-08 14:53:26.866000,31.0,30.95,31.0,39985792.0
2018-01-08 14:53:30.402000,31.0,30.95,31.0,39985792.0
2018-01-08 14:53:34.719000,31.0,30.95,31.0,39985792.0
2018-01-08 14:53:38.418000,31.0,30.95,31.0,39985792.0
2018-01-08 14:53:42.414000,31.0,30.95,31.0,39985792.0
2018-01-08 14:53:46.569000,31.0,30.95,31.0,39985792.0
2018-01-08 14:53:50.489000,31.0,30.95,31.0,39985792.0
2018-01-08 14:53:54.320000,31.0,30.95,31.0,39985792.0
2018-01-08 14:53:58.854000,31.0,30.95,31.0,39985792.0
2018-01-08 14:54:02.960000,31.0,30.95,31.0,39985792.0
2018-01-08 14:54:11.365000,31.0,30.95,31.0,39985792.0
2018-01-08 14:54:16.488000,31.0,30.95,31.0,39987792.0
2018-01-08 14:54:20.014000,31.0,30.95,31.0,39987792.0
2018-01-08 14:54:23.977000,31.0,30.95,31.0,39987792.0
2018-01-08 14:54:27.944000,31.0,30.95,31.0,39987792.0
2018-01-08 14:54:31.551000,31.0,30.95,31.0,39987792.0
2018-01-08 14:54:35.529000,31.0,30.95,31.0,39987792.0
2018-01-08 14:54:39.586000,31.0,30.95,31.0,39987792.0
2018-01-08 14:54:43.555000,31.0,30.95,31.0,39987792.0
2018-01-08 14:54:47.204000,31.0,30.95,31.0,39987792.0
2018-01-08 14:54:51.020000,31.0,30.95,31.0,39987792.0
2018-01-08 14:54:55.006000,31.0,30.95,31.0,39987792.0
2018-01-08 14:54:59.270000,30.95,30.95,31.0,40019792.0
2018-01-08 14:55:06.770000,30.95,30.95,31.0,40019792.0
2018-01-08 14:55:12.728000,30.95,30.95,31.0,40019792.0
2018-01-08 14:55:16.460000,30.95,30.95,31.0,40019792.0
2018-01-08 14:55:20.772000,30.95,30.95,31.0,40019792.0
2018-01-08 14:55:24.917000,30.95,30.95,31.0,40019792.0
2018-01-08 14:55:28.698000,30.95,30.95,31.0,40019792.0
2018-01-08 14:55:32.603000,30.95,30.95,31.0,40019792.0
2018-01-08 14:55:35.992000,30.95,30.95,31.0,40019792.0
2018-01-08 14:55:39.499000,30.95,30.95,31.0,40019792.0
2018-01-08 14:55:43.293000,31.0,30.95,31.0,40065792.0
2018-01-08 14:55:47.493000,31.0,30.95,31.0,40065792.0
2018-01-08 14:55:51.477000,31.0,30.95,31.0,40065792.0
2018-01-08 14:55:54.887000,31.0,30.95,31.0,40065792.0
2018-01-08 14:55:58.775000,31.0,30.95,31.0,40065792.0
2018-01-08 14:56:02.283000,31.0,30.95,31.0,40065792.0
2018-01-08 14:56:06.243000,31.0,30.95,31.0,40065792.0
2018-01-08 14:56:13.682000,31.0,30.95,31.0,40065792.0
2018-01-08 14:56:18.456000,31.0,30.95,31.0,40065792.0
2018-01-08 14:56:21.898000,31.0,30.95,31.0,40065792.0
2018-01-08 14:56:24.878000,31.0,30.95,31.0,40065792.0
2018-01-08 14:56:28.449000,31.0,30.95,31.0,40065792.0
2018-01-08 14:56:31.884000,31.0,30.95,31.0,40065792.0
2018-01-08 14:56:35.497000,31.0,30.95,31.0,40098292.0
2018-01-08 14:56:39.329000,31.0,30.95,31.0,40098292.0
2018-01-08 14:56:43.354000,31.0,30.95,31.0,40098292.0
2018-01-08 14:56:46.947000,31.0,30.95,31.0,40098292.0
2018-01-08 14:56:50.767000,31.0,30.95,31.0,40098292.0
2018-01-08 14:56:55.105000,31.0,30.95,31.0,40098292.0
2018-01-08 14:56:58.840000,31.0,30.95,31.0,40098292.0
2018-01-08 14:57:02.789000,31.0,30.95,31.0,40098292.0
2018-01-08 14:57:08.246000,31.0,30.95,31.0,40098292.0
2018-01-08 14:57:11.618000,31.0,30.95,31.0,40098292.0
2018-01-08 14:57:15.447000,31.0,30.95,31.0,40098292.0
2018-01-08 14:57:19.747000,31.0,30.95,31.0,40098292.0
2018-01-08 14:57:23.528000,31.0,30.95,31.0,40158292.0
2018-01-08 14:57:27.058000,31.0,31.0,31.05,42736792.0
2018-01-08 14:57:30.277000,31.0,31.0,31.05,42736792.0
2018-01-08 14:57:34.190000,31.0,31.0,31.05,42736792.0
2018-01-08 14:57:38.290000,31.0,31.0,31.05,42736792.0
2018-01-08 14:57:42.182000,31.0,31.0,31.05,42736792.0
2018-01-08 14:57:46.089000,31.0,31.0,31.05,44402492.0
2018-01-08 14:57:50.199000,31.0,31.0,31.05,44402492.0
2018-01-08 14:57:54.260000,31.0,31.0,31.05,44402492.0
2018-01-08 14:57:58.171000,31.0,31.0,31.05,44402492.0
2018-01-08 14:58:02.153000,31.0,31.0,31.05,44402492.0
2018-01-08 14:58:06.430000,31.0,31.0,31.05,44402492.0
2018-01-08 14:58:12.078000,31.0,31.0,31.05,44402492.0
2018-01-08 14:58:15.488000,31.0,31.0,31.05,44402492.0
2018-01-08 14:58:19.122000,31.05,31.0,31.05,45288702.0
2018-01-08 14:58:22.949000,31.05,31.0,31.05,45288702.0
2018-01-08 14:58:26.729000,31.05,31.0,31.05,45288702.0
2018-01-08 14:58:30.824000,31.05,31.0,31.05,45288702.0
2018-01-08 14:58:34.970000,31.05,31.0,31.05,45288702.0
2018-01-08 14:58:38.886000,31.05,31.0,31.05,45288702.0
2018-01-08 14:58:42.731000,31.05,31.0,31.05,45288702.0
2018-01-08 14:58:45.995000,31.05,31.0,31.05,45288702.0
2018-01-08 14:58:49.984000,31.05,31.0,31.05,45288702.0
2018-01-08 14:58:53.706000,31.05,31.0,31.05,45288702.0
2018-01-08 14:58:57.874000,31.05,31.0,31.05,45288702.0
2018-01-08 14:59:01.573000,31.05,31.0,31.05,45288702.0
2018-01-08 14:59:04.848000,31.05,31.0,31.05,45288702.0
2018-01-08 14:59:08.387000,31.05,31.0,31.05,45288702.0
2018-01-08 14:59:11.887000,31.05,31.0,31.05,45288702.0
2018-01-08 14:59:15.888000,31.05,31.0,31.05,45288702.0
2018-01-08 14:59:19.782000,31.05,31.0,31.05,45288702.0
2018-01-08 14:59:24.092000,31.05,31.0,31.05,45288702.0
2018-01-08 14:59:27.939000,31.05,31.0,31.05,45288702.0
2018-01-08 14:59:32.107000,31.05,31.0,31.05,45304202.0
2018-01-08 14:59:36.098000,31.05,31.0,31.05,45304202.0
2018-01-08 14:59:39.555000,31.05,31.0,31.05,45304202.0
2018-01-08 14:59:43.538000,31.05,31.0,31.05,45304202.0
2018-01-08 14:59:47.796000,31.05,31.0,31.05,45304202.0
2018-01-08 14:59:51.792000,31.05,31.0,31.05,45304202.0
2018-01-08 14:59:55.358000,31.05,31.0,31.05,45304202.0
2018-01-08 14:59:59.283000,31.05,31.0,31.05,45304202.0
2018-01-08 15:00:05.708000,31.05,31.0,31.05,45304202.0
2018-01-08 15:00:11.622000,31.05,31.0,31.05,45304202.0
2018-01-08 15:00:15.535000,31.05,31.0,31.05,45304202.0
2018-01-08 15:00:19.573000,31.05,31.0,31.05,45304202.0
2018-01-08 15:00:24.759000,31.05,31.0,31.05,45307702.0
2018-01-08 15:00:28.782000,31.05,31.0,31.05,45307702.0
2018-01-08 15:00:32.467000,31.05,31.0,31.05,45307702.0
2018-01-08 15:00:35.885000,31.05,31.0,31.05,45307702.0
2018-01-08 15:00:39.421000,31.05,31.0,31.05,45307702.0
2018-01-08 15:00:43.101000,31.05,31.0,31.05,45307702.0
2018-01-08 15:00:46.624000,31.05,31.0,31.05,45307702.0
2018-01-08 15:00:49.761000,31.05,31.0,31.05,45307702.0
2018-01-08 15:00:53.204000,31.05,31.0,31.05,45307702.0
2018-01-08 15:00:57.204000,31.05,31.0,31.05,45307702.0
2018-01-08 15:01:01.006000,31.05,31.0,31.05,45307702.0
2018-01-08 15:01:08.019000,31.05,31.0,31.05,45307702.0
2018-01-08 15:01:14.614000,31.05,31.0,31.05,45307702.0
2018-01-08 15:01:18.099000,31.05,31.0,31.05,45309702.0
2018-01-08 15:01:21.835000,31.05,31.0,31.05,45309702.0
2018-01-08 15:01:27.159000,31.05,31.0,31.05,45309702.0
2018-01-08 15:01:31.266000,31.05,31.0,31.05,45309702.0
2018-01-08 15:01:35.348000,31.05,31.0,31.05,45309702.0
2018-01-08 15:01:39.226000,31.05,31.0,31.05,45309702.0
2018-01-08 15:01:42.908000,31.05,31.0,31.05,45309702.0
2018-01-08 15:01:46.361000,31.05,31.0,31.05,45309702.0
2018-01-08 15:01:50.224000,31.05,31.0,31.05,45309702.0
2018-01-08 15:01:53.565000,31.05,31.0,31.05,45309702.0
2018-01-08 15:01:57.604000,31.05,31.0,31.05,45309702.0
2018-01-08 15:02:01.313000,31.05,31.0,31.05,45309702.0
2018-01-08 15:02:06.875000,31.05,31.0,31.05,45309702.0
2018-01-08 15:02:12.516000,31.05,31.0,31.05,45312202.0
2018-01-08 15:02:16.688000,31.05,31.0,31.05,45312202.0
2018-01-08 15:02:20.551000,31.05,31.0,31.05,45312202.0
2018-01-08 15:02:24.049000,31.05,31.0,31.05,45312202.0
2018-01-08 15:02:28.096000,31.05,31.0,31.05,45312202.0
2018-01-08 15:02:31.423000,31.05,31.0,31.05,45312202.0
2018-01-08 15:02:35.221000,31.05,31.0,31.05,45312202.0
2018-01-08 15:02:39.394000,31.05,31.0,31.05,45312202.0
2018-01-08 15:02:42.894000,31.05,31.0,31.05,45312202.0
2018-01-08 15:02:46.976000,31.05,31.0,31.05,45312202.0
2018-01-08 15:02:50.456000,31.05,31.0,31.05,45312202.0
2018-01-08 15:02:54.430000,31.05,31.0,31.05,45312202.0
2018-01-08 15:02:57.865000,31.05,31.0,31.05,45312202.0
2018-01-08 15:03:01.143000,31.05,31.0,31.05,45314202.0
2018-01-08 15:03:04.979000,31.05,31.0,31.05,45314202.0
2018-01-08 15:03:08.467000,31.05,31.0,31.05,45314202.0
2018-01-08 15:03:11.814000,31.05,31.0,31.05,45314202.0
2018-01-08 15:03:15.539000,31.05,31.0,31.05,45314202.0
2018-01-08 15:03:20.447000,31.05,31.0,31.05,45314202.0
2018-01-08 15:03:25.075000,31.05,31.0,31.05,45314202.0
2018-01-08 15:03:29.102000,31.05,31.0,31.05,45314202.0
2018-01-08 15:03:32.897000,31.05,31.0,31.05,45314202.0
2018-01-08 15:03:36.383000,31.05,31.0,31.05,45314202.0
2018-01-08 15:03:40.398000,31.05,31.0,31.05,45314202.0
2018-01-08 15:03:44.364000,31.05,31.0,31.05,45314202.0
2018-01-08 15:03:48.226000,31.05,31.0,31.05,45314202.0
2018-01-08 15:03:52.036000,31.05,31.0,31.05,45314202.0
2018-01-08 15:03:55.727000,31.05,31.0,31.05,45314202.0
2018-01-08 15:03:59.513000,31.05,31.0,31.05,45314202.0
2018-01-08 15:04:03.177000,31.05,31.0,31.05,45314202.0
2018-01-08 15:04:07.304000,31.05,31.0,31.05,45314202.0
2018-01-08 15:04:11.312000,31.05,31.0,31.05,45317202.0
2018-01-08 15:04:15.534000,31.05,31.0,31.05,45317202.0
2018-01-08 15:04:19.996000,31.05,31.0,31.05,45317202.0
2018-01-08 15:04:24.040000,31.05,31.0,31.05,45317202.0
2018-01-08 15:04:28.098000,31.05,31.0,31.05,45317202.0
2018-01-08 15:04:32.083000,31.05,31.0,31.05,45317202.0
2018-01-08 15:04:35.481000,31.05,31.0,31.05,45317202.0
2018-01-08 15:04:39.098000,31.05,31.0,31.05,45317202.0
2018-01-08 15:04:43.069000,31.05,31.0,31.05,45317202.0
2018-01-08 15:04:46.944000,31.05,31.0,31.05,45317202.0
2018-01-08 15:04:50.479000,31.05,31.0,31.05,45317202.0
2018-01-08 15:04:54.448000,31.05,31.0,31.05,45317202.0
2018-01-08 15:04:58.225000,31.05,31.0,31.05,45317202.0
2018-01-08 15:05:02.023000,31.05,31.0,31.05,45317202.0
2018-01-08 15:05:05.653000,31.05,31.0,31.05,45328702.0
2018-01-08 15:05:09.229000,31.05,31.0,31.05,45328702.0
2018-01-08 15:05:14.853000,31.05,31.0,31.05,45328702.0
2018-01-08 15:05:19.214000,31.05,31.0,31.05,45328702.0
2018-01-08 15:05:23.343000,31.05,31.0,31.05,45328702.0
2018-01-08 15:05:28.324000,31.05,31.0,31.05,45328702.0
2018-01-08 15:05:32.474000,31.05,31.0,31.05,45328702.0
2018-01-08 15:05:35.919000,31.05,31.0,31.05,45328702.0
2018-01-08 15:05:39.822000,31.05,31.0,31.05,45328702.0
2018-01-08 15:05:43.557000,31.05,31.0,31.05,45328702.0
2018-01-08 15:05:47.367000,31.05,31.0,31.05,45328702.0
2018-01-08 15:05:51.465000,31.05,31.0,31.05,45328702.0
2018-01-08 15:05:55.782000,31.05,31.0,31.05,45330702.0
2018-01-08 15:05:59.657000,31.05,31.0,31.05,45330702.0
2018-01-08 15:06:03.084000,31.05,31.0,31.05,45330702.0
2018-01-08 15:06:10.967000,31.05,31.0,31.05,45330702.0
2018-01-08 15:06:15.048000,31.05,31.0,31.05,45330702.0
2018-01-08 15:06:18.497000,31.05,31.0,31.05,45330702.0
2018-01-08 15:06:21.514000,31.05,31.0,31.05,45330702.0
2018-01-08 15:06:25.344000,31.05,31.0,31.05,45330702.0
2018-01-08 15:06:29.298000,31.05,31.0,31.05,45330702.0
2018-01-08 15:06:33.305000,31.05,31.0,31.05,45330702.0
2018-01-08 15:06:36.712000,31.05,31.0,31.05,45330702.0
2018-01-08 15:06:40.698000,31.05,31.0,31.05,45330702.0
2018-01-08 15:06:44.387000,31.05,31.0,31.05,45330702.0
2018-01-08 15:06:48.903000,31.05,31.0,31.05,45334702.0
2018-01-08 15:06:52.902000,31.05,31.0,31.05,45334702.0
2018-01-08 15:06:56.465000,31.05,31.0,31.05,45334702.0
2018-01-08 15:07:00.156000,31.05,31.0,31.05,45334702.0
2018-01-08 15:07:03.731000,31.05,31.0,31.05,45334702.0
2018-01-08 15:07:10.777000,31.05,31.0,31.05,45334702.0
2018-01-08 15:07:14.825000,31.05,31.0,31.05,45334702.0
2018-01-08 15:07:19.926000,31.05,31.0,31.05,45334702.0
2018-01-08 15:07:24.454000,31.05,31.0,31.05,45334702.0
2018-01-08 15:07:28.466000,31.05,31.0,31.05,45334702.0
2018-01-08 15:07:32.475000,31.05,31.0,31.05,45334702.0
2018-01-08 15:07:36.201000,31.05,31.0,31.05,45334702.0
2018-01-08 15:07:39.843000,31.05,31.0,31.05,45334702.0
2018-01-08 15:07:43.748000,31.05,31.0,31.05,45336702.0
2018-01-08 15:07:46.745000,31.05,31.0,31.05,45336702.0
2018-01-08 15:07:50.288000,31.05,31.0,31.05,45336702.0
2018-01-08 15:07:54.962000,31.05,31.0,31.05,45336702.0
2018-01-08 15:07:58.836000,31.05,31.0,31.05,45336702.0
2018-01-08 15:08:03.496000,31.05,31.0,31.05,45336702.0
2018-01-08 15:08:06.830000,31.05,31.0,31.05,45336702.0
2018-01-08 15:08:10.510000,31.05,31.0,31.05,45336702.0
2018-01-08 15:08:14.234000,31.05,31.0,31.05,45336702.0
2018-01-08 15:08:18.165000,31.05,31.0,31.05,45336702.0
2018-01-08 15:08:22.091000,31.05,31.0,31.05,45336702.0
2018-01-08 15:08:26.275000,31.05,31.0,31.05,45336702.0
2018-01-08 15:08:30.274000,31.05,31.0,31.05,45336702.0
2018-01-08 15:08:33.669000,31.05,31.0,31.05,45354202.0
2018-01-08 15:08:37.906000,31.05,31.0,31.05,45354202.0
2018-01-08 15:08:41.933000,31.05,31.0,31.05,45354202.0
2018-01-08 15:08:46.340000,31.05,31.0,31.05,45354202.0
2018-01-08 15:08:50.148000,31.05,31.0,31.05,45354202.0
2018-01-08 15:08:54.017000,31.05,31.0,31.05,45354202.0
2018-01-08 15:08:58.515000,31.05,31.0,31.05,45354202.0
2018-01-08 15:09:06.483000,31.05,31.0,31.05,45354202.0
2018-01-08 15:09:11.542000,31.05,31.0,31.05,45354202.0
2018-01-08 15:09:15.439000,31.05,31.0,31.05,45354202.0
2018-01-08 15:09:22.229000,31.05,31.0,31.05,45354202.0
2018-01-08 15:09:25.984000,31.05,31.0,31.05,45354202.0
2018-01-08 15:09:30.115000,31.05,31.0,31.05,45356202.0
2018-01-08 15:09:33.578000,31.05,31.0,31.05,45356202.0
2018-01-08 15:09:36.864000,31.05,31.0,31.05,45356202.0
2018-01-08 15:09:39.773000,31.05,31.0,31.05,45356202.0
2018-01-08 15:09:43.092000,31.05,31.0,31.05,45356202.0
2018-01-08 15:09:47.436000,31.05,31.0,31.05,45356202.0
2018-01-08 15:09:51.140000,31.05,31.0,31.05,45356202.0
2018-01-08 15:09:55.203000,31.05,31.0,31.05,45356202.0
2018-01-08 15:09:58.778000,31.05,31.0,31.05,45356202.0
2018-01-08 15:10:02.124000,31.05,31.0,31.05,45356202.0
2018-01-08 15:10:05.880000,31.05,31.0,31.05,45356202.0
2018-01-08 15:10:13.185000,31.05,31.0,31.05,45356202.0
2018-01-08 15:10:17.171000,31.05,31.0,31.05,45356202.0
2018-01-08 15:10:22.639000,31.05,31.0,31.05,45358702.0
2018-01-08 15:10:26.571000,31.05,31.0,31.05,45358702.0
2018-01-08 15:10:30.300000,31.05,31.0,31.05,45358702.0
2018-01-08 15:10:34.315000,31.05,31.0,31.05,45358702.0
2018-01-08 15:10:37.794000,31.05,31.0,31.05,45358702.0
2018-01-08 15:10:41.051000,31.05,31.0,31.05,45358702.0
2018-01-08 15:10:44.689000,31.05,31.0,31.05,45358702.0
2018-01-08 15:10:48.546000,31.05,31.0,31.05,45358702.0
2018-01-08 15:10:52.670000,31.05,31.0,31.05,45358702.0
2018-01-08 15:10:56.441000,31.05,31.0,31.05,45358702.0
2018-01-08 15:11:00.173000,31.05,31.0,31.05,45358702.0
2018-01-08 15:11:05.893000,31.05,31.0,31.05,45358702.0
2018-01-08 15:11:10.517000,31.05,31.0,31.05,45358702.0
2018-01-08 15:11:14.296000,31.05,31.0,31.05,45360702.0
2018-01-08 15:11:17.563000,31.05,31.0,31.05,45360702.0
2018-01-08 15:11:21.100000,31.05,31.0,31.05,45360702.0
2018-01-08 15:11:25.194000,31.05,31.0,31.05,45360702.0
2018-01-08 15:11:29.193000,31.05,31.0,31.05,45360702.0
2018-01-08 15:11:32.862000,31.05,31.0,31.05,45360702.0
2018-01-08 15:11:36.598000,31.05,31.0,31.05,45360702.0
2018-01-08 15:11:39.994000,31.05,31.0,31.05,45360702.0
2018-01-08 15:11:44.372000,31.05,31.0,31.05,45360702.0
2018-01-08 15:11:48.454000,31.05,31.0,31.05,45397202.0
2018-01-08 15:11:52.063000,31.05,31.0,31.05,45397202.0
2018-01-08 15:11:55.863000,31.05,31.0,31.05,45397202.0
2018-01-08 15:11:59.799000,31.05,31.0,31.05,45449202.0
2018-01-08 15:12:04.107000,31.05,31.0,31.05,51592202.0
2018-01-08 15:12:12.063000,31.05,31.0,31.05,51592202.0
2018-01-08 15:12:15.626000,31.05,31.0,31.05,51592202.0
2018-01-08 15:12:19.662000,31.0,31.0,31.05,54384202.0
2018-01-08 15:12:23.553000,31.0,31.0,31.05,54384202.0
2018-01-08 15:12:27.127000,31.0,31.0,31.05,54384202.0
2018-01-08 15:12:31.209000,31.0,31.0,31.05,54384202.0
2018-01-08 15:12:35.459000,31.0,31.0,31.05,54384202.0
2018-01-08 15:12:39.272000,31.0,31.0,31.05,54384202.0
2018-01-08 15:12:42.988000,31.0,31.0,31.05,54384202.0
2018-01-08 15:12:47.220000,31.0,31.0,31.05,54384202.0
2018-01-08 15:12:50.841000,31.0,31.0,31.05,54384202.0
2018-01-08 15:12:55.025000,31.0,31.0,31.05,54384202.0
2018-01-08 15:12:58.894000,31.0,31.0,31.05,54384202.0
2018-01-08 15:13:02.675000,31.0,31.0,31.05,54384202.0
2018-01-08 15:13:06.232000,31.0,31.0,31.05,54384202.0
2018-01-08 15:13:10.255000,31.0,31.0,31.05,54384202.0
2018-01-08 15:13:15.776000,31.0,31.0,31.05,54384202.0
2018-01-08 15:13:20.045000,31.05,31.0,31.05,54388632.0
2018-01-08 15:13:23.441000,31.05,31.0,31.05,54388632.0
2018-01-08 15:13:27,31.05,31.0,31.05,54388632.0
2018-01-08 15:13:30.818000,31.05,31.0,31.05,54388632.0
2018-01-08 15:13:35.070000,31.05,31.0,31.05,54388632.0
2018-01-08 15:13:38.597000,31.05,31.0,31.05,54388632.0
2018-01-08 15:13:42.489000,31.05,31.0,31.05,54388632.0
2018-01-08 15:13:45.587000,31.05,31.0,31.05,54388632.0
2018-01-08 15:13:49.170000,31.05,31.0,31.05,54388632.0
2018-01-08 15:13:52.691000,31.05,31.0,31.05,54388632.0
2018-01-08 15:13:56.402000,31.05,31.0,31.05,54388632.0
2018-01-08 15:14:00.104000,31.05,31.0,31.05,54388632.0
2018-01-08 15:14:03.827000,31.05,31.0,31.05,54388632.0
2018-01-08 15:14:07.926000,31.05,31.0,31.05,54390677.0
2018-01-08 15:14:11.290000,31.05,31.0,31.05,54390677.0
2018-01-08 15:14:17.409000,31.05,31.0,31.05,54390677.0
2018-01-08 15:14:21.333000,31.05,31.0,31.05,54390677.0
2018-01-08 15:14:25.140000,31.05,31.0,31.05,54390677.0
2018-01-08 15:14:28.723000,31.05,31.0,31.05,54390677.0
2018-01-08 15:14:32.294000,31.05,31.0,31.05,54390677.0
2018-01-08 15:14:36.123000,31.05,31.0,31.05,54390677.0
2018-01-08 15:14:39.512000,31.05,31.0,31.05,54390677.0
2018-01-08 15:14:43.614000,31.05,31.0,31.05,54390677.0
2018-01-08 15:14:46.980000,31.05,31.0,31.05,54390677.0
2018-01-08 15:14:50.554000,31.05,31.0,31.05,54390677.0
2018-01-08 15:14:54.189000,31.05,31.0,31.05,54390677.0
2018-01-08 15:14:58.053000,31.05,31.0,31.05,54390677.0
2018-01-08 15:15:01.935000,31.05,31.0,31.05,54390677.0
2018-01-08 15:15:05.322000,31.05,31.0,31.05,54390677.0
2018-01-08 15:15:11.226000,31.05,31.0,31.05,54390677.0
2018-01-08 15:15:14.914000,31.05,31.0,31.05,54390677.0
2018-01-08 15:15:18.881000,31.05,31.0,31.05,54394177.0
2018-01-08 15:15:23.214000,31.05,31.0,31.05,54394177.0
2018-01-08 15:15:26.534000,31.05,31.0,31.05,54394177.0
2018-01-08 15:15:29.972000,31.05,31.0,31.05,54394177.0
2018-01-08 15:15:33.246000,31.05,31.0,31.05,54394177.0
2018-01-08 15:15:36.841000,31.05,31.0,31.05,54394177.0
2018-01-08 15:15:40.866000,31.05,31.0,31.05,54394177.0
2018-01-08 15:15:44.772000,31.05,31.0,31.05,54394177.0
2018-01-08 15:15:48.304000,31.05,31.0,31.05,54394177.0
2018-01-08 15:15:52.084000,31.05,31.0,31.05,54394177.0
2018-01-08 15:15:55.996000,31.05,31.0,31.05,54394177.0
2018-01-08 15:15:59.479000,31.05,31.0,31.05,54394177.0
2018-01-08 15:16:02.647000,31.05,31.0,31.05,54394177.0
2018-01-08 15:16:06.062000,31.05,31.0,31.05,54394177.0
2018-01-08 15:16:12.695000,31.05,31.0,31.05,54397177.0
2018-01-08 15:16:15.793000,31.05,31.0,31.05,54397177.0
2018-01-08 15:16:19.823000,31.05,31.0,31.05,54397177.0
2018-01-08 15:16:23.391000,31.05,31.0,31.05,54397177.0
2018-01-08 15:16:27.319000,31.05,31.0,31.05,54397177.0
2018-01-08 15:16:30.763000,31.05,31.0,31.05,54397177.0
2018-01-08 15:16:34.745000,31.05,31.0,31.05,54397177.0
2018-01-08 15:16:38.726000,31.05,31.0,31.05,54397177.0
2018-01-08 15:16:42.519000,31.05,31.0,31.05,54397177.0
2018-01-08 15:16:45.849000,31.05,31.0,31.05,54397177.0
2018-01-08 15:16:49.538000,31.05,31.0,31.05,54397177.0
2018-01-08 15:16:53.543000,31.05,31.0,31.05,54397177.0
2018-01-08 15:16:57.505000,31.05,31.0,31.05,54397177.0
2018-01-08 15:17:01.490000,31.05,31.0,31.05,54397177.0
2018-01-08 15:17:05.450000,31.05,31.0,31.05,54399177.0
2018-01-08 15:17:09.730000,31.05,31.0,31.05,54399177.0
2018-01-08 15:17:15.612000,31.05,31.0,31.05,54399177.0
2018-01-08 15:17:19.214000,31.05,31.0,31.05,54399177.0
2018-01-08 15:17:22.575000,31.05,31.0,31.05,54399177.0
2018-01-08 15:17:27.580000,31.05,31.0,31.05,54399177.0
2018-01-08 15:17:30.934000,31.05,31.0,31.05,54399177.0
2018-01-08 15:17:35.372000,31.05,31.0,31.05,54399177.0
2018-01-08 15:17:38.434000,31.05,31.0,31.05,54399177.0
2018-01-08 15:17:42.369000,31.05,31.0,31.05,54399177.0
2018-01-08 15:17:45.475000,31.05,31.0,31.05,54399177.0
2018-01-08 15:17:49.404000,31.05,31.0,31.05,54399177.0
2018-01-08 15:17:52.900000,31.05,31.0,31.05,54399177.0
2018-01-08 15:17:56.343000,31.05,31.0,31.05,54399177.0
2018-01-08 15:18:00.246000,31.05,31.0,31.05,54399177.0
2018-01-08 15:18:03.636000,31.05,31.0,31.05,54399177.0
2018-01-08 15:18:07.017000,31.05,31.0,31.05,54399177.0
2018-01-08 15:18:13.656000,31.05,31.0,31.05,54407177.0
2018-01-08 15:18:17.441000,31.05,31.0,31.05,54407177.0
2018-01-08 15:18:21.339000,31.05,31.0,31.05,54407177.0
2018-01-08 15:18:25.233000,31.05,31.0,31.05,54407177.0
2018-01-08 15:18:29.202000,31.05,31.0,31.05,54407177.0
2018-01-08 15:18:33.074000,31.05,31.0,31.05,54407177.0
2018-01-08 15:18:36.575000,31.05,31.0,31.05,54407177.0
2018-01-08 15:18:40.621000,31.05,31.0,31.05,54407177.0
2018-01-08 15:18:44.437000,31.05,31.0,31.05,54407177.0
2018-01-08 15:18:48.246000,31.05,31.0,31.05,54407177.0
2018-01-08 15:18:51.811000,31.05,31.0,31.05,54407177.0
2018-01-08 15:18:55.644000,31.05,31.0,31.05,54407177.0
2018-01-08 15:18:59.459000,31.05,31.0,31.05,54407177.0
2018-01-08 15:19:02.670000,31.05,31.0,31.05,54407177.0
2018-01-08 15:19:06.424000,31.05,31.0,31.05,54414677.0
2018-01-08 15:19:09.904000,31.05,31.0,31.05,54414677.0
2018-01-08 15:19:14.701000,31.05,31.0,31.05,54414677.0
2018-01-08 15:19:18.779000,31.05,31.0,31.05,54414677.0
2018-01-08 15:19:22.769000,31.05,31.0,31.05,54414677.0
2018-01-08 15:19:25.876000,31.05,31.0,31.05,54414677.0
2018-01-08 15:19:29.848000,31.05,31.0,31.05,54414677.0
2018-01-08 15:19:34.001000,31.05,31.0,31.05,54414677.0
2018-01-08 15:19:37.579000,31.05,31.0,31.05,54414677.0
2018-01-08 15:19:40.928000,31.05,31.0,31.05,54414677.0
2018-01-08 15:19:44.420000,31.05,31.0,31.05,54414677.0
2018-01-08 15:19:48.465000,31.05,31.0,31.05,54414677.0
2018-01-08 15:19:52.408000,31.05,31.0,31.05,54414677.0
2018-01-08 15:19:56.207000,31.05,31.0,31.05,54414677.0
2018-01-08 15:20:00.615000,31.05,31.0,31.05,54414677.0
2018-01-08 15:20:03.923000,31.0,31.0,31.05,54422677.0
2018-01-08 15:20:11.538000,31.0,31.0,31.05,54422677.0
2018-01-08 15:20:18.481000,31.0,31.0,31.05,54422677.0
2018-01-08 15:20:22.173000,31.0,31.0,31.05,54422677.0
2018-01-08 15:20:26.013000,31.0,31.0,31.05,54422677.0
2018-01-08 15:20:30.070000,31.0,31.0,31.05,54422677.0
2018-01-08 15:20:33.981000,31.0,31.0,31.05,54422677.0
2018-01-08 15:20:37.669000,31.0,31.0,31.05,54422677.0
2018-01-08 15:20:41.181000,31.0,31.0,31.05,54422677.0
2018-01-08 15:20:45.110000,31.0,31.0,31.05,54422677.0
2018-01-08 15:20:48.811000,31.0,31.0,31.05,54422677.0
2018-01-08 15:20:52.726000,31.05,31.0,31.05,54495177.0
2018-01-08 15:20:56.215000,31.05,31.0,31.05,54495177.0
2018-01-08 15:21:00.285000,31.05,31.0,31.05,54495177.0
2018-01-08 15:21:04.121000,31.05,31.0,31.05,54495177.0
2018-01-08 15:21:08.062000,31.05,31.0,31.05,54495177.0
2018-01-08 15:21:11.297000,31.05,31.0,31.05,54495177.0
2018-01-08 15:21:15.627000,31.05,31.0,31.05,54495177.0
2018-01-08 15:21:19.454000,31.05,31.0,31.05,54495177.0
2018-01-08 15:21:23.358000,31.05,31.0,31.05,54495177.0
2018-01-08 15:21:26.837000,31.05,31.0,31.05,54495177.0
2018-01-08 15:21:30.746000,31.05,31.0,31.05,54495177.0
2018-01-08 15:21:34.660000,31.05,31.0,31.05,54495177.0
2018-01-08 15:21:38.001000,31.05,31.0,31.05,54495177.0
2018-01-08 15:21:41.746000,31.05,31.0,31.05,54495177.0
2018-01-08 15:21:45.784000,31.05,31.0,31.05,54497177.0
2018-01-08 15:21:49.407000,31.05,31.0,31.05,54497177.0
2018-01-08 15:21:53.234000,31.05,31.0,31.05,54497177.0
2018-01-08 15:21:56.503000,31.05,31.0,31.05,54497177.0
2018-01-08 15:22:00.410000,31.05,31.0,31.05,54497177.0
2018-01-08 15:22:05.173000,31.05,31.0,31.05,54497177.0
2018-01-08 15:22:12.646000,31.05,31.0,31.05,54497177.0
2018-01-08 15:22:16.300000,31.05,31.0,31.05,54497177.0
2018-01-08 15:22:20.060000,31.05,31.0,31.05,54497177.0
2018-01-08 15:22:23.534000,31.05,31.0,31.05,54497177.0
2018-01-08 15:22:27.118000,31.05,31.0,31.05,54497177.0
2018-01-08 15:22:30.645000,31.05,31.0,31.05,54497177.0
2018-01-08 15:22:34.135000,31.05,31.0,31.05,54497177.0
2018-01-08 15:22:37.930000,31.05,31.0,31.05,54499677.0
2018-01-08 15:22:41.022000,31.05,31.0,31.05,54499677.0
2018-01-08 15:22:44.863000,31.05,31.0,31.05,54499677.0
2018-01-08 15:22:48.691000,31.05,31.0,31.05,54499677.0
2018-01-08 15:22:52.154000,31.05,31.0,31.05,54499677.0
2018-01-08 15:22:55.982000,31.05,31.0,31.05,54499677.0
2018-01-08 15:23:00.338000,31.05,31.0,31.05,54499677.0
2018-01-08 15:23:03.846000,31.05,31.0,31.05,54499677.0
2018-01-08 15:23:08.060000,31.05,31.0,31.05,54499677.0
2018-01-08 15:23:12.428000,31.05,31.0,31.05,54499677.0
2018-01-08 15:23:16.513000,31.05,31.0,31.05,54499677.0
2018-01-08 15:23:19.545000,31.05,31.0,31.05,54499677.0
2018-01-08 15:23:23.316000,31.05,31.0,31.05,54499677.0
2018-01-08 15:23:27.101000,31.05,31.0,31.05,54499677.0
2018-01-08 15:23:30.505000,31.05,31.0,31.05,54540677.0
2018-01-08 15:23:34.033000,31.05,31.0,31.05,54540677.0
2018-01-08 15:23:38.019000,31.05,31.0,31.05,54540677.0
2018-01-08 15:23:42.249000,31.05,31.0,31.05,54540677.0
2018-01-08 15:23:45.477000,31.05,31.0,31.05,54540677.0
2018-01-08 15:23:49.252000,31.05,31.0,31.05,54540677.0
2018-01-08 15:23:53.206000,31.05,31.0,31.05,54540677.0
2018-01-08 15:23:57.470000,31.05,31.0,31.05,54540677.0
2018-01-08 15:24:01.382000,31.05,31.0,31.05,54540677.0
2018-01-08 15:24:05.782000,31.05,31.0,31.05,56757177.0
2018-01-08 15:24:09.787000,31.05,31.0,31.05,56757177.0
2018-01-08 15:24:13.379000,31.05,31.0,31.05,56757177.0
2018-01-08 15:24:19.077000,31.05,31.0,31.05,56757177.0
2018-01-08 15:24:22.431000,31.05,31.0,31.05,56757177.0
2018-01-08 15:24:26.242000,31.05,31.0,31.05,56757177.0
2018-01-08 15:24:29.125000,31.05,31.0,31.05,56757177.0
2018-01-08 15:24:32.837000,31.05,31.0,31.05,56757177.0
2018-01-08 15:24:36.808000,31.05,31.0,31.05,56757177.0
2018-01-08 15:24:40.714000,31.05,31.0,31.05,57164177.0
2018-01-08 15:24:44.665000,31.05,31.0,31.05,57164177.0
2018-01-08 15:24:48.536000,31.05,31.0,31.05,57164177.0
2018-01-08 15:24:52.530000,31.05,31.0,31.05,57164177.0
2018-01-08 15:24:56.303000,31.05,31.0,31.05,57164177.0
2018-01-08 15:25:00.200000,31.05,31.0,31.05,57164177.0
2018-01-08 15:25:04.380000,31.05,31.0,31.05,57164177.0
2018-01-08 15:25:12.088000,31.05,31.0,31.05,57164177.0
2018-01-08 15:25:15.595000,31.05,31.0,31.05,57164177.0
2018-01-08 15:25:20.044000,31.05,31.0,31.05,57164177.0
2018-01-08 15:25:23.616000,31.05,31.0,31.05,57164177.0
2018-01-08 15:25:26.828000,31.05,31.0,31.05,57164177.0
2018-01-08 15:25:30.690000,31.05,31.0,31.05,57164177.0
2018-01-08 15:25:34.102000,31.05,31.0,31.05,57164177.0
2018-01-08 15:25:37.837000,31.05,31.0,31.05,57164177.0
2018-01-08 15:25:41.636000,31.05,31.05,31.1,57197177.0
2018-01-08 15:25:46.101000,31.05,31.05,31.1,57197177.0
2018-01-08 15:25:50.250000,31.05,31.05,31.1,57197177.0
2018-01-08 15:25:54.415000,31.05,31.05,31.1,57197177.0
2018-01-08 15:25:58.538000,31.05,31.05,31.1,57197177.0
2018-01-08 15:26:02.637000,31.05,31.05,31.1,57197177.0
2018-01-08 15:26:06.991000,31.05,31.05,31.1,57197177.0
2018-01-08 15:26:10.883000,31.05,31.05,31.1,57197177.0
2018-01-08 15:26:15.026000,31.05,31.05,31.1,57197177.0
2018-01-08 15:26:18.552000,31.05,31.05,31.1,57197177.0
2018-01-08 15:26:21.950000,31.05,31.05,31.1,57197177.0
2018-01-08 15:26:25.610000,31.05,31.0,31.05,57709677.0
2018-01-08 15:26:29.470000,31.05,31.0,31.05,57709677.0
2018-01-08 15:26:33.179000,31.05,31.0,31.05,57709677.0
2018-01-08 15:26:36.415000,31.05,31.0,31.05,57709677.0
2018-01-08 15:26:39.979000,31.05,31.0,31.05,57709677.0
2018-01-08 15:26:43.397000,31.05,31.0,31.05,57709677.0
2018-01-08 15:26:46.605000,31.05,31.0,31.05,57709677.0
2018-01-08 15:26:50.198000,31.05,31.0,31.05,57709677.0
2018-01-08 15:26:54.291000,31.05,31.0,31.05,57709677.0
2018-01-08 15:26:58.165000,31.05,31.0,31.05,57709677.0
2018-01-08 15:27:01.995000,31.05,31.0,31.05,57709677.0
2018-01-08 15:27:05.633000,31.05,31.0,31.05,57709677.0
2018-01-08 15:27:13.992000,31.05,31.0,31.05,57709677.0
2018-01-08 15:27:18.012000,31.1,31.05,31.1,58733677.0
2018-01-08 15:27:21.979000,31.1,31.05,31.1,58733677.0
2018-01-08 15:27:25.727000,31.1,31.05,31.1,58733677.0
2018-01-08 15:27:29.387000,31.1,31.05,31.1,58733677.0
2018-01-08 15:27:33.402000,31.1,31.05,31.1,58733677.0
2018-01-08 15:27:37.728000,31.1,31.05,31.1,58733677.0
2018-01-08 15:27:41.125000,31.1,31.05,31.1,58733677.0
2018-01-08 15:27:44.478000,31.1,31.05,31.1,58733677.0
2018-01-08 15:27:48.046000,31.1,31.05,31.1,58733677.0
2018-01-08 15:27:52.244000,31.1,31.05,31.1,59152677.0
2018-01-08 15:27:56.356000,31.1,31.05,31.1,59152677.0
2018-01-08 15:27:59.542000,31.1,31.05,31.1,59152677.0
2018-01-08 15:28:03.356000,31.1,31.05,31.1,59152677.0
2018-01-08 15:28:07.287000,31.1,31.05,31.1,59152677.0
2018-01-08 15:28:10.903000,31.1,31.05,31.1,59152677.0
2018-01-08 15:28:14.961000,31.1,31.05,31.1,59152677.0
2018-01-08 15:28:18.878000,31.1,31.05,31.1,59152677.0
2018-01-08 15:28:22.676000,31.1,31.05,31.1,59152677.0
2018-01-08 15:28:26.372000,31.1,31.05,31.1,59152677.0
2018-01-08 15:28:30.124000,31.1,31.05,31.1,59152677.0
2018-01-08 15:28:34.511000,31.1,31.05,31.1,59152677.0
2018-01-08 15:28:37.866000,31.1,31.05,31.1,59152677.0
2018-01-08 15:28:41.441000,31.1,31.05,31.1,59152677.0
2018-01-08 15:28:45.342000,31.1,31.05,31.1,59152677.0
2018-01-08 15:28:49.229000,31.1,31.05,31.1,59439177.0
2018-01-08 15:28:52.839000,31.1,31.05,31.1,59439177.0
2018-01-08 15:28:56.736000,31.1,31.05,31.1,59439177.0
2018-01-08 15:29:01.500000,31.1,31.05,31.1,59439177.0
2018-01-08 15:29:05.108000,31.1,31.05,31.1,59439177.0
2018-01-08 15:29:09.122000,31.1,31.05,31.1,59439177.0
2018-01-08 15:29:12.547000,31.1,31.05,31.1,59439177.0
2018-01-08 15:29:18.579000,31.1,31.05,31.1,59439177.0
2018-01-08 15:29:22.906000,31.1,31.05,31.1,59439177.0
2018-01-08 15:29:26.882000,31.1,31.05,31.1,59439177.0
2018-01-08 15:29:30.658000,31.05,31.0,31.05,59451677.0
2018-01-08 15:29:34.640000,31.05,31.0,31.05,59451677.0
2018-01-08 15:29:38.497000,31.05,31.0,31.05,59451677.0
2018-01-08 15:29:42.795000,31.05,31.0,31.05,59451677.0
2018-01-08 15:29:46.348000,31.05,31.0,31.05,59451677.0
2018-01-08 15:29:51.034000,31.05,31.0,31.05,59451677.0
2018-01-08 15:29:54.224000,31.05,31.0,31.05,59451677.0
2018-01-08 15:29:58.025000,31.05,31.0,31.05,59451677.0
2018-01-08 15:30:01.781000,31.05,31.0,31.05,59451677.0
2018-01-08 15:30:05.652000,31.05,31.0,31.05,59451677.0
2018-01-08 15:30:10.598000,31.05,31.0,31.05,59451677.0
2018-01-08 15:30:17.868000,31.05,31.0,31.05,59451677.0
2018-01-08 15:30:21.684000,31.05,31.0,31.05,59451677.0
2018-01-08 15:30:25.470000,31.05,31.0,31.05,59451677.0
2018-01-08 15:30:29.798000,31.05,31.0,31.05,59464677.0
2018-01-08 15:30:34.152000,31.05,31.0,31.05,59464677.0
2018-01-08 15:30:38.022000,31.05,31.0,31.05,59464677.0
2018-01-08 15:30:41.383000,31.05,31.0,31.05,59464677.0
2018-01-08 15:30:44.840000,31.05,31.0,31.05,59464677.0
2018-01-08 15:30:49.123000,31.05,31.0,31.05,59464677.0
2018-01-08 15:30:52.710000,31.05,31.0,31.05,59464677.0
2018-01-08 15:30:56.712000,31.05,31.0,31.05,59464677.0
