time,price,bid,ask,volume
2018-01-08 09:44:13.483000,31.05,31.0,31.05,1079810.0
2018-01-08 09:44:17.498000,31.05,31.0,31.05,1079810.0
2018-01-08 09:44:21.083000,31.05,31.0,31.05,1079810.0
2018-01-08 09:44:25.688000,31.05,31.0,31.05,1079810.0
2018-01-08 09:44:29.643000,31.05,31.0,31.05,1079810.0
2018-01-08 09:44:32.955000,31.05,31.0,31.05,1079810.0
2018-01-08 09:44:36.588000,31.05,31.0,31.05,1079810.0
2018-01-08 09:44:40.481000,31.05,31.0,31.05,1079810.0
2018-01-08 09:44:43.846000,31.05,31.0,31.05,1079810.0
2018-01-08 09:44:47.895000,31.05,31.0,31.05,1079810.0
2018-01-08 09:44:51.553000,31.05,31.0,31.05,1079810.0
2018-01-08 09:44:55.772000,31.05,31.0,31.05,1079810.0
2018-01-08 09:44:59.295000,31.05,31.0,31.05,1079810.0
2018-01-08 09:45:03.617000,31.05,31.0,31.05,1079810.0
2018-01-08 09:45:08.754000,31.05,31.0,31.05,1079810.0
2018-01-08 09:45:12.498000,31.05,31.0,31.05,1079810.0
2018-01-08 09:45:16.002000,31.0,31.0,31.05,1084310.0
2018-01-08 09:45:19.669000,31.05,31.0,31.05,1108310.0
2018-01-08 09:45:24.945000,31.05,31.0,31.05,1108310.0
2018-01-08 09:45:28.352000,31.05,31.0,31.05,1108310.0
2018-01-08 09:45:32.041000,31.05,31.0,31.05,1108310.0
2018-01-08 09:45:35.487000,31.05,31.0,31.05,1108310.0
2018-01-08 09:45:39.181000,31.05,31.0,31.05,1108310.0
2018-01-08 09:45:43.114000,31.05,31.0,31.05,1108310.0
2018-01-08 09:45:46.948000,31.05,31.0,31.05,1108310.0
2018-01-08 09:45:50.998000,31.0,31.0,31.05,1158810.0
2018-01-08 09:45:54.900000,31.0,31.0,31.05,1158810.0
2018-01-08 09:45:58.414000,31.0,31.0,31.05,1158810.0
2018-01-08 09:46:02.516000,31.0,31.0,31.05,1158810.0
2018-01-08 09:46:11.333000,31.0,31.0,31.05,1158810.0
2018-01-08 09:46:14.587000,31.0,31.0,31.05,1158810.0
2018-01-08 09:46:20.290000,31.0,31.0,31.05,1158810.0
2018-01-08 09:46:24.010000,31.0,31.0,31.05,1158810.0
2018-01-08 09:46:28.381000,31.0,31.0,31.05,1158810.0
2018-01-08 09:46:32.139000,31.0,31.0,31.05,1158810.0
2018-01-08 09:46:35.933000,31.0,31.0,31.05,1158810.0
2018-01-08 09:46:39.469000,31.0,31.0,31.05,1158810.0
2018-01-08 09:46:43.568000,31.0,31.0,31.05,1158810.0
2018-01-08 09:46:47.157000,31.0,31.0,31.05,1158810.0
2018-01-08 09:46:51.502000,31.0,31.0,31.05,1158810.0
2018-01-08 09:46:54.839000,31.0,31.0,31.05,1158810.0
2018-01-08 09:46:58.305000,31.05,31.0,31.05,1165810.0
2018-01-08 09:47:01.774000,31.05,31.0,31.05,1165810.0
2018-01-08 09:47:05.674000,31.05,31.0,31.05,1165810.0
2018-01-08 09:47:09.780000,31.05,31.0,31.05,1165810.0
2018-01-08 09:47:13.492000,31.05,31.0,31.05,1165810.0
2018-01-08 09:47:21.071000,31.05,31.0,31.05,1165810.0
2018-01-08 09:47:24.695000,31.05,31.0,31.05,1165810.0
2018-01-08 09:47:28.741000,31.05,31.0,31.05,1165810.0
2018-01-08 09:47:32.189000,31.05,31.0,31.05,1165810.0
2018-01-08 09:47:36.479000,31.05,31.0,31.05,1165810.0
2018-01-08 09:47:40.447000,31.05,31.0,31.05,1165810.0
2018-01-08 09:47:44.227000,31.05,31.0,31.05,1174310.0
2018-01-08 09:47:48.309000,31.05,31.0,31.05,1174310.0
2018-01-08 09:47:51.748000,31.05,31.0,31.05,1174310.0
2018-01-08 09:47:55.753000,31.05,31.0,31.05,1174310.0
2018-01-08 09:47:58.992000,31.05,31.0,31.05,1174310.0
2018-01-08 09:48:02.597000,31.05,31.0,31.05,1174310.0
2018-01-08 09:48:06.545000,31.05,31.0,31.05,1174310.0
2018-01-08 09:48:12.355000,31.05,31.0,31.05,1174310.0
2018-01-08 09:48:16.522000,31.05,31.0,31.05,1174310.0
2018-01-08 09:48:20.651000,31.05,31.0,31.05,1174310.0
2018-01-08 09:48:24.694000,31.05,31.0,31.05,1174310.0
2018-01-08 09:48:27.932000,31.05,31.0,31.05,1174310.0
2018-01-08 09:48:31.675000,31.05,31.0,31.05,1174310.0
2018-01-08 09:48:35.484000,31.05,30.95,31.05,1188310.0
2018-01-08 09:48:38.963000,31.05,30.95,31.05,1188310.0
2018-01-08 09:48:43.043000,31.05,30.95,31.05,1188310.0
2018-01-08 09:48:46.339000,31.05,30.95,31.05,1188310.0
2018-01-08 09:48:49.774000,31.0,31.0,31.05,1406310.0
2018-01-08 09:48:53.386000,31.0,31.0,31.05,1406310.0
2018-01-08 09:48:56.983000,31.0,30.95,31.0,1457310.0
2018-01-08 09:49:00.632000,31.0,30.95,31.0,1457310.0
2018-01-08 09:49:04.509000,31.0,30.95,31.0,1457310.0
2018-01-08 09:49:08.419000,31.0,30.95,31.0,1457310.0
2018-01-08 09:49:12.224000,31.0,30.95,31.0,1457310.0
2018-01-08 09:49:15.833000,31.0,30.95,31.0,1457310.0
2018-01-08 09:49:19.832000,31.0,30.95,31.0,1457310.0
2018-01-08 09:49:24.120000,31.0,30.95,31.0,1457310.0
2018-01-08 09:49:27.660000,31.0,30.95,31.0,1457310.0
2018-01-08 09:49:31.482000,31.0,30.95,31.0,1457310.0
2018-01-08 09:49:35.291000,31.0,30.95,31.0,1457310.0
2018-01-08 09:49:39.303000,31.0,30.95,31.0,1457310.0
2018-01-08 09:49:43.172000,31.0,30.95,31.0,1457310.0
2018-01-08 09:49:46.866000,31.0,30.95,31.0,1457310.0
2018-01-08 09:49:50.630000,31.0,30.95,31.0,1457310.0
2018-01-08 09:49:54.730000,31.0,30.95,31.0,1457310.0
2018-01-08 09:49:58.510000,31.0,30.95,31.0,1457310.0
2018-01-08 09:50:01.806000,31.0,30.95,31.0,1457310.0
2018-01-08 09:50:05.204000,31.0,30.95,31.0,1544310.0
2018-01-08 09:50:08.949000,31.0,30.95,31.0,1544310.0
2018-01-08 09:50:12.975000,31.0,30.95,31.0,1544310.0
2018-01-08 09:50:17.546000,31.0,30.95,31.0,1544310.0
2018-01-08 09:50:21.125000,31.0,30.95,31.0,1544310.0
2018-01-08 09:50:25.068000,31.0,30.95,31.0,1544310.0
2018-01-08 09:50:29.168000,31.0,30.95,31.0,1544310.0
2018-01-08 09:50:33.216000,31.0,30.95,31.0,1544310.0
2018-01-08 09:50:37.197000,31.0,30.95,31.0,1544310.0
2018-01-08 09:50:40.741000,31.0,30.95,31.0,1544310.0
2018-01-08 09:50:44.030000,31.0,30.95,31.0,1544310.0
2018-01-08 09:50:47.675000,31.0,30.95,31.0,1544310.0
2018-01-08 09:50:51.859000,31.0,30.95,31.0,1544310.0
2018-01-08 09:50:55.626000,31.0,30.95,31.0,1544310.0
2018-01-08 09:50:59.569000,31.0,30.95,31.0,1544310.0
2018-01-08 09:51:03.966000,31.0,30.95,31.0,1544310.0
2018-01-08 09:51:07.660000,31.0,30.95,31.0,1544310.0
2018-01-08 09:51:11.420000,31.0,30.95,31.0,1544310.0
2018-01-08 09:51:15.223000,31.0,30.95,31.0,1547310.0
2018-01-08 09:51:21.425000,31.0,30.95,31.0,1547310.0
2018-01-08 09:51:25.368000,31.0,30.95,31.0,1547310.0
2018-01-08 09:51:28.662000,31.0,30.95,31.0,1547310.0
2018-01-08 09:51:32.575000,31.0,30.95,31.0,1547310.0
2018-01-08 09:51:35.960000,31.0,30.95,31.0,1547310.0
2018-01-08 09:51:39.859000,31.0,30.95,31.0,1547310.0
2018-01-08 09:51:43.309000,31.0,30.95,31.0,1547310.0
2018-01-08 09:51:47.403000,31.0,30.95,31.0,1547310.0
2018-01-08 09:51:50.438000,31.0,30.95,31.0,1547310.0
2018-01-08 09:51:54.357000,31.0,30.95,31.0,1547310.0
2018-01-08 09:51:57.723000,31.0,30.95,31.0,1547310.0
2018-01-08 09:52:01.836000,31.0,30.95,31.0,1547310.0
2018-01-08 09:52:05.502000,31.0,30.95,31.0,1547310.0
2018-01-08 09:52:09.535000,31.0,30.95,31.0,1547310.0
2018-01-08 09:52:15.682000,31.0,30.95,31.0,1547310.0
2018-01-08 09:52:19.453000,31.0,30.95,31.0,1547310.0
2018-01-08 09:52:23.377000,31.0,30.95,31.0,1547310.0
2018-01-08 09:52:27.301000,31.0,30.95,31.0,1550810.0
2018-01-08 09:52:31.429000,31.0,30.95,31.0,1550810.0
2018-01-08 09:52:35.401000,31.0,30.95,31.0,1550810.0
2018-01-08 09:52:39.503000,31.0,30.95,31.0,1550810.0
2018-01-08 09:52:44.348000,31.0,30.95,31.0,1550810.0
2018-01-08 09:52:48.433000,31.0,30.95,31.0,1653310.0
2018-01-08 09:52:52.541000,31.0,30.95,31.0,1653310.0
2018-01-08 09:52:56.614000,31.0,30.95,31.0,1653310.0
2018-01-08 09:53:00.189000,31.0,30.95,31.0,1653310.0
2018-01-08 09:53:03.512000,31.0,30.95,31.0,1653310.0
2018-01-08 09:53:06.542000,31.0,30.95,31.0,1653310.0
2018-01-08 09:53:13.781000,31.0,30.95,31.0,1653310.0
2018-01-08 09:53:18.759000,31.0,30.95,31.05,3255310.0
2018-01-08 09:53:22.926000,31.0,30.95,31.05,3255310.0
2018-01-08 09:53:26.911000,31.0,30.95,31.05,3255310.0
2018-01-08 09:53:30.443000,31.0,30.95,31.05,3255310.0
2018-01-08 09:53:34.565000,31.0,30.95,31.05,3255310.0
2018-01-08 09:53:38.364000,31.0,30.95,31.05,3255310.0
2018-01-08 09:53:42.178000,31.0,30.95,31.0,3438310.0
2018-01-08 09:53:46.270000,31.0,30.95,31.0,3438310.0
2018-01-08 09:53:50.018000,31.0,30.95,31.0,3438310.0
2018-01-08 09:53:53.589000,31.0,30.95,31.0,3438310.0
2018-01-08 09:53:57.727000,31.0,30.95,31.0,3438310.0
2018-01-08 09:54:01.489000,31.0,30.95,31.0,3438310.0
2018-01-08 09:54:05.466000,31.0,30.95,31.0,3438310.0
2018-01-08 09:54:09.551000,31.0,30.95,31.0,3438310.0
2018-01-08 09:54:18.023000,31.0,30.95,31.0,3438310.0
2018-01-08 09:54:22.207000,31.0,31.0,31.05,3648810.0
2018-01-08 09:54:26.654000,31.0,31.0,31.05,3648810.0
2018-01-08 09:54:29.977000,31.0,31.0,31.05,3648810.0
2018-01-08 09:54:34.518000,31.0,31.0,31.05,3648810.0
2018-01-08 09:54:38.995000,31.0,31.0,31.05,3648810.0
2018-01-08 09:54:42.833000,31.0,31.0,31.05,3648810.0
2018-01-08 09:54:46.350000,31.05,31.0,31.05,3711810.0
2018-01-08 09:54:50.600000,31.05,31.0,31.05,3711810.0
2018-01-08 09:54:54.858000,31.05,31.0,31.05,3711810.0
2018-01-08 09:54:58.662000,31.05,31.0,31.05,3711810.0
2018-01-08 09:55:02.781000,31.05,31.0,31.05,3711810.0
2018-01-08 09:55:06.128000,31.05,31.0,31.05,3711810.0
2018-01-08 09:55:12.113000,31.05,31.0,31.05,3711810.0
2018-01-08 09:55:15.757000,31.0,30.95,31.0,3712810.0
2018-01-08 09:55:19.161000,31.0,30.95,31.0,3712810.0
2018-01-08 09:55:24.113000,31.0,30.95,31.0,3712810.0
2018-01-08 09:55:28.268000,31.0,30.95,31.0,3712810.0
2018-01-08 09:55:31.205000,31.0,30.95,31.0,3712810.0
2018-01-08 09:55:35.075000,31.0,30.95,31.0,3712810.0
2018-01-08 09:55:38.619000,31.0,30.95,31.0,3712810.0
2018-01-08 09:55:41.953000,31.0,30.95,31.0,3712810.0
2018-01-08 09:55:46.139000,31.0,30.95,31.0,3712810.0
2018-01-08 09:55:49.865000,31.0,30.95,31.0,3712810.0
2018-01-08 09:55:53.505000,31.0,30.95,31.0,3712810.0
2018-01-08 09:55:57.267000,31.0,30.95,31.0,3712810.0
2018-01-08 09:56:03.021000,31.0,30.95,31.0,3712810.0
2018-01-08 09:56:11.505000,31.0,30.95,31.0,3712810.0
2018-01-08 09:56:16.145000,31.0,30.95,31.0,3712810.0
2018-01-08 09:56:21.540000,31.0,30.95,31.0,3716810.0
2018-01-08 09:56:26.754000,31.0,30.95,31.0,3716810.0
2018-01-08 09:56:32.093000,31.0,30.95,31.0,3716810.0
2018-01-08 09:56:36.774000,31.0,30.95,31.0,3716810.0
2018-01-08 09:56:41.797000,31.0,30.95,31.0,3716810.0
2018-01-08 09:56:46.247000,31.0,30.95,31.0,3716810.0
2018-01-08 09:56:50.498000,31.0,30.95,31.0,3716810.0
2018-01-08 09:56:55.329000,31.0,30.95,31.0,3716810.0
2018-01-08 09:57:00.502000,31.0,30.95,31.0,3716810.0
2018-01-08 09:57:05.524000,31.0,30.95,31.0,3716810.0
2018-01-08 09:57:12.345000,31.0,30.95,31.0,3716810.0
2018-01-08 09:57:18.224000,31.0,30.95,31.0,3757310.0
2018-01-08 09:57:23.665000,31.0,30.95,31.0,3757310.0
2018-01-08 09:57:28.057000,31.0,30.95,31.0,3757310.0
2018-01-08 09:57:32.968000,31.0,30.95,31.0,3757310.0
2018-01-08 09:57:38.075000,31.0,30.95,31.0,3757310.0
2018-01-08 09:57:44.636000,31.0,30.95,31.0,3757310.0
2018-01-08 09:57:49.479000,31.0,30.95,31.0,3757310.0
2018-01-08 09:57:54.963000,31.0,30.95,31.0,3757310.0
2018-01-08 09:57:59.617000,31.0,30.95,31.0,3757310.0
2018-01-08 09:58:05.210000,30.95,30.95,31.0,3763310.0
2018-01-08 09:58:10.395000,30.95,30.95,31.0,3763310.0
2018-01-08 09:58:15.775000,30.95,30.95,31.0,3763310.0
2018-01-08 09:58:21.044000,30.95,30.95,31.0,3763310.0
2018-01-08 09:58:26.870000,30.95,30.95,31.0,3763310.0
2018-01-08 09:58:31.520000,30.95,30.95,31.0,3763310.0
2018-01-08 09:58:36.269000,30.95,30.95,31.0,3763310.0
2018-01-08 09:58:41.498000,30.95,30.95,31.0,3763310.0
2018-01-08 09:58:46.887000,30.95,30.95,31.0,3763310.0
2018-01-08 09:58:52.208000,30.95,30.95,31.0,3763310.0
2018-01-08 09:58:57.526000,30.95,30.95,31.0,3763310.0
2018-01-08 09:59:03.454000,31.0,30.95,31.0,3769230.0
2018-01-08 09:59:11.214000,31.0,30.95,31.0,3769230.0
2018-01-08 09:59:17.788000,31.0,30.95,31.0,3769230.0
2018-01-08 09:59:23.982000,31.0,30.95,31.0,3769230.0
2018-01-08 09:59:28.605000,31.0,30.95,31.0,3769230.0
2018-01-08 09:59:33.170000,31.0,30.95,31.0,3769230.0
2018-01-08 09:59:37.231000,31.0,30.95,31.0,3769230.0
2018-01-08 09:59:40.982000,31.0,30.95,31.0,3769230.0
2018-01-08 09:59:45.200000,31.0,30.95,31.0,3769230.0
2018-01-08 09:59:49.200000,31.0,30.95,31.0,3769230.0
2018-01-08 09:59:52.562000,31.0,30.95,31.0,3769230.0
2018-01-08 09:59:56.530000,31.0,30.95,31.0,3769230.0
2018-01-08 10:00:01.952000,31.0,30.95,31.0,3769230.0
2018-01-08 10:00:07.163000,31.0,30.95,31.0,3769230.0
2018-01-08 10:00:10.645000,31.0,30.95,31.0,3769230.0
2018-01-08 10:00:15.449000,31.0,30.95,31.0,3772730.0
2018-01-08 10:00:20.356000,31.0,30.95,31.0,3772730.0
2018-01-08 10:00:23.295000,31.0,30.95,31.0,3772730.0
2018-01-08 10:00:26.744000,31.0,30.95,31.0,3772730.0
2018-01-08 10:00:30.263000,31.0,30.95,31.0,3772730.0
2018-01-08 10:00:33.407000,31.0,30.95,31.0,3772730.0
2018-01-08 10:00:37.576000,31.0,30.95,31.0,3772730.0
2018-01-08 10:00:41.172000,31.0,30.95,31.0,3772730.0
2018-01-08 10:00:45.199000,31.0,30.95,31.0,3772730.0
2018-01-08 10:00:49.589000,31.0,30.95,31.0,3772730.0
2018-01-08 10:00:54.427000,31.0,30.95,31.0,3772730.0
2018-01-08 10:01:00.075000,31.0,30.95,31.0,3772730.0
2018-01-08 10:01:04.777000,31.0,30.95,31.0,3772730.0
2018-01-08 10:01:11.997000,31.0,30.95,31.0,3772730.0
2018-01-08 10:01:18.340000,31.0,30.95,31.0,3772730.0
2018-01-08 10:01:22.199000,31.0,30.95,31.0,3772730.0
2018-01-08 10:01:27.174000,31.0,30.95,31.0,3775730.0
2018-01-08 10:01:32.089000,31.0,30.95,31.0,3775730.0
2018-01-08 10:01:37.112000,31.0,30.95,31.0,3775730.0
2018-01-08 10:01:42.122000,31.0,30.95,31.0,3775730.0
2018-01-08 10:01:47.791000,31.0,30.95,31.0,3775730.0
2018-01-08 10:01:52.771000,31.0,30.95,31.0,3775730.0
2018-01-08 10:01:58.646000,31.0,30.95,31.0,3775730.0
2018-01-08 10:02:03.670000,31.0,30.95,31.0,3775730.0
2018-01-08 10:02:08.837000,31.0,30.95,31.0,3775730.0
2018-01-08 10:02:13.934000,31.0,30.95,31.0,3777730.0
2018-01-08 10:02:20.250000,30.95,30.9,30.95,3843730.0
2018-01-08 10:02:25.315000,30.95,30.9,30.95,3843730.0
2018-01-08 10:02:29.427000,30.95,30.9,30.95,3843730.0
2018-01-08 10:02:34.034000,30.95,30.9,30.95,3843730.0
2018-01-08 10:02:39.639000,30.95,30.9,30.95,3843730.0
2018-01-08 10:02:44.335000,30.95,30.9,30.95,3843730.0
2018-01-08 10:02:49.330000,30.95,30.9,30.95,3850730.0
2018-01-08 10:02:55.312000,30.95,30.9,30.95,3850730.0
2018-01-08 10:03:00.723000,30.95,30.9,30.95,3850730.0
2018-01-08 10:03:05.970000,30.95,30.9,30.95,3850730.0
2018-01-08 10:03:11.016000,30.95,30.9,30.95,3850730.0
2018-01-08 10:03:16.814000,31.0,30.95,31.0,3886230.0
2018-01-08 10:03:22.814000,31.0,30.95,31.0,3886230.0
2018-01-08 10:03:27.481000,31.0,30.95,31.0,3886230.0
2018-01-08 10:03:32.331000,31.0,30.95,31.0,3886230.0
2018-01-08 10:03:37.383000,31.0,30.95,31.0,3886230.0
2018-01-08 10:03:42.443000,31.0,30.95,31.0,3886230.0
2018-01-08 10:03:47.803000,31.0,30.95,31.0,3886230.0
2018-01-08 10:03:53.732000,31.0,30.95,31.0,3886230.0
2018-01-08 10:03:58.812000,31.0,30.95,31.0,3886230.0
2018-01-08 10:04:04.052000,31.0,30.95,31.0,3886230.0
2018-01-08 10:04:09.893000,31.0,30.95,31.0,3886230.0
2018-01-08 10:04:14.311000,30.95,30.95,31.0,3893230.0
2018-01-08 10:04:17.587000,30.95,30.95,31.0,3893230.0
2018-01-08 10:04:21.082000,30.95,30.95,31.0,3893230.0
2018-01-08 10:04:25.330000,30.95,30.95,31.0,3893230.0
2018-01-08 10:04:28.926000,30.95,30.95,31.0,3893230.0
2018-01-08 10:04:32.454000,30.95,30.95,31.0,3893230.0
2018-01-08 10:04:39.120000,30.95,30.95,31.0,3893230.0
2018-01-08 10:04:43.807000,30.95,30.9,30.95,4016730.0
2018-01-08 10:04:48.620000,30.95,30.9,30.95,4016730.0
2018-01-08 10:04:52.882000,30.95,30.9,30.95,4016730.0
2018-01-08 10:04:58.350000,30.95,30.9,30.95,4016730.0
2018-01-08 10:05:02.918000,30.95,30.9,30.95,4016730.0
2018-01-08 10:05:07.948000,30.95,30.9,30.95,4016730.0
2018-01-08 10:05:11.984000,30.95,30.9,30.95,4016730.0
2018-01-08 10:05:17.985000,30.95,30.9,30.95,4016730.0
2018-01-08 10:05:22.699000,30.95,30.9,30.95,4139230.0
2018-01-08 10:05:27.654000,30.95,30.9,30.95,4139230.0
2018-01-08 10:05:33.262000,30.95,30.9,30.95,4139230.0
2018-01-08 10:05:38.353000,30.95,30.9,30.95,4139230.0
2018-01-08 10:05:43.557000,30.95,30.9,30.95,4139230.0
2018-01-08 10:05:49.078000,30.95,30.9,30.95,4139230.0
2018-01-08 10:05:53.884000,30.95,30.95,31.0,4163230.0
2018-01-08 10:05:58.837000,30.95,30.95,31.0,4163230.0
2018-01-08 10:06:04.302000,30.95,30.95,31.0,4163230.0
2018-01-08 10:06:09.389000,30.95,30.95,31.0,4163230.0
2018-01-08 10:06:14.182000,30.95,30.95,31.0,4163230.0
2018-01-08 10:06:22.432000,30.95,30.95,31.0,4163230.0
2018-01-08 10:06:27.451000,30.95,30.95,31.0,4163230.0
2018-01-08 10:06:33.356000,30.95,30.95,31.0,4163230.0
2018-01-08 10:06:38.159000,30.95,30.95,31.0,4163230.0
2018-01-08 10:06:42.993000,30.95,30.95,31.0,4163230.0
2018-01-08 10:06:48.237000,30.95,30.95,31.0,4163230.0
2018-01-08 10:06:54.211000,30.95,30.95,31.0,4163230.0
2018-01-08 10:06:59.306000,30.95,30.95,31.0,4163230.0
2018-01-08 10:07:04.992000,30.95,30.95,31.0,4163230.0
2018-01-08 10:07:09.382000,30.95,30.95,31.0,4163230.0
2018-01-08 10:07:14.646000,30.95,30.95,31.0,4163230.0
2018-01-08 10:07:19.667000,31.0,30.9,31.0,4166230.0
2018-01-08 10:07:24.638000,31.0,30.9,31.0,4166230.0
2018-01-08 10:07:29.863000,31.0,30.9,31.0,4166230.0
2018-01-08 10:07:34.136000,31.0,30.9,31.0,4166230.0
2018-01-08 10:07:38.473000,31.0,30.9,31.0,4166230.0
2018-01-08 10:07:44.613000,31.0,30.9,31.0,4166230.0
2018-01-08 10:07:51.555000,31.0,30.9,31.0,4166230.0
2018-01-08 10:07:56.895000,31.0,30.9,31.0,4166230.0
2018-01-08 10:08:01.934000,30.95,30.95,31.0,4270230.0
2018-01-08 10:08:07.121000,30.95,30.95,31.0,4270230.0
2018-01-08 10:08:14.460000,30.95,30.95,31.0,4270230.0
2018-01-08 10:08:19.395000,30.95,30.95,31.0,4270230.0
2018-01-08 10:08:23.002000,30.95,30.95,31.0,4270230.0
2018-01-08 10:08:27.615000,30.95,30.95,31.0,4270230.0
2018-01-08 10:08:32.587000,30.95,30.95,31.0,4270230.0
2018-01-08 10:08:37.498000,30.95,30.95,31.0,4270230.0
2018-01-08 10:08:43.299000,30.95,30.95,31.0,4270230.0
2018-01-08 10:08:48.499000,30.95,30.95,31.0,4270230.0
2018-01-08 10:08:53.437000,31.0,30.95,31.0,4359730.0
2018-01-08 10:08:58.949000,31.0,30.95,31.0,4359730.0
2018-01-08 10:09:04.357000,31.0,30.95,31.0,4359730.0
2018-01-08 10:09:09.444000,31.0,30.95,31.0,4359730.0
2018-01-08 10:09:14.672000,31.0,30.95,31.0,4359730.0
2018-01-08 10:09:20.621000,31.0,30.95,31.0,4359730.0
2018-01-08 10:09:26.113000,31.0,30.95,31.0,4359730.0
2018-01-08 10:09:31.058000,31.0,30.95,31.0,4359730.0
2018-01-08 10:09:36.544000,31.0,30.95,31.0,4359730.0
2018-01-08 10:09:40.964000,31.0,30.95,31.0,4359730.0
2018-01-08 10:09:46.640000,31.0,30.95,31.0,4359730.0
2018-01-08 10:09:51.482000,31.0,30.95,31.0,4359730.0
2018-01-08 10:09:56.560000,31.0,30.95,31.0,4359730.0
2018-01-08 10:10:01.964000,31.0,30.95,31.0,4372730.0
2018-01-08 10:10:07.484000,31.0,30.95,31.0,4372730.0
2018-01-08 10:10:12.809000,31.0,30.95,31.0,4372730.0
2018-01-08 10:10:18.732000,31.0,30.95,31.0,4372730.0
2018-01-08 10:10:25.372000,31.0,30.95,31.0,4372730.0
2018-01-08 10:10:30.745000,31.0,30.95,31.0,4372730.0
2018-01-08 10:10:36.324000,31.0,30.95,31.0,4372730.0
2018-01-08 10:10:41.364000,31.0,30.95,31.0,4372730.0
2018-01-08 10:10:46.432000,31.0,30.95,31.0,4372730.0
2018-01-08 10:10:52.873000,31.0,30.95,31.0,4372730.0
2018-01-08 10:10:58.267000,30.95,30.95,31.0,4395230.0
2018-01-08 10:11:04.326000,30.95,30.95,31.0,4395230.0
2018-01-08 10:11:10.115000,30.95,30.95,31.0,4395230.0
2018-01-08 10:11:16.168000,30.95,30.95,31.0,4395230.0
2018-01-08 10:11:22.590000,30.95,30.95,31.0,4395230.0
2018-01-08 10:11:29.072000,30.95,30.95,31.0,4395230.0
2018-01-08 10:11:34.556000,30.95,30.95,31.0,4395230.0
2018-01-08 10:11:40.139000,30.95,30.95,31.0,4395230.0
2018-01-08 10:11:43.691000,30.95,30.95,31.0,4395230.0
2018-01-08 10:11:47.461000,30.95,30.9,31.0,4507730.0
2018-01-08 10:11:51.602000,30.95,30.9,31.0,4507730.0
2018-01-08 10:11:55.577000,30.95,30.95,31.0,5008230.0
2018-01-08 10:11:58.853000,30.95,30.95,31.0,5008230.0
2018-01-08 10:12:02.154000,30.95,30.95,31.0,5008230.0
2018-01-08 10:12:07.704000,30.95,30.95,31.0,5008230.0
2018-01-08 10:12:11.473000,30.95,30.95,31.0,5008230.0
2018-01-08 10:12:15.461000,30.95,30.95,31.0,5008230.0
2018-01-08 10:12:19.403000,30.95,30.95,31.0,5008230.0
2018-01-08 10:12:22.754000,30.95,30.95,31.0,5008230.0
2018-01-08 10:12:26.795000,30.95,30.95,31.0,5008230.0
2018-01-08 10:12:30.828000,30.95,30.95,31.0,5008230.0
2018-01-08 10:12:35.251000,30.95,30.95,31.0,5008230.0
2018-01-08 10:12:39.120000,30.95,30.95,31.0,5008230.0
2018-01-08 10:12:43.058000,30.95,30.95,31.0,5008230.0
2018-01-08 10:12:46.719000,30.95,30.95,31.0,5008230.0
2018-01-08 10:12:49.967000,31.0,30.95,31.0,5011230.0
2018-01-08 10:12:53.947000,31.0,30.95,31.0,5011230.0
2018-01-08 10:12:57.002000,31.0,30.95,31.0,5011230.0
2018-01-08 10:13:00.569000,31.0,30.95,31.0,5011230.0
2018-01-08 10:13:03.952000,31.0,30.95,31.0,5011230.0
2018-01-08 10:13:07.829000,31.0,30.95,31.0,5011230.0
2018-01-08 10:13:12.836000,31.0,30.95,31.0,5011230.0
2018-01-08 10:13:18.799000,31.0,30.95,31.0,5011230.0
2018-01-08 10:13:33.958000,31.0,30.95,31.0,5011230.0
2018-01-08 10:13:37.546000,31.0,30.95,31.0,5011230.0
2018-01-08 10:13:41.364000,31.0,30.95,31.0,5011230.0
2018-01-08 10:13:45.454000,31.0,30.95,31.0,5011230.0
2018-01-08 10:13:48.852000,31.0,30.95,31.0,5011230.0
2018-01-08 10:13:52.800000,31.0,30.95,31.0,5011230.0
2018-01-08 10:13:56.299000,31.0,30.95,31.0,5011230.0
2018-01-08 10:13:59.475000,30.95,30.9,30.95,5214230.0
2018-01-08 10:14:03.358000,30.95,30.9,30.95,5214230.0
2018-01-08 10:14:06.944000,30.95,30.9,30.95,5214230.0
2018-01-08 10:14:11.266000,30.95,30.9,30.95,5214230.0
2018-01-08 10:14:15.605000,30.95,30.9,30.95,5214230.0
2018-01-08 10:14:19.015000,30.95,30.9,30.95,5214230.0
2018-01-08 10:14:22.470000,30.95,30.9,30.95,5214230.0
2018-01-08 10:14:26.190000,30.95,30.9,30.95,5214230.0
2018-01-08 10:14:30.185000,30.95,30.9,30.95,5214230.0
2018-01-08 10:14:33.810000,30.95,30.9,30.95,5214230.0
2018-01-08 10:14:37.609000,30.95,30.9,30.95,5214230.0
2018-01-08 10:14:41.629000,30.95,30.95,31.0,5545230.0
2018-01-08 10:14:45.240000,30.95,30.95,31.0,5545230.0
2018-01-08 10:14:49.086000,30.95,30.95,31.0,5545230.0
2018-01-08 10:14:52.677000,30.95,30.95,31.0,5545230.0
2018-01-08 10:14:56.174000,30.95,30.95,31.0,5545230.0
2018-01-08 10:14:59.949000,30.95,30.95,31.0,5545230.0
2018-01-08 10:15:03.482000,30.95,30.95,31.0,5545230.0
2018-01-08 10:15:07.408000,30.95,30.95,31.0,5545230.0
2018-01-08 10:15:14.361000,30.95,30.95,31.0,5545230.0
2018-01-08 10:15:17.701000,30.95,30.95,31.0,5545230.0
2018-01-08 10:15:21.638000,30.95,30.95,31.0,5545230.0
2018-01-08 10:15:25.001000,30.95,30.95,31.0,5545230.0
2018-01-08 10:15:29.029000,30.95,30.95,31.0,5545230.0
2018-01-08 10:15:33.286000,31.0,30.95,31.0,5758230.0
2018-01-08 10:15:36.977000,31.0,30.95,31.0,5758230.0
2018-01-08 10:15:40.988000,31.0,30.95,31.0,5758230.0
2018-01-08 10:15:44.652000,31.0,30.95,31.0,5758230.0
2018-01-08 10:15:48.615000,31.0,30.95,31.0,5758230.0
2018-01-08 10:15:52.408000,31.0,30.95,31.0,5758230.0
2018-01-08 10:15:56.475000,31.0,30.95,31.0,5758230.0
2018-01-08 10:16:21.037000,31.0,30.95,31.0,5760230.0
2018-01-08 10:16:24.622000,31.0,30.95,31.0,5760230.0
2018-01-08 10:16:28.131000,31.0,30.95,31.0,5760230.0
2018-01-08 10:16:31.643000,31.0,30.95,31.0,5760230.0
2018-01-08 10:16:35.522000,31.0,30.95,31.0,5760230.0
2018-01-08 10:16:40.438000,31.0,30.95,31.0,5760230.0
2018-01-08 10:16:45.504000,31.0,30.95,31.0,5760230.0
2018-01-08 10:16:50.785000,31.0,30.95,31.0,5760230.0
2018-01-08 10:16:56.117000,31.0,30.95,31.0,5760230.0
2018-01-08 10:17:01.711000,31.0,30.95,31.0,5760230.0
2018-01-08 10:17:06.913000,31.0,30.95,31.0,5760230.0
2018-01-08 10:17:17.017000,31.0,30.95,31.0,5760230.0
2018-01-08 10:17:22.200000,31.0,30.95,31.0,5760230.0
2018-01-08 10:17:27.096000,31.0,30.95,31.0,5760230.0
2018-01-08 10:17:32.754000,31.0,30.95,31.0,5765730.0
2018-01-08 10:17:37.402000,31.0,30.95,31.0,5765730.0
2018-01-08 10:17:42.306000,31.0,30.95,31.0,5765730.0
2018-01-08 10:17:47.301000,31.0,30.95,31.0,5765730.0
2018-01-08 10:17:51.256000,31.0,30.95,31.0,5765730.0
2018-01-08 10:17:56.067000,31.0,30.95,31.0,5765730.0
2018-01-08 10:18:00.690000,31.0,30.95,31.0,5765730.0
2018-01-08 10:18:05.836000,31.0,30.95,31.0,5765730.0
2018-01-08 10:18:10.699000,31.0,30.95,31.0,5765730.0
2018-01-08 10:18:18.232000,31.0,30.95,31.0,6168230.0
2018-01-08 10:18:22.849000,31.0,30.95,31.0,6168230.0
2018-01-08 10:18:28.010000,31.0,30.95,31.0,6168230.0
2018-01-08 10:18:32.485000,31.0,30.95,31.0,6168230.0
2018-01-08 10:18:38.289000,31.0,30.95,31.0,6168230.0
2018-01-08 10:18:42.342000,31.0,30.95,31.0,6168230.0
2018-01-08 10:18:47.089000,31.0,30.95,31.0,6168230.0
2018-01-08 10:18:51.991000,31.0,30.95,31.0,6168230.0
2018-01-08 10:18:57.185000,31.0,30.95,31.0,6168230.0
2018-01-08 10:19:01.996000,31.0,30.95,31.0,6168230.0
2018-01-08 10:19:11.367000,31.0,30.95,31.0,6779730.0
2018-01-08 10:19:16.092000,31.0,30.95,31.0,6779730.0
2018-01-08 10:19:20.554000,31.0,30.95,31.0,6779730.0
2018-01-08 10:19:25.263000,31.0,30.95,31.0,6779730.0
2018-01-08 10:19:31.453000,31.0,30.95,31.0,6779730.0
2018-01-08 10:19:35.708000,31.0,30.95,31.0,6779730.0
2018-01-08 10:19:40.810000,31.0,30.95,31.0,6779730.0
2018-01-08 10:19:45.097000,30.95,30.95,31.0,6795190.0
2018-01-08 10:19:48.621000,30.95,30.95,31.0,6795190.0
2018-01-08 10:19:52.404000,30.95,30.95,31.0,6795190.0
2018-01-08 10:19:55.898000,30.95,30.95,31.0,6795190.0
2018-01-08 10:20:00.226000,30.95,30.95,31.0,6795190.0
2018-01-08 10:20:04.268000,30.95,30.95,31.0,6795190.0
2018-01-08 10:20:08.712000,30.95,30.95,31.0,6795190.0
2018-01-08 10:20:13.163000,30.95,30.95,31.0,6795190.0
2018-01-08 10:20:18.253000,30.95,30.95,31.0,6795190.0
2018-01-08 10:20:22.947000,30.95,30.95,31.0,6795190.0
2018-01-08 10:20:26.842000,30.95,30.95,31.0,6795190.0
2018-01-08 10:20:30.797000,30.95,30.95,31.0,6795190.0
2018-01-08 10:20:33.821000,30.95,30.95,31.0,6795190.0
2018-01-08 10:20:37.881000,30.95,30.95,31.0,6795190.0
2018-01-08 10:20:41.622000,30.95,30.95,31.0,6795190.0
2018-01-08 10:20:45.029000,30.95,30.95,31.0,6795190.0
2018-01-08 10:20:48.137000,30.95,30.95,31.0,6795190.0
2018-01-08 10:20:52.343000,30.95,30.95,31.0,6795190.0
2018-01-08 10:20:55.953000,30.95,30.95,31.0,6795190.0
2018-01-08 10:21:00.120000,31.0,30.95,31.0,6801690.0
2018-01-08 10:21:03.858000,31.0,30.95,31.0,6801690.0
2018-01-08 10:21:08.045000,31.0,30.95,31.0,6801690.0
2018-01-08 10:21:11.449000,31.0,30.95,31.0,6801690.0
2018-01-08 10:21:15.255000,31.0,30.95,31.0,6801690.0
2018-01-08 10:21:19.346000,31.0,30.95,31.0,6801690.0
2018-01-08 10:21:22.336000,31.0,30.95,31.0,6801690.0
2018-01-08 10:21:25.657000,31.0,30.95,31.0,6801690.0
2018-01-08 10:21:29.274000,31.0,30.95,31.0,6801690.0
2018-01-08 10:21:32.819000,31.0,30.95,31.0,6801690.0
2018-01-08 10:21:36.796000,31.0,30.95,31.0,6801690.0
2018-01-08 10:21:40.799000,31.0,30.95,31.0,6801690.0
2018-01-08 10:21:44.636000,31.0,30.95,31.0,6801690.0
2018-01-08 10:21:48.600000,31.0,30.95,31.0,6804786.0
2018-01-08 10:21:52.078000,31.0,30.95,31.0,6804786.0
2018-01-08 10:21:55.880000,31.0,30.95,31.0,6804786.0
2018-01-08 10:21:59.966000,31.0,30.95,31.0,6804786.0
2018-01-08 10:22:03.565000,31.0,30.95,31.0,6804786.0
2018-01-08 10:22:11.125000,31.0,30.95,31.0,6804786.0
2018-01-08 10:22:14.570000,31.0,30.95,31.0,6804786.0
2018-01-08 10:22:21.363000,31.0,30.95,31.0,6804786.0
2018-01-08 10:22:24.753000,31.0,30.95,31.0,6804786.0
2018-01-08 10:22:28.711000,31.0,30.95,31.0,6804786.0
2018-01-08 10:22:32.811000,31.0,30.95,31.0,6804786.0
2018-01-08 10:22:36.449000,31.0,30.95,31.0,6804786.0
2018-01-08 10:22:40.344000,31.0,30.95,31.0,6804786.0
2018-01-08 10:22:43.551000,31.0,30.95,31.0,6804786.0
2018-01-08 10:22:47.513000,31.0,30.95,31.0,6804786.0
2018-01-08 10:22:51.113000,31.0,30.95,31.0,6804786.0
2018-01-08 10:22:54.591000,31.0,30.95,31.0,6804786.0
2018-01-08 10:22:58.506000,31.0,30.95,31.0,6812286.0
2018-01-08 10:23:02.327000,31.0,30.95,31.0,6812286.0
2018-01-08 10:23:06.254000,31.0,30.95,31.0,6812286.0
2018-01-08 10:23:11.078000,31.0,30.95,31.0,6812286.0
2018-01-08 10:23:14.425000,31.0,30.95,31.0,6812286.0
2018-01-08 10:23:18.455000,31.0,30.95,31.0,6812286.0
2018-01-08 10:23:21.844000,31.0,30.95,31.0,6812286.0
2018-01-08 10:23:24.869000,31.0,30.95,31.0,6812286.0
2018-01-08 10:23:28.980000,31.0,30.95,31.0,6812286.0
2018-01-08 10:23:32.583000,31.0,30.95,31.0,6812286.0
2018-01-08 10:23:36.155000,31.0,30.95,31.0,6812286.0
2018-01-08 10:23:39.807000,31.0,30.95,31.0,6812286.0
2018-01-08 10:23:43.464000,31.0,30.95,31.0,6812286.0
2018-01-08 10:23:47.158000,31.0,30.95,31.0,6812286.0
2018-01-08 10:23:50.578000,31.0,30.95,31.0,6812286.0
2018-01-08 10:23:54.594000,30.95,30.95,31.0,6827786.0
2018-01-08 10:23:57.941000,30.95,30.95,31.0,6827786.0
2018-01-08 10:24:01.173000,30.95,30.95,31.0,6827786.0
2018-01-08 10:24:08.253000,30.95,30.95,31.0,6827786.0
2018-01-08 10:24:15.242000,30.95,30.95,31.0,6827786.0
2018-01-08 10:24:19.251000,30.95,30.95,31.0,6827786.0
2018-01-08 10:24:22.697000,30.95,30.95,31.0,6827786.0
2018-01-08 10:24:26.650000,30.95,30.95,31.0,6827786.0
2018-01-08 10:24:29.589000,30.95,30.95,31.0,6827786.0
2018-01-08 10:24:33.590000,30.95,30.95,31.0,6827786.0
2018-01-08 10:24:36.877000,30.95,30.95,31.0,6827786.0
2018-01-08 10:24:40.643000,30.95,30.95,31.0,6827786.0
2018-01-08 10:24:44.992000,30.95,30.95,31.0,6827786.0
2018-01-08 10:24:49.046000,30.95,30.95,31.0,6827786.0
2018-01-08 10:24:53.946000,31.0,30.95,31.0,6860786.0
2018-01-08 10:24:59.061000,31.0,30.95,31.0,6860786.0
2018-01-08 10:25:05.835000,31.0,30.95,31.0,6860786.0
2018-01-08 10:25:10.559000,31.0,30.95,31.0,6860786.0
2018-01-08 10:25:16.004000,31.0,30.95,31.0,6860786.0
2018-01-08 10:25:21.303000,31.0,30.95,31.0,6860786.0
2018-01-08 10:25:26.784000,31.0,30.95,31.0,6860786.0
2018-01-08 10:25:31.523000,31.0,30.95,31.0,6860786.0
2018-01-08 10:25:36.314000,31.0,30.95,31.0,6860786.0
2018-01-08 10:25:41.357000,31.0,30.95,31.0,6860786.0
2018-01-08 10:25:46.446000,31.0,30.95,31.0,6860786.0
2018-01-08 10:25:51.688000,31.0,30.95,31.0,6860786.0
2018-01-08 10:25:56.896000,31.0,30.95,31.0,6860786.0
2018-01-08 10:26:01.660000,31.0,30.95,31.0,6860786.0
2018-01-08 10:26:06.132000,31.0,30.95,31.0,6864786.0
2018-01-08 10:26:10.948000,31.0,30.95,31.0,6864786.0
2018-01-08 10:26:18.645000,31.0,30.95,31.0,6864786.0
2018-01-08 10:26:23.693000,31.0,30.95,31.0,6864786.0
2018-01-08 10:26:29.188000,31.0,30.95,31.0,6864786.0
2018-01-08 10:26:34.652000,31.0,30.95,31.0,6864786.0
2018-01-08 10:26:39.394000,31.0,30.95,31.0,6864786.0
2018-01-08 10:26:43.881000,31.0,30.95,31.0,6864786.0
2018-01-08 10:26:49.566000,31.0,30.95,31.0,6864786.0
2018-01-08 10:26:54.255000,31.0,30.95,31.0,6871786.0
2018-01-08 10:26:58.961000,31.0,30.95,31.0,6871786.0
2018-01-08 10:27:03.890000,31.0,30.95,31.0,6871786.0
2018-01-08 10:27:08.927000,31.0,30.95,31.0,6871786.0
2018-01-08 10:27:16.613000,31.0,30.95,31.0,6871786.0
2018-01-08 10:27:21.680000,31.0,30.95,31.0,6871786.0
2018-01-08 10:27:27.518000,31.0,30.95,31.0,6871786.0
2018-01-08 10:27:31.461000,31.0,30.95,31.0,6871786.0
2018-01-08 10:27:36.318000,31.0,30.95,31.0,6871786.0
2018-01-08 10:27:42.350000,31.0,30.95,31.0,7173786.0
2018-01-08 10:27:47.412000,31.0,30.95,31.0,7173786.0
2018-01-08 10:27:52.303000,31.0,30.95,31.0,7173786.0
2018-01-08 10:27:57.147000,31.0,30.95,31.0,7173786.0
2018-01-08 10:28:01.174000,31.0,30.95,31.0,7173786.0
2018-01-08 10:28:07.393000,31.0,30.95,31.0,7173786.0
2018-01-08 10:28:13.276000,31.0,30.95,31.0,7173786.0
2018-01-08 10:28:18.378000,31.0,30.95,31.0,7173786.0
2018-01-08 10:28:23.865000,31.0,30.95,31.0,7173786.0
2018-01-08 10:28:29.122000,31.0,30.95,31.0,7178286.0
2018-01-08 10:28:34.100000,31.0,30.95,31.0,7178286.0
2018-01-08 10:28:38.559000,31.0,30.95,31.0,7178286.0
2018-01-08 10:28:43.229000,31.0,30.95,31.0,7178286.0
2018-01-08 10:28:48.853000,31.0,30.95,31.0,7178286.0
2018-01-08 10:28:53.955000,31.0,30.95,31.0,7178286.0
2018-01-08 10:28:58.406000,31.0,30.95,31.0,7178286.0
2018-01-08 10:29:03.274000,31.0,30.95,31.0,7178286.0
2018-01-08 10:29:10.572000,31.0,30.95,31.0,7178286.0
2018-01-08 10:29:15.749000,31.0,30.95,31.0,7178286.0
2018-01-08 10:29:21.659000,31.0,30.95,31.0,7178286.0
2018-01-08 10:29:26.159000,31.0,30.95,31.0,7178286.0
2018-01-08 10:29:30.513000,31.0,30.95,31.0,7178286.0
2018-01-08 10:29:35.012000,31.0,30.95,31.0,7178286.0
2018-01-08 10:29:40.078000,31.0,30.95,31.0,7185786.0
2018-01-08 10:29:45.297000,31.0,30.95,31.0,7185786.0
2018-01-08 10:29:49.557000,31.0,30.95,31.0,7185786.0
2018-01-08 10:29:53.607000,31.0,30.95,31.0,7185786.0
2018-01-08 10:29:58.827000,31.0,30.95,31.0,7185786.0
2018-01-08 10:30:06.188000,31.0,30.95,31.0,7185786.0
2018-01-08 10:30:11.239000,31.0,30.95,31.0,7185786.0
2018-01-08 10:30:17.975000,31.0,30.95,31.0,7185786.0
2018-01-08 10:30:23.185000,31.0,30.95,31.0,7185786.0
2018-01-08 10:30:28.370000,31.0,30.95,31.0,7185786.0
2018-01-08 10:30:33.998000,31.0,30.95,31.0,7185786.0
2018-01-08 10:30:39.593000,31.0,30.95,31.0,7185786.0
2018-01-08 10:30:45.051000,31.0,30.95,31.0,7191286.0
2018-01-08 10:30:50.314000,31.0,30.95,31.0,7191286.0
2018-01-08 10:30:55.834000,31.0,30.95,31.0,7191286.0
2018-01-08 10:31:00.753000,31.0,30.95,31.0,7191286.0
2018-01-08 10:31:06.294000,31.0,30.95,31.0,7191286.0
2018-01-08 10:31:10.727000,31.0,30.95,31.0,7191286.0
2018-01-08 10:31:17.330000,31.0,30.95,31.0,7191286.0
2018-01-08 10:31:22.546000,31.0,30.95,31.0,7191286.0
2018-01-08 10:31:27.330000,31.0,30.95,31.0,7191286.0
2018-01-08 10:31:32.161000,31.0,30.95,31.0,7191286.0
2018-01-08 10:31:37.085000,31.0,30.95,31.0,7194786.0
2018-01-08 10:31:40.124000,31.0,30.95,31.0,7194786.0
2018-01-08 10:31:44.250000,31.0,30.95,31.0,7194786.0
2018-01-08 10:31:48.155000,31.0,30.95,31.0,7194786.0
2018-01-08 10:31:51.397000,31.0,30.95,31.0,7194786.0
2018-01-08 10:31:56.032000,31.0,30.95,31.0,7194786.0
2018-01-08 10:32:01.051000,31.0,30.95,31.0,7194786.0
2018-01-08 10:32:05.542000,31.0,30.95,31.0,7194786.0
2018-01-08 10:32:10.009000,31.0,30.95,31.0,7194786.0
2018-01-08 10:32:19.943000,31.0,30.95,31.0,7194786.0
2018-01-08 10:32:25.560000,31.0,30.95,31.0,7202286.0
2018-01-08 10:32:30.279000,31.0,30.95,31.0,7202286.0
2018-01-08 10:32:35.387000,31.0,30.95,31.0,7202286.0
2018-01-08 10:32:40.336000,31.0,30.95,31.0,7202286.0
2018-01-08 10:32:45.188000,31.0,30.95,31.0,7202286.0
2018-01-08 10:32:49.184000,31.0,30.95,31.0,7202286.0
2018-01-08 10:32:53.079000,31.0,30.95,31.0,7202286.0
2018-01-08 10:32:57.021000,30.95,30.95,31.0,8174286.0
2018-01-08 10:33:00.068000,30.95,30.95,31.0,8174286.0
2018-01-08 10:33:04.533000,30.95,30.95,31.0,8174286.0
2018-01-08 10:33:08.110000,30.95,30.95,31.0,8174286.0
2018-01-08 10:33:11.730000,30.95,30.95,31.0,8174286.0
2018-01-08 10:33:16.962000,30.95,30.95,31.0,8174286.0
2018-01-08 10:33:20.927000,30.95,30.95,31.0,8174286.0
2018-01-08 10:33:24.846000,30.95,30.95,31.0,8174286.0
2018-01-08 10:33:28.860000,30.95,30.95,31.0,8174286.0
2018-01-08 10:33:33.063000,30.95,30.95,31.0,8174286.0
2018-01-08 10:33:36.041000,30.95,30.95,31.0,8654786.0
2018-01-08 10:33:39.485000,30.95,30.95,31.0,8654786.0
2018-01-08 10:33:43.204000,30.95,30.95,31.0,8654786.0
2018-01-08 10:33:47.069000,30.95,30.95,31.0,8654786.0
2018-01-08 10:33:50.816000,30.95,30.95,31.0,8654786.0
2018-01-08 10:33:54.929000,30.95,30.95,31.0,8654786.0
2018-01-08 10:33:58.221000,30.95,30.95,31.0,8654786.0
2018-01-08 10:34:02.139000,30.95,30.95,31.0,8654786.0
2018-01-08 10:34:05.679000,30.95,30.95,31.0,8654786.0
2018-01-08 10:34:10.877000,30.95,30.95,31.0,8654786.0
2018-01-08 10:34:16.019000,30.95,30.95,31.0,8654786.0
2018-01-08 10:34:20.237000,30.95,30.95,31.0,8654786.0
2018-01-08 10:34:23.489000,30.95,30.95,31.0,8654786.0
2018-01-08 10:34:27.036000,30.95,30.95,31.0,8654786.0
2018-01-08 10:34:30.939000,30.95,30.95,31.0,8654786.0
2018-01-08 10:34:34.407000,30.95,30.95,31.0,8654786.0
2018-01-08 10:34:38.413000,30.95,30.95,31.0,8654786.0
2018-01-08 10:34:41.922000,30.95,30.9,30.95,8682286.0
2018-01-08 10:34:45.140000,30.95,30.9,30.95,8682286.0
2018-01-08 10:34:48.417000,30.95,30.9,30.95,8682286.0
2018-01-08 10:34:52.062000,30.95,30.9,30.95,8682286.0
2018-01-08 10:34:56.052000,30.95,30.9,30.95,8682286.0
2018-01-08 10:35:00.486000,30.95,30.9,30.95,8682286.0
2018-01-08 10:35:03.972000,30.95,30.9,30.95,8682286.0
2018-01-08 10:35:11.051000,30.95,30.9,30.95,8682286.0
2018-01-08 10:35:14.397000,30.95,30.9,30.95,8682286.0
2018-01-08 10:35:18.934000,30.95,30.9,30.95,8682286.0
2018-01-08 10:35:22.798000,30.95,30.9,30.95,8682286.0
2018-01-08 10:35:26.618000,30.95,30.9,30.95,8682286.0
2018-01-08 10:35:30.148000,31.0,30.95,31.0,8794286.0
2018-01-08 10:35:33.836000,31.0,30.95,31.0,8794286.0
2018-01-08 10:35:37.677000,31.0,30.95,31.0,8794286.0
2018-01-08 10:35:41.103000,31.0,30.95,31.0,8794286.0
2018-01-08 10:35:44.704000,31.0,30.95,31.0,8794286.0
2018-01-08 10:35:48.598000,31.0,30.95,31.0,8794286.0
2018-01-08 10:35:52.684000,31.0,30.95,31.0,8794286.0
2018-01-08 10:35:56.141000,31.0,30.95,31.0,8794286.0
2018-01-08 10:35:59.119000,31.0,30.95,31.0,8794286.0
2018-01-08 10:36:02.972000,31.0,30.95,31.0,8794286.0
2018-01-08 10:36:07.021000,31.0,30.95,31.0,8794286.0
2018-01-08 10:36:10.858000,31.0,30.95,31.0,8794286.0
2018-01-08 10:36:18.284000,31.0,30.95,31.0,8794286.0
2018-01-08 10:36:23.145000,31.0,30.95,31.0,8796286.0
2018-01-08 10:36:26.275000,31.0,30.95,31.0,8796286.0
2018-01-08 10:36:29.610000,31.0,30.95,31.0,8796286.0
2018-01-08 10:36:33.083000,31.0,30.95,31.0,8796286.0
2018-01-08 10:36:36.432000,31.0,30.95,31.0,8796286.0
2018-01-08 10:36:40.347000,31.0,30.95,31.0,8796286.0
2018-01-08 10:36:43.682000,31.0,30.95,31.0,8796286.0
2018-01-08 10:36:47.958000,31.0,30.95,31.0,8796286.0
2018-01-08 10:36:51.558000,31.0,30.95,31.0,8796286.0
2018-01-08 10:36:55.465000,31.0,30.95,31.0,8796286.0
2018-01-08 10:36:58.417000,31.0,30.95,31.0,8796286.0
2018-01-08 10:37:02.020000,31.0,30.95,31.0,8796286.0
2018-01-08 10:37:09.370000,31.0,30.95,31.0,8798286.0
2018-01-08 10:37:13.238000,31.0,30.95,31.0,8798286.0
2018-01-08 10:37:16.337000,31.0,30.95,31.0,8798286.0
2018-01-08 10:37:19.899000,31.0,30.95,31.0,8798286.0
2018-01-08 10:37:23.053000,31.0,30.95,31.0,8798286.0
2018-01-08 10:37:26.143000,31.0,30.95,31.0,8798286.0
2018-01-08 10:37:30.521000,31.0,30.95,31.0,8798286.0
2018-01-08 10:37:35.286000,31.0,30.95,31.0,8798286.0
2018-01-08 10:37:40.606000,31.0,30.95,31.0,8798286.0
2018-01-08 10:37:45.927000,31.0,30.95,31.0,8798286.0
2018-01-08 10:37:50.942000,30.95,30.9,30.95,9167286.0
2018-01-08 10:37:55.820000,30.95,30.9,30.95,9167286.0
2018-01-08 10:38:00.848000,30.95,30.9,30.95,9167286.0
2018-01-08 10:38:07.235000,30.95,30.9,30.95,9167286.0
2018-01-08 10:38:15.199000,30.95,30.9,30.95,9167286.0
2018-01-08 10:38:20.108000,30.95,30.9,30.95,9167286.0
2018-01-08 10:38:24.804000,30.95,30.9,30.95,9167286.0
2018-01-08 10:38:29.667000,30.95,30.9,30.95,9167286.0
2018-01-08 10:38:34.354000,30.95,30.9,30.95,9167286.0
2018-01-08 10:38:38.866000,30.95,30.9,30.95,9167286.0
2018-01-08 10:38:43.102000,30.95,30.9,30.95,9167286.0
2018-01-08 10:38:48.148000,30.95,30.9,30.95,9167286.0
2018-01-08 10:38:53.396000,30.95,30.9,30.95,9167286.0
2018-01-08 10:38:58.542000,30.95,30.9,30.95,9167286.0
2018-01-08 10:39:03.543000,30.95,30.9,30.95,9171286.0
2018-01-08 10:39:08.539000,30.95,30.9,30.95,9171286.0
2018-01-08 10:39:14.652000,30.95,30.9,30.95,9171286.0
2018-01-08 10:39:21.741000,30.95,30.9,30.95,9171286.0
2018-01-08 10:39:26.326000,30.95,30.9,30.95,9171286.0
2018-01-08 10:39:31.151000,30.95,30.9,30.95,9171286.0
2018-01-08 10:39:36.444000,30.95,30.9,30.95,9171286.0
2018-01-08 10:39:42.384000,30.95,30.9,30.95,9171286.0
2018-01-08 10:39:47.614000,30.95,30.9,30.95,9182786.0
2018-01-08 10:39:52.822000,30.95,30.9,30.95,9182786.0
2018-01-08 10:39:57.607000,30.95,30.9,30.95,9182786.0
2018-01-08 10:40:02.903000,30.95,30.9,30.95,9182786.0
2018-01-08 10:40:10.476000,30.95,30.9,30.95,9182786.0
2018-01-08 10:40:15.077000,30.95,30.9,30.95,9182786.0
2018-01-08 10:40:20.390000,30.95,30.9,30.95,9182786.0
2018-01-08 10:40:25.770000,30.95,30.9,30.95,9182786.0
2018-01-08 10:40:33.105000,30.95,30.9,30.95,9182786.0
2018-01-08 10:40:38.469000,30.95,30.9,30.95,9185786.0
2018-01-08 10:40:42.551000,30.95,30.9,30.95,9185786.0
2018-01-08 10:40:46.791000,30.95,30.9,30.95,9185786.0
2018-01-08 10:40:50.180000,30.95,30.9,30.95,9185786.0
2018-01-08 10:40:54.274000,30.95,30.9,30.95,9185786.0
2018-01-08 10:40:58.431000,30.95,30.9,30.95,9185786.0
2018-01-08 10:41:03.681000,30.95,30.9,30.95,9185786.0
2018-01-08 10:41:08.428000,30.95,30.9,30.95,9185786.0
2018-01-08 10:41:15.358000,30.95,30.9,30.95,9185786.0
2018-01-08 10:41:20.900000,30.95,30.9,30.95,9191633.0
2018-01-08 10:41:25.435000,30.95,30.9,30.95,9191633.0
2018-01-08 10:41:30.454000,30.95,30.9,30.95,9191633.0
2018-01-08 10:41:35.134000,30.95,30.9,30.95,9191633.0
2018-01-08 10:41:40.498000,30.95,30.9,30.95,9191633.0
2018-01-08 10:41:45.146000,30.95,30.9,30.95,9191633.0
2018-01-08 10:41:50.118000,30.95,30.9,30.95,9191633.0
2018-01-08 10:41:55.018000,30.95,30.9,30.95,9191633.0
2018-01-08 10:42:00.374000,30.95,30.9,30.95,9191633.0
2018-01-08 10:42:05.481000,30.95,30.9,30.95,9191633.0
2018-01-08 10:42:11.061000,30.95,30.9,30.95,9193633.0
2018-01-08 10:42:17.488000,30.95,30.9,30.95,9193633.0
2018-01-08 10:42:22.444000,30.95,30.9,30.95,9193633.0
2018-01-08 10:42:26.997000,30.95,30.9,30.95,9193633.0
2018-01-08 10:42:35.271000,30.95,30.9,30.95,9193633.0
2018-01-08 10:42:40.487000,30.95,30.9,30.95,9193633.0
2018-01-08 10:42:45.947000,30.95,30.9,30.95,9193633.0
2018-01-08 10:42:51.281000,30.95,30.9,30.95,9193633.0
2018-01-08 10:42:56.290000,30.95,30.9,30.95,9193633.0
2018-01-08 10:43:01.545000,30.95,30.9,30.95,9195633.0
2018-01-08 10:43:08.055000,30.95,30.9,30.95,9195633.0
2018-01-08 10:43:15.570000,30.95,30.9,30.95,9195633.0
2018-01-08 10:43:21.098000,30.95,30.9,30.95,9195633.0
2018-01-08 10:43:25.238000,30.95,30.9,30.95,9195633.0
2018-01-08 10:43:29.505000,30.95,30.9,30.95,9195633.0
2018-01-08 10:43:34.279000,30.95,30.9,30.95,9195633.0
2018-01-08 10:43:39.101000,30.95,30.9,30.95,9195633.0
2018-01-08 10:43:44.036000,30.95,30.9,30.95,9195633.0
2018-01-08 10:43:49.344000,30.95,30.9,30.95,9195633.0
2018-01-08 10:43:54.422000,30.95,30.9,30.95,9195633.0
2018-01-08 10:43:59.438000,30.95,30.9,30.95,9195633.0
2018-01-08 10:44:04.234000,30.95,30.9,30.95,9195633.0
2018-01-08 10:44:10.271000,30.95,30.9,30.95,9198633.0
2018-01-08 10:44:15.267000,30.95,30.9,30.95,9198633.0
2018-01-08 10:44:18.889000,30.95,30.9,30.95,9198633.0
2018-01-08 10:44:21.723000,30.95,30.9,30.95,9198633.0
2018-01-08 10:44:25.944000,30.95,30.9,30.95,9198633.0
2018-01-08 10:44:31.415000,30.95,30.9,30.95,9198633.0
2018-01-08 10:44:35.916000,30.95,30.9,30.95,9198633.0
2018-01-08 10:44:40.946000,30.95,30.9,30.95,9198633.0
2018-01-08 10:44:45.993000,30.95,30.9,30.95,9198633.0
2018-01-08 10:44:51.078000,30.95,30.9,30.95,9198633.0
2018-01-08 10:44:55.974000,30.95,30.9,30.95,9214767.0
2018-01-08 10:45:01.868000,30.95,30.9,30.95,9214767.0
2018-01-08 10:45:06.140000,30.95,30.9,30.95,9214767.0
2018-01-08 10:45:12.140000,30.95,30.9,30.95,9214767.0
2018-01-08 10:45:20.605000,30.95,30.9,30.95,9214767.0
2018-01-08 10:45:25.384000,30.95,30.9,30.95,9214767.0
2018-01-08 10:45:30.621000,30.95,30.9,30.95,9214767.0
2018-01-08 10:45:35.367000,30.95,30.9,30.95,9214767.0
2018-01-08 10:45:39.893000,30.95,30.9,30.95,9214767.0
2018-01-08 10:45:45.409000,30.95,30.9,30.95,9216767.0
2018-01-08 10:45:50.709000,30.95,30.9,30.95,9216767.0
2018-01-08 10:45:55.174000,30.95,30.9,30.95,9216767.0
2018-01-08 10:46:00.454000,30.95,30.9,30.95,9216767.0
2018-01-08 10:46:05.568000,30.95,30.9,30.95,9216767.0
2018-01-08 10:46:13.423000,30.95,30.9,30.95,9216767.0
2018-01-08 10:46:18.228000,30.95,30.9,30.95,9216767.0
2018-01-08 10:46:22.640000,30.95,30.9,30.95,9244767.0
2018-01-08 10:46:27.531000,30.95,30.9,30.95,9244767.0
2018-01-08 10:46:31.912000,30.95,30.9,30.95,9244767.0
2018-01-08 10:46:36.972000,30.95,30.9,30.95,9244767.0
2018-01-08 10:46:42.090000,30.95,30.9,30.95,9244767.0
2018-01-08 10:46:47.357000,30.95,30.9,30.95,9244767.0
2018-01-08 10:46:52.333000,30.95,30.9,30.95,11008767.0
2018-01-08 10:46:56.770000,30.95,30.9,30.95,11008767.0
2018-01-08 10:47:02.265000,30.95,30.9,30.95,11008767.0
2018-01-08 10:47:05.812000,30.95,30.9,30.95,11008767.0
2018-01-08 10:47:09.896000,30.95,30.9,30.95,11008767.0
2018-01-08 10:47:13.725000,30.95,30.9,30.95,11008767.0
2018-01-08 10:47:18.801000,30.95,30.9,30.95,11008767.0
2018-01-08 10:47:22.248000,30.95,30.9,30.95,11008767.0
2018-01-08 10:47:25.774000,30.95,30.9,30.95,11008767.0
2018-01-08 10:47:29.129000,30.95,30.9,30.95,11008767.0
2018-01-08 10:47:32.432000,30.95,30.9,30.95,11008767.0
2018-01-08 10:47:36.287000,30.95,30.9,30.95,11008767.0
2018-01-08 10:47:40.098000,30.95,30.9,30.95,11008767.0
2018-01-08 10:47:43.706000,30.95,30.9,30.95,11008767.0
2018-01-08 10:47:47.468000,30.95,30.9,30.95,11008767.0
2018-01-08 10:47:51.195000,30.95,30.9,30.95,11008767.0
2018-01-08 10:47:56.548000,30.95,30.95,31.0,11024267.0
2018-01-08 10:48:00.226000,30.95,30.95,31.0,11024267.0
2018-01-08 10:48:04.131000,30.95,30.95,31.0,11024267.0
2018-01-08 10:48:08.176000,30.95,30.95,31.0,11024267.0
2018-01-08 10:48:11.983000,30.95,30.95,31.0,11024267.0
2018-01-08 10:48:15.406000,30.95,30.95,31.0,11024267.0
2018-01-08 10:48:19.319000,30.95,30.95,31.0,11024267.0
2018-01-08 10:48:22.947000,30.95,30.95,31.0,11024267.0
2018-01-08 10:48:26.932000,30.95,30.95,31.0,11024267.0
2018-01-08 10:48:30.297000,30.95,30.95,31.0,11024267.0
2018-01-08 10:48:33.584000,30.95,30.95,31.0,11024267.0
2018-01-08 10:48:37.227000,30.95,30.95,31.0,11024267.0
2018-01-08 10:48:41.036000,30.95,30.95,31.0,11024267.0
2018-01-08 10:48:44.823000,30.95,30.95,31.0,11024267.0
2018-01-08 10:48:48.665000,31.0,30.95,31.0,11057267.0
2018-01-08 10:48:52.325000,31.0,30.95,31.0,11057267.0
2018-01-08 10:48:56.226000,31.0,30.95,31.0,11057267.0
2018-01-08 10:49:00.412000,31.0,30.95,31.0,11057267.0
2018-01-08 10:49:06.279000,31.0,30.95,31.0,11057267.0
2018-01-08 10:49:10.291000,31.0,30.95,31.0,11057267.0
2018-01-08 10:49:14.226000,31.0,30.95,31.0,11057267.0
2018-01-08 10:49:18.185000,31.0,30.95,31.0,11057267.0
2018-01-08 10:49:22.392000,31.0,30.95,31.0,11057267.0
2018-01-08 10:49:26.220000,31.0,30.95,31.0,11057267.0
2018-01-08 10:49:29.304000,31.0,30.95,31.0,11057267.0
2018-01-08 10:49:33.038000,31.0,30.95,31.0,11057267.0
2018-01-08 10:49:36.574000,31.0,30.95,31.0,11057267.0
2018-01-08 10:49:40.535000,31.0,30.95,31.0,11057267.0
2018-01-08 10:49:44.022000,31.0,30.95,31.0,11057267.0
2018-01-08 10:49:47.425000,31.0,30.95,31.0,11057267.0
2018-01-08 10:49:51.461000,31.0,30.95,31.0,11057267.0
2018-01-08 10:49:55.592000,31.0,30.95,31.0,11057267.0
2018-01-08 10:49:59.478000,31.0,30.95,31.0,11060267.0
2018-01-08 10:50:03.430000,31.0,30.95,31.0,11060267.0
2018-01-08 10:50:07.871000,31.0,30.95,31.0,11060267.0
2018-01-08 10:50:11.628000,31.0,30.95,31.0,11060267.0
2018-01-08 10:50:15.561000,31.0,30.95,31.0,11060267.0
2018-01-08 10:50:19.663000,31.0,30.95,31.0,11060267.0
2018-01-08 10:50:23.521000,31.0,30.95,31.0,11060267.0
2018-01-08 10:50:27.183000,31.0,30.95,31.0,11060267.0
2018-01-08 10:50:31.127000,31.0,30.95,31.0,11060267.0
2018-01-08 10:50:35.015000,31.0,30.95,31.0,11060267.0
2018-01-08 10:50:38.734000,31.0,30.95,31.0,11060267.0
2018-01-08 10:50:42.543000,31.0,30.95,31.0,11060267.0
2018-01-08 10:50:45.609000,31.0,30.95,31.0,11062267.0
2018-01-08 10:50:49.540000,31.0,30.95,31.0,11062267.0
2018-01-08 10:50:52.956000,31.0,30.95,31.0,11062267.0
2018-01-08 10:50:56.709000,31.0,30.95,31.0,11062267.0
2018-01-08 10:51:00.667000,31.0,30.95,31.0,11062267.0
2018-01-08 10:51:04.430000,31.0,30.95,31.0,11062267.0
2018-01-08 10:51:08.160000,31.0,30.95,31.0,11062267.0
2018-01-08 10:51:12.793000,31.0,30.95,31.0,11062267.0
2018-01-08 10:51:16.514000,31.0,30.95,31.0,11062267.0
2018-01-08 10:51:21.308000,31.0,30.95,31.0,11062267.0
2018-01-08 10:51:24.885000,31.0,30.95,31.0,11062267.0
2018-01-08 10:51:28.342000,31.0,30.95,31.0,11062267.0
2018-01-08 10:51:30.996000,31.0,30.95,31.0,11064267.0
2018-01-08 10:51:34.292000,31.0,30.95,31.0,11064267.0
2018-01-08 10:51:37.737000,31.0,30.95,31.0,11064267.0
2018-01-08 10:51:41.316000,31.0,30.95,31.0,11064267.0
2018-01-08 10:51:44.738000,31.0,30.95,31.0,11064267.0
2018-01-08 10:51:48.447000,31.0,30.95,31.0,11064267.0
2018-01-08 10:51:52.157000,31.0,30.95,31.0,11064267.0
2018-01-08 10:51:56.074000,31.0,30.95,31.0,11064267.0
2018-01-08 10:51:59.862000,31.0,30.95,31.0,11064267.0
2018-01-08 10:52:04.278000,31.0,30.95,31.0,11064267.0
2018-01-08 10:52:11.146000,31.0,30.95,31.0,11064267.0
2018-01-08 10:52:16.363000,31.0,30.95,31.0,11064267.0
2018-01-08 10:52:21.652000,31.0,30.95,31.0,11066267.0
2018-01-08 10:52:26.569000,31.0,30.95,31.0,11066267.0
2018-01-08 10:52:31.423000,31.0,30.95,31.0,11066267.0
2018-01-08 10:52:36.449000,31.0,30.95,31.0,11066267.0
2018-01-08 10:52:41.250000,31.0,30.95,31.0,11066267.0
2018-01-08 10:52:45.968000,31.0,30.95,31.0,11066267.0
2018-01-08 10:52:50.999000,31.0,30.95,31.0,11066267.0
2018-01-08 10:52:56.156000,31.0,30.95,31.0,11066267.0
2018-01-08 10:53:01.688000,31.0,30.95,31.0,11066267.0
2018-01-08 10:53:08.244000,31.0,30.95,31.0,11524267.0
2018-01-08 10:53:14.935000,31.0,30.95,31.0,11524267.0
2018-01-08 10:53:19.643000,31.0,30.95,31.0,11524267.0
2018-01-08 10:53:24.942000,31.0,30.95,31.0,11524267.0
2018-01-08 10:53:30.108000,31.0,30.95,31.0,11524267.0
2018-01-08 10:53:35.201000,31.0,30.95,31.0,11524267.0
2018-01-08 10:53:40.279000,31.0,30.95,31.0,11524267.0
2018-01-08 10:53:44.892000,31.0,30.95,31.0,11524267.0
2018-01-08 10:53:49.952000,31.0,30.95,31.0,11524267.0
2018-01-08 10:53:55.905000,31.0,30.95,31.0,11970267.0
2018-01-08 10:54:01.689000,31.0,30.95,31.0,11970267.0
2018-01-08 10:54:06.874000,31.0,30.95,31.0,11970267.0
2018-01-08 10:54:11.741000,31.0,30.95,31.0,11970267.0
2018-01-08 10:54:16.697000,31.0,30.95,31.0,11970267.0
2018-01-08 10:54:21.438000,31.0,30.95,31.0,11970267.0
2018-01-08 10:54:26.179000,31.0,30.95,31.0,11970267.0
2018-01-08 10:54:31.346000,31.0,30.95,31.0,11970267.0
2018-01-08 10:54:36.515000,31.0,30.95,31.0,11970267.0
2018-01-08 10:54:41.857000,31.0,30.95,31.0,11970267.0
2018-01-08 10:54:46.988000,31.0,30.95,31.0,11970267.0
2018-01-08 10:54:52.181000,31.0,30.95,31.0,11970267.0
2018-01-08 10:54:56.513000,31.0,30.95,31.0,11970267.0
2018-01-08 10:55:01.565000,31.0,30.95,31.0,11970267.0
2018-01-08 10:55:06.735000,31.0,30.95,31.0,11973267.0
2018-01-08 10:55:10.925000,31.0,30.95,31.0,11973267.0
2018-01-08 10:55:16.742000,31.0,30.95,31.0,11973267.0
2018-01-08 10:55:20.830000,31.0,30.95,31.0,11973267.0
2018-01-08 10:55:25.862000,31.0,30.95,31.0,11973267.0
2018-01-08 10:55:30.413000,31.0,30.95,31.0,11973267.0
2018-01-08 10:55:35.437000,31.0,30.95,31.0,11973267.0
2018-01-08 10:55:40.048000,31.0,30.95,31.0,11973267.0
2018-01-08 10:55:44.509000,31.0,30.95,31.0,11973267.0
2018-01-08 10:55:49.675000,31.0,30.95,31.0,11973267.0
2018-01-08 10:55:54.597000,31.0,30.95,31.0,11975267.0
2018-01-08 10:55:59.845000,31.0,30.95,31.0,11975267.0
2018-01-08 10:56:04.367000,31.0,30.95,31.0,11975267.0
2018-01-08 10:56:09.104000,31.0,30.95,31.0,11975267.0
2018-01-08 10:56:18.860000,31.0,30.95,31.0,11975267.0
2018-01-08 10:56:24.441000,31.0,30.95,31.0,11975267.0
2018-01-08 10:56:29.674000,31.0,30.95,31.0,11975267.0
2018-01-08 10:56:34.892000,31.0,30.95,31.0,11975267.0
2018-01-08 10:56:39.955000,31.0,30.95,31.0,11975267.0
2018-01-08 10:56:44.737000,31.0,30.95,31.0,11975267.0
2018-01-08 10:56:49.375000,31.0,30.95,31.0,11986767.0
2018-01-08 10:56:53.876000,31.0,30.95,31.0,11986767.0
2018-01-08 10:56:58.115000,31.0,30.95,31.0,11986767.0
2018-01-08 10:57:07.819000,31.0,30.95,31.0,11986767.0
2018-01-08 10:57:13.456000,31.0,30.95,31.0,11986767.0
2018-01-08 10:57:19.170000,31.0,30.95,31.0,11986767.0
2018-01-08 10:57:24.011000,31.0,30.95,31.0,11986767.0
2018-01-08 10:57:29.105000,31.0,30.95,31.0,11986767.0
2018-01-08 10:57:34.943000,31.0,30.95,31.0,11986767.0
2018-01-08 10:57:39.470000,31.0,30.95,31.0,11986767.0
2018-01-08 10:57:43.721000,31.0,30.95,31.0,11986767.0
2018-01-08 10:57:49.451000,31.0,30.95,31.0,12010767.0
2018-01-08 10:57:55.176000,31.0,30.95,31.0,12010767.0
2018-01-08 10:58:06.741000,31.0,30.95,31.0,12010767.0
2018-01-08 10:58:18.187000,31.0,30.95,31.0,12010767.0
2018-01-08 10:58:24.265000,31.0,30.95,31.0,12010767.0
2018-01-08 10:58:42.213000,31.0,30.95,31.0,12026767.0
2018-01-08 10:58:45.679000,31.0,30.95,31.0,12026767.0
2018-01-08 10:58:48.923000,31.0,30.95,31.0,12026767.0
2018-01-08 10:58:52.547000,31.0,30.95,31.0,12026767.0
2018-01-08 10:58:56.625000,31.0,30.95,31.0,12026767.0
2018-01-08 10:59:00.319000,31.0,30.95,31.0,12026767.0
2018-01-08 10:59:04.092000,31.0,30.95,31.0,12026767.0
2018-01-08 10:59:11.177000,31.0,30.95,31.0,12026767.0
2018-01-08 10:59:15.178000,31.0,30.95,31.0,12026767.0
2018-01-08 10:59:19.435000,31.0,30.95,31.0,12026767.0
2018-01-08 10:59:23.321000,31.0,30.95,31.0,12032267.0
2018-01-08 10:59:26.904000,31.0,30.95,31.0,12032267.0
2018-01-08 10:59:30.772000,31.0,30.95,31.0,12032267.0
2018-01-08 10:59:34.513000,31.0,30.95,31.0,12032267.0
2018-01-08 10:59:37.972000,31.0,30.95,31.0,12032267.0
2018-01-08 10:59:42.445000,31.0,30.95,31.0,12032267.0
2018-01-08 10:59:46.697000,31.0,30.95,31.0,12032267.0
2018-01-08 10:59:50.381000,31.0,30.95,31.0,12032267.0
2018-01-08 10:59:54.273000,31.0,30.95,31.0,12032267.0
2018-01-08 10:59:57.434000,31.0,30.95,31.0,12032267.0
2018-01-08 11:00:00.869000,31.0,30.95,31.0,12032267.0
2018-01-08 11:00:06.061000,31.0,30.95,31.0,12032267.0
2018-01-08 11:00:19.992000,31.0,30.95,31.0,12034267.0
2018-01-08 11:00:23.841000,31.0,30.95,31.0,12034267.0
2018-01-08 11:00:27.276000,31.0,30.95,31.0,12034267.0
2018-01-08 11:00:30.822000,31.0,30.95,31.0,12034267.0
2018-01-08 11:00:34.854000,31.0,30.95,31.0,12034267.0
2018-01-08 11:00:39.138000,31.0,30.95,31.0,12034267.0
2018-01-08 11:00:42.151000,31.0,30.95,31.0,12034267.0
2018-01-08 11:00:46.266000,31.0,30.95,31.0,12034267.0
2018-01-08 11:00:49.674000,31.0,30.95,31.0,12034267.0
2018-01-08 11:00:53.426000,31.0,30.95,31.0,12034267.0
2018-01-08 11:00:57.495000,31.0,30.95,31.0,12034267.0
2018-01-08 11:01:01.654000,31.0,30.95,31.0,12034267.0
2018-01-08 11:01:08.143000,31.0,30.95,31.0,12034267.0
2018-01-08 11:01:13.322000,31.0,30.95,31.0,12034267.0
2018-01-08 11:01:19.506000,31.0,30.95,31.0,12041767.0
2018-01-08 11:01:22.889000,31.0,30.95,31.0,12041767.0
2018-01-08 11:01:26.613000,31.0,30.95,31.0,12041767.0
2018-01-08 11:01:30.230000,31.0,30.95,31.0,12041767.0
2018-01-08 11:01:33.919000,31.0,30.95,31.0,12041767.0
2018-01-08 11:01:37.543000,31.0,30.95,31.0,12041767.0
2018-01-08 11:01:41.409000,31.0,30.95,31.0,12041767.0
2018-01-08 11:01:45.025000,31.0,30.95,31.0,12041767.0
2018-01-08 11:01:48.546000,31.0,30.95,31.0,12041767.0
2018-01-08 11:01:52.433000,31.0,30.95,31.0,12041767.0
2018-01-08 11:01:56.490000,31.0,30.95,31.0,12041767.0
2018-01-08 11:02:00.372000,31.0,30.95,31.0,12041767.0
2018-01-08 11:02:04.921000,31.0,30.95,31.0,12041767.0
2018-01-08 11:02:08.109000,31.0,30.95,31.0,12043767.0
2018-01-08 11:02:11.495000,31.0,30.95,31.0,12043767.0
2018-01-08 11:02:16.534000,31.0,30.95,31.0,13355267.0
2018-01-08 11:02:21.356000,31.0,30.95,31.0,13355267.0
2018-01-08 11:02:25.325000,31.0,30.95,31.0,13355267.0
2018-01-08 11:02:28.988000,31.0,30.95,31.0,14166267.0
2018-01-08 11:02:32.822000,31.0,31.0,31.05,15209767.0
2018-01-08 11:02:36.789000,31.0,31.0,31.05,15209767.0
2018-01-08 11:02:41.653000,31.0,31.0,31.05,15209767.0
2018-01-08 11:02:48.252000,31.0,31.0,31.05,15209767.0
2018-01-08 11:02:51.880000,31.0,31.0,31.05,15209767.0
2018-01-08 11:02:55.684000,31.0,31.0,31.05,15209767.0
2018-01-08 11:02:59.043000,31.0,31.0,31.05,15209767.0
2018-01-08 11:03:03.176000,31.0,31.0,31.05,15209767.0
2018-01-08 11:03:10.711000,31.0,31.0,31.05,15209767.0
2018-01-08 11:03:14.414000,31.0,31.0,31.05,15209767.0
2018-01-08 11:03:17.771000,31.0,31.0,31.05,15209767.0
2018-01-08 11:03:21.299000,31.05,31.0,31.05,15213410.0
2018-01-08 11:03:25.625000,31.05,31.0,31.05,15213410.0
2018-01-08 11:03:29.500000,31.05,31.0,31.05,15213410.0
2018-01-08 11:03:33.183000,31.05,31.0,31.05,15213410.0
2018-01-08 11:03:37.100000,31.05,31.0,31.05,15213410.0
2018-01-08 11:03:41.153000,31.05,31.0,31.05,15213410.0
2018-01-08 11:03:45.420000,31.05,31.0,31.05,15213410.0
2018-01-08 11:03:49.113000,31.05,31.0,31.05,15213410.0
2018-01-08 11:03:52.943000,31.05,31.0,31.05,15213410.0
2018-01-08 11:03:56.732000,31.05,31.0,31.05,15213410.0
2018-01-08 11:04:00.500000,31.05,31.0,31.05,15213410.0
2018-01-08 11:04:04.555000,31.05,31.0,31.05,15222462.0
2018-01-08 11:04:08.431000,31.05,31.0,31.05,15222462.0
2018-01-08 11:04:14.063000,31.05,31.0,31.05,15222462.0
2018-01-08 11:04:18.104000,31.05,31.0,31.05,15222462.0
2018-01-08 11:04:21.905000,31.05,31.0,31.05,15222462.0
2018-01-08 11:04:25.422000,31.05,31.0,31.05,15222462.0
2018-01-08 11:04:28.821000,31.05,31.0,31.05,15222462.0
2018-01-08 11:04:32.660000,31.05,31.0,31.05,15222462.0
2018-01-08 11:04:36.808000,31.05,31.0,31.05,15222462.0
2018-01-08 11:04:40.640000,31.05,31.0,31.05,15222462.0
2018-01-08 11:04:44.475000,31.05,31.0,31.05,15222462.0
2018-01-08 11:04:47.984000,31.05,31.0,31.05,15222462.0
2018-01-08 11:04:51.805000,31.05,31.0,31.05,15226865.0
2018-01-08 11:04:55.736000,31.05,31.0,31.05,15226865.0
2018-01-08 11:04:59.268000,31.05,31.0,31.05,15226865.0
2018-01-08 11:05:04.134000,31.05,31.0,31.05,15226865.0
2018-01-08 11:05:08.080000,31.05,31.0,31.05,15226865.0
2018-01-08 11:05:13.154000,31.05,31.0,31.05,15226865.0
2018-01-08 11:05:16.783000,31.05,31.0,31.05,15226865.0
2018-01-08 11:05:19.792000,31.05,31.0,31.05,15226865.0
2018-01-08 11:05:23.260000,31.05,31.0,31.05,15226865.0
2018-01-08 11:05:27.293000,31.05,31.0,31.05,15226865.0
2018-01-08 11:05:30.974000,31.05,31.0,31.05,15226865.0
2018-01-08 11:05:34.787000,31.05,31.0,31.05,15226865.0
2018-01-08 11:05:38.860000,31.05,31.0,31.05,15226865.0
2018-01-08 11:05:42.475000,31.05,31.0,31.05,15226865.0
2018-01-08 11:05:45.657000,31.05,31.0,31.05,15226865.0
2018-01-08 11:05:49.046000,31.05,31.0,31.05,15226865.0
2018-01-08 11:05:52.838000,31.05,31.0,31.05,15226865.0
2018-01-08 11:05:56.949000,31.05,31.0,31.05,15226865.0
2018-01-08 11:06:00.681000,31.05,31.0,31.05,15226865.0
2018-01-08 11:06:05.179000,31.05,31.0,31.05,15231865.0
2018-01-08 11:06:12.803000,31.05,31.0,31.05,15231865.0
2018-01-08 11:06:16.191000,31.05,31.0,31.05,15231865.0
2018-01-08 11:06:19.630000,31.05,31.0,31.05,15231865.0
2018-01-08 11:06:23.717000,31.05,31.0,31.05,15231865.0
2018-01-08 11:06:27.311000,31.05,31.0,31.05,15231865.0
2018-01-08 11:06:30.661000,31.05,31.0,31.05,15231865.0
2018-01-08 11:06:34.457000,31.05,31.0,31.05,15231865.0
2018-01-08 11:06:38.038000,31.05,31.0,31.05,15231865.0
2018-01-08 11:06:41.542000,31.05,31.0,31.05,15231865.0
2018-01-08 11:06:45.377000,31.05,31.0,31.05,15231865.0
2018-01-08 11:06:49.225000,31.05,31.0,31.05,15231865.0
2018-01-08 11:06:53.058000,31.05,31.0,31.05,16034865.0
2018-01-08 11:06:56.121000,31.05,31.0,31.05,16034865.0
2018-01-08 11:06:59.561000,31.05,31.0,31.05,16034865.0
2018-01-08 11:07:03.018000,31.05,31.0,31.05,16034865.0
2018-01-08 11:07:09.099000,31.05,31.0,31.05,16034865.0
2018-01-08 11:07:13.569000,31.05,31.0,31.05,16034865.0
2018-01-08 11:07:17.510000,31.05,31.0,31.05,16034865.0
2018-01-08 11:07:22.118000,31.05,31.0,31.05,16034865.0
2018-01-08 11:07:26.114000,31.05,31.0,31.05,16034865.0
2018-01-08 11:07:30.136000,31.05,31.0,31.05,16034865.0
2018-01-08 11:07:33.675000,31.05,31.0,31.05,16034865.0
2018-01-08 11:07:37.654000,31.05,31.0,31.05,16034865.0
2018-01-08 11:07:41.164000,31.05,31.0,31.05,16034865.0
2018-01-08 11:07:44.760000,31.05,31.0,31.05,16034865.0
2018-01-08 11:07:48.834000,31.05,31.0,31.05,16034865.0
2018-01-08 11:07:52.722000,31.05,31.0,31.05,16034865.0
2018-01-08 11:07:56.271000,31.05,31.0,31.05,16034865.0
2018-01-08 11:08:00.378000,31.05,31.0,31.05,16043365.0
2018-01-08 11:08:03.977000,31.05,31.0,31.05,16043365.0
2018-01-08 11:08:08.485000,31.05,31.0,31.05,16043365.0
2018-01-08 11:08:13.783000,31.05,31.0,31.05,16043365.0
2018-01-08 11:08:17.909000,31.05,31.0,31.05,16043365.0
2018-01-08 11:08:21.898000,31.05,31.0,31.05,16043365.0
2018-01-08 11:08:25.787000,31.05,31.0,31.05,16043365.0
2018-01-08 11:08:29.423000,31.05,31.0,31.05,16043365.0
2018-01-08 11:08:32.776000,31.05,31.0,31.05,16043365.0
2018-01-08 11:08:36.679000,31.05,31.0,31.05,16043365.0
2018-01-08 11:08:40.430000,31.05,31.0,31.05,16043365.0
2018-01-08 11:08:45.616000,31.05,31.0,31.05,16043365.0
2018-01-08 11:08:57.638000,31.0,31.0,31.05,17585365.0
2018-01-08 11:09:01.288000,31.0,31.0,31.05,17585365.0
2018-01-08 11:09:05.206000,31.0,31.0,31.05,17585365.0
2018-01-08 11:09:08.953000,31.0,31.0,31.05,17585365.0
2018-01-08 11:09:12.370000,31.0,31.0,31.05,17585365.0
2018-01-08 11:09:34.931000,31.0,30.95,31.05,18826365.0
2018-01-08 11:09:38.630000,31.0,30.95,31.05,18826365.0
2018-01-08 11:09:42.404000,31.0,30.95,31.05,18826365.0
2018-01-08 11:09:46.242000,31.0,30.95,31.05,18826365.0
2018-01-08 11:09:49.962000,31.0,30.95,31.05,18826365.0
2018-01-08 11:09:53.822000,31.0,30.95,31.05,18826365.0
2018-01-08 11:09:57.194000,31.0,30.95,31.05,18826365.0
2018-01-08 11:10:01.007000,31.0,30.95,31.05,18826365.0
2018-01-08 11:10:04.875000,31.0,30.95,31.05,18826365.0
2018-01-08 11:10:08.691000,31.0,30.95,31.05,18826365.0
2018-01-08 11:10:12.457000,31.0,30.95,31.05,18826365.0
2018-01-08 11:10:15.899000,31.0,30.95,31.05,18826365.0
2018-01-08 11:10:21.290000,31.05,31.0,31.05,18834370.0
2018-01-08 11:10:24.966000,31.05,31.0,31.05,18834370.0
2018-01-08 11:10:30.082000,31.05,31.0,31.05,18834370.0
2018-01-08 11:10:33.781000,31.05,31.0,31.05,18834370.0
2018-01-08 11:10:37.275000,31.05,31.0,31.05,18834370.0
2018-01-08 11:10:40.979000,31.05,31.0,31.05,18834370.0
2018-01-08 11:10:44.727000,31.05,31.0,31.05,18834370.0
2018-01-08 11:10:48.517000,31.05,31.0,31.05,18834370.0
2018-01-08 11:10:52.348000,31.05,31.0,31.05,18834370.0
2018-01-08 11:10:56.041000,31.05,31.0,31.05,18834370.0
2018-01-08 11:10:59.635000,31.05,31.0,31.05,18834370.0
2018-01-08 11:11:13.500000,31.05,31.0,31.05,18836370.0
2018-01-08 11:11:20.676000,31.05,31.0,31.05,18836370.0
2018-01-08 11:11:24.408000,31.05,31.0,31.05,18836370.0
2018-01-08 11:11:28.472000,31.05,31.0,31.05,18836370.0
2018-01-08 11:11:31.965000,31.05,31.0,31.05,18836370.0
2018-01-08 11:11:35.751000,31.05,31.0,31.05,18836370.0
2018-01-08 11:11:39.721000,31.05,31.0,31.05,18836370.0
2018-01-08 11:11:42.800000,31.05,31.0,31.05,18836370.0
2018-01-08 11:11:46.182000,31.05,31.0,31.05,18836370.0
2018-01-08 11:11:49.791000,31.05,31.0,31.05,18836370.0
2018-01-08 11:11:53.179000,31.05,31.0,31.05,18836370.0
2018-01-08 11:11:56.212000,31.05,31.0,31.05,18838400.0
2018-01-08 11:11:59.672000,31.05,31.0,31.05,18838400.0
2018-01-08 11:12:03.122000,31.05,31.0,31.05,18838400.0
2018-01-08 11:12:09.498000,31.05,31.0,31.05,18838400.0
2018-01-08 11:12:15.035000,31.05,31.0,31.05,18838400.0
2018-01-08 11:12:18.524000,31.05,31.0,31.05,18838400.0
2018-01-08 11:12:22.698000,31.0,31.0,31.05,19134914.0
2018-01-08 11:12:26.380000,31.0,31.0,31.05,19134914.0
2018-01-08 11:12:30.107000,31.0,31.0,31.05,19134914.0
2018-01-08 11:12:33.756000,31.0,31.0,31.05,19134914.0
2018-01-08 11:12:37.821000,31.0,31.0,31.05,19134914.0
2018-01-08 11:12:43.811000,31.0,31.0,31.05,19134914.0
2018-01-08 11:12:47.601000,31.0,31.0,31.05,19134914.0
2018-01-08 11:12:50.951000,31.0,31.0,31.05,19254914.0
2018-01-08 11:12:54.396000,31.0,31.0,31.05,19254914.0
2018-01-08 11:12:58.196000,31.0,31.0,31.05,19254914.0
2018-01-08 11:13:02.006000,31.0,31.0,31.05,19254914.0
2018-01-08 11:13:05.619000,31.0,31.0,31.05,19254914.0
2018-01-08 11:13:09.150000,31.0,31.0,31.05,19254914.0
2018-01-08 11:13:12.607000,31.0,31.0,31.05,19254914.0
2018-01-08 11:13:16.927000,31.0,31.0,31.05,19254914.0
2018-01-08 11:13:20.481000,31.0,31.0,31.05,19254914.0
2018-01-08 11:13:23.862000,31.0,31.0,31.05,19254914.0
2018-01-08 11:13:27.594000,31.0,31.0,31.05,19254914.0
2018-01-08 11:13:31.028000,31.0,31.0,31.05,19254914.0
2018-01-08 11:13:34.438000,31.0,31.0,31.05,19254914.0
2018-01-08 11:13:38.356000,31.0,31.0,31.05,19254914.0
2018-01-08 11:13:42.537000,31.0,31.0,31.05,19254914.0
2018-01-08 11:13:46.450000,31.0,31.0,31.05,19254914.0
2018-01-08 11:13:49.864000,31.0,31.0,31.05,19254914.0
2018-01-08 11:13:53.391000,31.05,31.0,31.05,19264914.0
2018-01-08 11:13:57.280000,31.05,31.0,31.05,19264914.0
2018-01-08 11:14:00.965000,31.05,31.0,31.05,19264914.0
2018-01-08 11:14:05.290000,31.05,31.0,31.05,19264914.0
2018-01-08 11:14:10.988000,31.05,31.0,31.05,19264914.0
2018-01-08 11:14:14.567000,31.05,31.0,31.05,19264914.0
2018-01-08 11:14:18.877000,31.05,31.0,31.05,19264914.0
2018-01-08 11:14:22.564000,31.05,31.0,31.05,19264914.0
2018-01-08 11:14:26.124000,31.05,31.0,31.05,19264914.0
2018-01-08 11:14:29.557000,31.05,31.0,31.05,19264914.0
2018-01-08 11:14:33.588000,31.0,31.0,31.05,19279014.0
2018-01-08 11:14:36.985000,31.0,31.0,31.05,19507014.0
2018-01-08 11:14:40.641000,31.0,31.0,31.05,19507014.0
2018-01-08 11:14:44.586000,31.0,31.0,31.05,19507014.0
2018-01-08 11:14:48.439000,31.0,31.0,31.05,19507014.0
2018-01-08 11:14:51.967000,31.0,31.0,31.05,19507014.0
2018-01-08 11:14:55.662000,31.0,31.0,31.05,19507014.0
2018-01-08 11:14:59.489000,31.0,31.0,31.05,19507014.0
2018-01-08 11:15:03.689000,31.0,31.0,31.05,19507014.0
2018-01-08 11:15:07.812000,31.0,31.0,31.05,19507014.0
2018-01-08 11:15:14.197000,31.0,31.0,31.05,19507014.0
2018-01-08 11:15:17.964000,31.0,31.0,31.05,19507014.0
2018-01-08 11:15:21.274000,31.0,31.0,31.05,19507014.0
2018-01-08 11:15:25.153000,31.0,31.0,31.05,19507014.0
2018-01-08 11:15:30.429000,31.0,31.0,31.05,19507014.0
2018-01-08 11:15:33.917000,31.0,30.95,31.0,19560514.0
2018-01-08 11:15:37.870000,31.0,30.95,31.0,19560514.0
2018-01-08 11:15:42.605000,31.0,30.95,31.0,19560514.0
2018-01-08 11:15:46.847000,31.0,30.95,31.0,19560514.0
2018-01-08 11:15:50.243000,31.0,30.95,31.0,19560514.0
2018-01-08 11:15:54.126000,31.0,30.95,31.0,19560514.0
2018-01-08 11:16:00.615000,31.0,30.95,31.0,19560514.0
2018-01-08 11:16:07.536000,31.0,30.95,31.0,19560514.0
2018-01-08 11:16:16.013000,31.0,30.95,31.0,19968014.0
2018-01-08 11:16:19.799000,31.0,30.95,31.0,19968014.0
2018-01-08 11:16:23.166000,31.0,30.95,31.0,19968014.0
2018-01-08 11:16:27.085000,31.0,30.95,31.0,19968014.0
2018-01-08 11:16:31.091000,31.0,30.95,31.0,19968014.0
2018-01-08 11:16:34.863000,31.0,30.95,31.0,19968014.0
2018-01-08 11:16:38.307000,31.0,30.95,31.0,20315014.0
2018-01-08 11:16:42.001000,31.0,30.95,31.0,20315014.0
2018-01-08 11:16:45.708000,31.0,30.95,31.0,20315014.0
2018-01-08 11:16:49.448000,31.0,30.95,31.0,20315014.0
2018-01-08 11:16:53.290000,31.0,30.95,31.0,20315014.0
2018-01-08 11:16:56.689000,31.0,30.95,31.0,20315014.0
2018-01-08 11:17:00.860000,31.0,30.95,31.0,20315014.0
2018-01-08 11:17:04.601000,31.0,30.95,31.0,20315014.0
2018-01-08 11:17:12.021000,31.0,30.95,31.0,20315014.0
2018-01-08 11:17:15.833000,31.0,30.95,31.0,20788014.0
2018-01-08 11:17:20.084000,31.0,30.95,31.0,20788014.0
2018-01-08 11:17:23.989000,31.0,30.95,31.0,20788014.0
2018-01-08 11:17:27.778000,31.0,30.95,31.0,20788014.0
2018-01-08 11:17:31.740000,31.0,30.95,31.0,20788014.0
2018-01-08 11:17:35.499000,31.0,30.95,31.0,20788014.0
2018-01-08 11:17:38.916000,31.0,30.95,31.0,20788014.0
2018-01-08 11:17:42.419000,31.0,30.95,31.0,20788014.0
2018-01-08 11:17:46.552000,31.0,30.95,31.0,20788014.0
2018-01-08 11:17:49.440000,31.05,31.0,31.05,21180514.0
2018-01-08 11:17:53.400000,31.05,31.0,31.05,21180514.0
2018-01-08 11:17:57.663000,31.05,31.0,31.05,21180514.0
2018-01-08 11:18:01.245000,31.05,31.0,31.05,21180514.0
2018-01-08 11:18:04.554000,31.05,31.0,31.05,21180514.0
2018-01-08 11:18:08.503000,31.05,31.0,31.05,21180514.0
2018-01-08 11:18:11.988000,31.05,31.0,31.05,21689514.0
2018-01-08 11:18:16.230000,31.05,31.0,31.05,21689514.0
2018-01-08 11:18:19.585000,31.05,31.0,31.05,21689514.0
2018-01-08 11:18:24.094000,31.05,31.0,31.05,21689514.0
2018-01-08 11:18:27.691000,31.05,31.0,31.05,21689514.0
2018-01-08 11:18:31,31.05,31.0,31.05,21689514.0
2018-01-08 11:18:34.712000,31.05,31.0,31.05,21689514.0
2018-01-08 11:18:38.507000,31.05,31.0,31.05,21689514.0
2018-01-08 11:18:42.260000,31.05,31.0,31.05,21689514.0
2018-01-08 11:18:46.583000,31.05,31.0,31.05,21689514.0
2018-01-08 11:18:49.935000,31.05,31.0,31.05,21689514.0
2018-01-08 11:18:53.578000,31.05,31.0,31.05,21689514.0
2018-01-08 11:18:57.655000,31.05,31.0,31.05,21689514.0
2018-01-08 11:19:01.468000,31.05,31.0,31.05,21689514.0
2018-01-08 11:19:05.140000,31.05,31.0,31.05,21689514.0
2018-01-08 11:19:10.673000,31.0,31.0,31.05,22013134.0
2018-01-08 11:19:13.962000,31.0,31.0,31.05,22013134.0
2018-01-08 11:19:17.506000,31.0,31.0,31.05,22013134.0
2018-01-08 11:19:21.233000,31.0,31.0,31.05,22013134.0
2018-01-08 11:19:25.240000,31.0,31.0,31.05,22013134.0
2018-01-08 11:19:29.341000,31.0,31.0,31.05,22013134.0
2018-01-08 11:19:33.343000,31.0,31.0,31.05,22013134.0
2018-01-08 11:19:37.226000,31.0,31.0,31.05,22013134.0
2018-01-08 11:19:40.901000,31.0,31.0,31.05,22013134.0
2018-01-08 11:19:44.854000,31.0,31.0,31.05,23195134.0
2018-01-08 11:19:48.189000,31.0,31.0,31.05,23195134.0
2018-01-08 11:19:51.602000,31.0,31.0,31.05,23195134.0
2018-01-08 11:19:55.271000,31.0,31.0,31.05,23195134.0
2018-01-08 11:19:59,31.0,31.0,31.05,23195134.0
2018-01-08 11:20:02.713000,31.0,31.0,31.05,23195134.0
2018-01-08 11:20:06.398000,31.0,31.0,31.05,23195134.0
2018-01-08 11:20:11.351000,31.0,31.0,31.05,23195134.0
2018-01-08 11:20:17.529000,31.0,31.0,31.05,23195134.0
2018-01-08 11:20:22.383000,31.0,31.0,31.05,23195134.0
2018-01-08 11:20:25.900000,31.0,31.0,31.05,23195134.0
2018-01-08 11:20:29.799000,31.0,31.0,31.05,23195134.0
2018-01-08 11:20:33.607000,31.0,31.0,31.05,23195134.0
2018-01-08 11:20:37.025000,31.0,31.0,31.05,23195134.0
2018-01-08 11:20:40.575000,31.0,31.0,31.05,23195134.0
2018-01-08 11:20:44.113000,31.0,31.0,31.05,23195134.0
2018-01-08 11:20:48.039000,31.0,31.0,31.05,23195134.0
2018-01-08 11:20:51.664000,31.0,31.0,31.05,23195134.0
2018-01-08 11:20:55.452000,31.05,31.0,31.05,23431134.0
2018-01-08 11:20:59.340000,31.05,31.0,31.05,23431134.0
2018-01-08 11:21:05.335000,31.05,31.0,31.05,23431134.0
2018-01-08 11:21:09.525000,31.05,31.0,31.05,23431134.0
2018-01-08 11:21:13.208000,31.05,31.0,31.05,23431134.0
2018-01-08 11:21:17.105000,31.05,31.0,31.05,23431134.0
2018-01-08 11:21:21.209000,31.05,31.0,31.05,23431134.0
2018-01-08 11:21:25.004000,31.05,31.0,31.05,23431134.0
2018-01-08 11:21:28.680000,31.05,31.0,31.05,23431134.0
2018-01-08 11:21:32.915000,31.05,31.0,31.05,23431134.0
2018-01-08 11:21:36.885000,31.05,31.0,31.05,23431134.0
2018-01-08 11:21:40.725000,31.05,31.0,31.05,23431134.0
2018-01-08 11:21:44.740000,31.05,31.0,31.05,23433134.0
2018-01-08 11:21:48.663000,31.05,31.0,31.05,23433134.0
2018-01-08 11:21:52.027000,31.05,31.0,31.05,23433134.0
2018-01-08 11:21:55.726000,31.05,31.0,31.05,23433134.0
2018-01-08 11:21:59.661000,31.05,31.0,31.05,23433134.0
2018-01-08 11:22:04.092000,31.05,31.0,31.05,23433134.0
2018-01-08 11:22:07.980000,31.05,31.0,31.05,23433134.0
2018-01-08 11:22:11.933000,31.05,31.0,31.05,23433134.0
2018-01-08 11:22:18.325000,31.0,31.0,31.05,24289634.0
2018-01-08 11:22:22.653000,31.0,31.0,31.05,24289634.0
2018-01-08 11:22:26.067000,31.0,31.0,31.05,24289634.0
2018-01-08 11:22:29.477000,31.0,31.0,31.05,24289634.0
2018-01-08 11:22:33.426000,31.0,31.0,31.05,24289634.0
2018-01-08 11:22:37.629000,31.0,31.0,31.05,24289634.0
2018-01-08 11:22:41.351000,31.0,31.0,31.05,24289634.0
2018-01-08 11:22:45.768000,31.0,31.0,31.05,24289634.0
2018-01-08 11:22:49.288000,31.0,31.0,31.05,24289634.0
2018-01-08 11:22:53.185000,31.0,31.0,31.05,24289634.0
2018-01-08 11:22:57.169000,31.0,31.0,31.05,24289634.0
2018-01-08 11:23:00.695000,31.0,31.0,31.05,24289634.0
2018-01-08 11:23:04.618000,31.0,31.0,31.05,24289634.0
2018-01-08 11:23:08.569000,31.0,31.0,31.05,24289634.0
2018-01-08 11:23:14.968000,31.0,30.95,31.0,24491634.0
2018-01-08 11:23:18.487000,31.0,30.95,31.0,24491634.0
2018-01-08 11:23:21.983000,31.0,30.95,31.0,24491634.0
2018-01-08 11:23:25.729000,31.0,30.95,31.0,24491634.0
2018-01-08 11:23:29.407000,31.0,30.95,31.0,24491634.0
2018-01-08 11:23:32.724000,31.0,30.95,31.0,24491634.0
2018-01-08 11:23:36.020000,31.0,30.95,31.0,24491634.0
2018-01-08 11:23:39.588000,31.0,30.95,31.0,24491634.0
2018-01-08 11:23:43.357000,31.0,30.95,31.0,24491634.0
2018-01-08 11:23:46.919000,31.0,30.95,31.0,24491634.0
2018-01-08 11:23:50.789000,31.0,30.95,31.0,24491634.0
2018-01-08 11:23:54.545000,31.0,30.95,31.0,24491634.0
2018-01-08 11:23:58.201000,31.0,30.95,31.0,24491634.0
2018-01-08 11:24:01.951000,31.0,30.95,31.0,24491634.0
2018-01-08 11:24:05.632000,31.0,30.95,31.0,24722634.0
2018-01-08 11:24:08.544000,31.0,30.95,31.0,24722634.0
2018-01-08 11:24:12.429000,31.0,30.95,31.0,24722634.0
2018-01-08 11:24:16.714000,31.0,30.95,31.0,24722634.0
2018-01-08 11:24:20.052000,31.0,30.95,31.0,24722634.0
2018-01-08 11:24:24.142000,31.0,30.95,31.0,24722634.0
2018-01-08 11:24:27.945000,31.0,30.95,31.0,24722634.0
2018-01-08 11:24:31.235000,31.0,30.95,31.0,24722634.0
2018-01-08 11:24:34.684000,31.0,30.95,31.0,24722634.0
2018-01-08 11:24:38.341000,31.0,30.95,31.0,24722634.0
2018-01-08 11:24:41.701000,31.0,30.95,31.0,24722634.0
2018-01-08 11:24:44.970000,31.0,30.95,31.0,24722634.0
2018-01-08 11:24:48.966000,31.0,30.95,31.0,24722634.0
2018-01-08 11:24:52.705000,31.0,30.95,31.0,24722634.0
2018-01-08 11:24:56.733000,31.0,31.0,31.05,24824134.0
2018-01-08 11:25:00.751000,31.0,31.0,31.05,24824134.0
2018-01-08 11:25:04.479000,31.0,31.0,31.05,24824134.0
2018-01-08 11:25:08.128000,31.0,31.0,31.05,24824134.0
2018-01-08 11:25:12.093000,31.0,31.0,31.05,24824134.0
2018-01-08 11:25:15.765000,31.0,31.0,31.05,24824134.0
2018-01-08 11:25:21.854000,31.0,30.95,31.0,25055134.0
2018-01-08 11:25:25.621000,31.0,30.95,31.0,25055134.0
2018-01-08 11:25:29.512000,31.0,30.95,31.0,25055134.0
2018-01-08 11:25:33.397000,31.0,30.95,31.0,25055134.0
2018-01-08 11:25:36.377000,31.0,30.95,31.0,25055134.0
2018-01-08 11:25:39.958000,31.0,30.95,31.0,25055134.0
2018-01-08 11:25:43.819000,31.0,30.95,31.0,25055134.0
2018-01-08 11:25:47.283000,31.0,30.95,31.0,25055134.0
2018-01-08 11:25:50.462000,31.0,30.95,31.0,25055134.0
2018-01-08 11:25:54.204000,31.0,30.95,31.0,25055134.0
2018-01-08 11:25:58.201000,31.0,30.95,31.0,25055134.0
2018-01-08 11:26:01.410000,31.0,30.95,31.0,25264134.0
2018-01-08 11:26:05.077000,31.0,30.95,31.0,25264134.0
2018-01-08 11:26:09.301000,31.0,30.95,31.0,25264134.0
2018-01-08 11:26:13.499000,31.0,30.95,31.0,25264134.0
2018-01-08 11:26:18.276000,31.0,30.95,31.0,25264134.0
2018-01-08 11:26:22.055000,31.0,30.95,31.0,25264134.0
2018-01-08 11:26:25.634000,31.0,30.95,31.0,25264134.0
2018-01-08 11:26:29.550000,31.0,30.95,31.0,25264134.0
2018-01-08 11:26:33.806000,31.0,30.95,31.0,25264134.0
2018-01-08 11:26:37.876000,31.0,30.95,31.0,25264134.0
2018-01-08 11:26:41.479000,31.0,30.95,31.0,25264134.0
2018-01-08 11:26:45.355000,31.0,30.95,31.0,25264134.0
2018-01-08 11:26:48.864000,31.0,30.95,31.0,25264134.0
2018-01-08 11:26:52.873000,31.0,30.95,31.0,25264134.0
2018-01-08 11:26:57.045000,31.0,30.95,31.0,25264134.0
2018-01-08 11:27:00.917000,31.0,30.95,31.0,25264134.0
2018-01-08 11:27:04.848000,31.0,30.95,31.0,25264134.0
2018-01-08 11:27:08.356000,31.0,30.95,31.0,25264134.0
2018-01-08 11:27:12.845000,31.0,30.95,31.0,25267134.0
2018-01-08 11:27:15.827000,31.0,30.95,31.0,25267134.0
2018-01-08 11:27:19.707000,31.0,30.95,31.0,25267134.0
2018-01-08 11:27:23.567000,31.0,30.95,31.0,25267134.0
2018-01-08 11:27:27.079000,31.0,30.95,31.0,25267134.0
2018-01-08 11:27:30.348000,31.0,30.95,31.0,25267134.0
2018-01-08 11:27:34.012000,31.0,30.95,31.0,25267134.0
2018-01-08 11:27:38.033000,31.0,30.95,31.0,25267134.0
2018-01-08 11:27:41.374000,31.0,30.95,31.0,25267134.0
2018-01-08 11:27:45.055000,31.0,30.95,31.0,25267134.0
2018-01-08 11:27:48.644000,31.0,30.95,31.0,25267134.0
2018-01-08 11:27:52.188000,31.0,30.95,31.0,25267134.0
2018-01-08 11:27:55.667000,31.0,30.95,31.0,25267134.0
2018-01-08 11:27:59.636000,31.0,30.95,31.0,25267134.0
2018-01-08 11:28:03.480000,31.0,30.95,31.0,25267134.0
2018-01-08 11:28:06.831000,31.0,30.95,31.0,25267134.0
2018-01-08 11:28:13.704000,31.0,30.95,31.0,25275634.0
2018-01-08 11:28:19.900000,31.0,30.95,31.0,25275634.0
2018-01-08 11:28:23.952000,31.0,30.95,31.0,25275634.0
2018-01-08 11:28:27.746000,31.0,30.95,31.0,25275634.0
2018-01-08 11:28:31.512000,31.0,30.95,31.0,25275634.0
2018-01-08 11:28:35.532000,31.0,30.95,31.0,25275634.0
2018-01-08 11:28:38.840000,31.0,30.95,31.0,25275634.0
2018-01-08 11:28:42.302000,31.0,30.95,31.0,25275634.0
2018-01-08 11:28:46.154000,31.0,30.95,31.0,25275634.0
2018-01-08 11:28:49.727000,31.0,30.95,31.0,25275634.0
2018-01-08 11:28:53.319000,31.0,30.95,31.0,25275634.0
2018-01-08 11:28:57.164000,31.0,30.95,31.0,25275634.0
2018-01-08 11:29:00.763000,31.0,30.95,31.0,25275634.0
2018-01-08 11:29:04.646000,31.0,30.95,31.0,25275634.0
2018-01-08 11:29:12.017000,31.0,30.95,31.0,25275634.0
2018-01-08 11:29:16.001000,31.0,30.95,31.0,25379634.0
2018-01-08 11:29:20.093000,31.0,30.95,31.0,25379634.0
2018-01-08 11:29:24.166000,31.0,30.95,31.0,25379634.0
2018-01-08 11:29:27.998000,31.0,30.95,31.0,25379634.0
2018-01-08 11:29:31.460000,31.0,30.95,31.0,25379634.0
2018-01-08 11:29:35.107000,31.0,30.95,31.0,25379634.0
2018-01-08 11:29:38.942000,31.0,30.95,31.0,25379634.0
2018-01-08 11:29:42.245000,31.0,30.95,31.0,25379634.0
2018-01-08 11:29:46.031000,31.0,30.95,31.0,25379634.0
2018-01-08 11:29:49.863000,31.0,30.95,31.0,25379634.0
2018-01-08 11:29:53.948000,31.0,30.95,31.0,25379634.0
2018-01-08 11:29:58.055000,31.0,30.95,31.0,25379634.0
2018-01-08 11:30:02.230000,31.0,30.95,31.0,25379634.0
2018-01-08 11:30:07.557000,31.0,30.95,31.0,25379634.0
2018-01-08 11:30:13.072000,31.0,30.95,31.0,25379634.0
2018-01-08 11:30:16.812000,31.0,30.95,31.0,25379634.0
2018-01-08 11:30:20.559000,31.0,30.95,31.0,25387134.0
2018-01-08 11:30:24.281000,31.0,30.95,31.0,25387134.0
2018-01-08 11:30:28.070000,31.0,30.95,31.0,25387134.0
2018-01-08 11:30:31.453000,31.0,30.95,31.0,25387134.0
2018-01-08 11:30:35.086000,31.0,30.95,31.0,25387134.0
2018-01-08 11:30:38.819000,31.0,30.95,31.0,25387134.0
2018-01-08 11:30:42.822000,31.0,30.95,31.0,25387134.0
2018-01-08 11:30:46.639000,31.0,30.95,31.0,25387134.0
2018-01-08 11:30:50.609000,31.0,30.95,31.05,25546754.0
2018-01-08 11:30:54.574000,31.0,30.95,31.05,25546754.0
2018-01-08 11:30:57.818000,31.0,30.95,31.05,25546754.0
2018-01-08 11:31:01.570000,31.0,30.95,31.05,25546754.0
2018-01-08 11:31:05.110000,31.0,30.95,31.05,25546754.0
2018-01-08 11:31:09.043000,31.0,30.95,31.05,25546754.0
2018-01-08 11:31:12.210000,31.0,30.95,31.05,25546754.0
2018-01-08 11:31:17.664000,31.0,30.95,31.05,25546754.0
2018-01-08 11:31:21.293000,31.0,30.95,31.05,25546754.0
2018-01-08 11:31:24.654000,31.0,30.95,31.05,25546754.0
2018-01-08 11:31:28.478000,31.0,30.95,31.05,25546754.0
2018-01-08 11:31:32.341000,31.05,31.0,31.05,26147754.0
2018-01-08 11:31:36.090000,31.05,31.0,31.05,26147754.0
2018-01-08 11:31:39.549000,31.05,31.0,31.05,26147754.0
2018-01-08 11:31:42.961000,31.05,31.0,31.05,26147754.0
2018-01-08 11:31:47.073000,31.05,31.0,31.05,26147754.0
2018-01-08 11:31:50.371000,31.05,31.0,31.05,26147754.0
2018-01-08 11:31:54.549000,31.05,31.0,31.05,26900254.0
2018-01-08 11:31:58.115000,31.05,31.0,31.05,26900254.0
2018-01-08 11:32:01.595000,31.05,31.0,31.05,26900254.0
2018-01-08 11:32:04.914000,31.05,31.0,31.05,26900254.0
2018-01-08 11:32:08.259000,31.05,31.0,31.05,26900254.0
2018-01-08 11:32:14.367000,31.05,31.0,31.05,26900254.0
2018-01-08 11:32:18.508000,31.05,31.0,31.05,26900254.0
2018-01-08 11:32:21.910000,31.05,31.0,31.05,26900254.0
2018-01-08 11:32:25.560000,31.05,31.0,31.05,26900254.0
2018-01-08 11:32:28.482000,31.05,31.0,31.05,26900254.0
2018-01-08 11:32:32.503000,31.05,31.0,31.05,26900254.0
2018-01-08 11:32:35.914000,31.05,31.0,31.05,26900254.0
2018-01-08 11:32:39.899000,31.05,31.0,31.05,26900254.0
2018-01-08 11:32:43.433000,31.05,31.0,31.05,26902254.0
2018-01-08 11:32:46.490000,31.05,31.0,31.05,26902254.0
2018-01-08 11:32:50.019000,31.05,31.0,31.05,26902254.0
2018-01-08 11:32:54.028000,31.05,31.0,31.05,26902254.0
2018-01-08 11:32:58.477000,31.05,31.0,31.05,26902254.0
2018-01-08 11:33:02.200000,31.05,31.0,31.05,26902254.0
2018-01-08 11:33:05.947000,31.05,31.0,31.05,26902254.0
2018-01-08 11:33:09.122000,31.05,31.0,31.05,26902254.0
2018-01-08 11:33:12.743000,31.05,31.0,31.05,26902254.0
2018-01-08 11:33:16.716000,31.05,31.0,31.05,26902254.0
2018-01-08 11:33:20.613000,31.05,31.0,31.05,26902254.0
2018-01-08 11:33:24.483000,31.05,31.0,31.05,26902254.0
2018-01-08 11:33:28.686000,31.05,31.0,31.05,26903694.0
2018-01-08 11:33:32.478000,31.05,31.0,31.05,26903694.0
2018-01-08 11:33:35.826000,31.05,31.0,31.05,26903694.0
2018-01-08 11:33:39.099000,31.05,31.0,31.05,26903694.0
2018-01-08 11:33:42.514000,31.05,31.0,31.05,26903694.0
2018-01-08 11:33:46.473000,31.05,31.0,31.05,26903694.0
2018-01-08 11:33:50.595000,31.05,31.0,31.05,26903694.0
2018-01-08 11:33:54.301000,31.05,31.0,31.05,26903694.0
2018-01-08 11:33:58.371000,31.05,31.0,31.05,26903694.0
2018-01-08 11:34:01.921000,31.05,31.0,31.05,26903694.0
2018-01-08 11:34:05.593000,31.05,31.0,31.05,26903694.0
2018-01-08 11:34:12.059000,31.05,31.0,31.05,26903694.0
2018-01-08 11:34:18.277000,31.05,31.0,31.05,26941194.0
2018-01-08 11:34:21.924000,31.05,31.0,31.05,26941194.0
2018-01-08 11:34:25.766000,31.05,31.0,31.05,26941194.0
2018-01-08 11:34:29.703000,31.05,31.0,31.05,26941194.0
2018-01-08 11:34:33.637000,31.05,31.0,31.05,26941194.0
2018-01-08 11:34:37.636000,31.05,31.0,31.05,26941194.0
2018-01-08 11:34:41.424000,31.05,31.0,31.05,26941194.0
2018-01-08 11:34:45.235000,31.05,31.0,31.05,26941194.0
2018-01-08 11:34:48.448000,31.05,31.0,31.05,26941194.0
2018-01-08 11:34:52.045000,31.05,31.0,31.05,26941194.0
2018-01-08 11:34:55.538000,31.05,31.0,31.05,26941194.0
2018-01-08 11:34:59.320000,31.05,31.0,31.05,26941194.0
2018-01-08 11:35:03.250000,31.05,31.0,31.05,26941194.0
2018-01-08 11:35:10.823000,31.05,31.0,31.05,26941194.0
2018-01-08 11:35:14.138000,31.05,31.0,31.05,26941194.0
2018-01-08 11:35:18.172000,31.05,31.0,31.05,26941194.0
2018-01-08 11:35:22.007000,31.05,31.0,31.05,26941194.0
2018-01-08 11:35:25.361000,31.05,31.0,31.05,26949194.0
2018-01-08 11:35:29.195000,31.05,31.0,31.05,26949194.0
2018-01-08 11:35:32.764000,31.05,31.0,31.05,26949194.0
2018-01-08 11:35:36.308000,31.05,31.0,31.05,26949194.0
2018-01-08 11:35:40.391000,31.05,31.0,31.05,26949194.0
2018-01-08 11:35:44.139000,31.05,31.0,31.05,26949194.0
2018-01-08 11:35:48.062000,31.05,31.0,31.05,27760194.0
2018-01-08 11:35:51.806000,31.05,31.0,31.05,27760194.0
2018-01-08 11:35:55.195000,31.05,31.0,31.05,27760194.0
2018-01-08 11:35:58.992000,31.05,31.0,31.05,27760194.0
2018-01-08 11:36:02.702000,31.05,31.0,31.05,27760194.0
2018-01-08 11:36:05.420000,31.05,31.0,31.05,27760194.0
2018-01-08 11:36:11.295000,31.05,31.0,31.05,27760194.0
2018-01-08 11:36:16.793000,31.05,31.0,31.05,27760194.0
2018-01-08 11:36:21.731000,31.05,31.0,31.05,27760194.0
2018-01-08 11:36:25.330000,31.05,31.0,31.05,27760194.0
2018-01-08 11:36:29.064000,31.05,31.0,31.05,27760194.0
2018-01-08 11:36:32.793000,31.05,31.0,31.05,27760194.0
2018-01-08 11:36:36.882000,30.95,30.95,31.0,28259194.0
2018-01-08 11:36:40.526000,30.95,30.95,31.0,28259194.0
2018-01-08 11:36:43.790000,30.95,30.95,31.0,28259194.0
2018-01-08 11:36:47.368000,30.95,30.95,31.0,28259194.0
2018-01-08 11:36:51.176000,30.95,30.95,31.0,28259194.0
2018-01-08 11:36:54.515000,30.95,30.95,31.0,28259194.0
2018-01-08 11:36:58.530000,30.95,30.95,31.0,28259194.0
2018-01-08 11:37:02.265000,30.95,30.95,31.0,28259194.0
2018-01-08 11:37:05.814000,30.95,30.95,31.0,28259194.0
2018-01-08 11:37:08.780000,30.95,30.95,31.0,28259194.0
2018-01-08 11:37:12.549000,30.95,30.95,31.0,28259194.0
2018-01-08 11:37:16.369000,30.95,30.95,31.0,28259194.0
2018-01-08 11:37:20.613000,30.95,30.95,31.0,28259194.0
2018-01-08 11:37:24.010000,30.95,30.95,31.0,28259194.0
2018-01-08 11:37:27.264000,30.95,30.95,31.0,28259194.0
2018-01-08 11:37:30.840000,30.95,30.95,31.0,28259194.0
2018-01-08 11:37:34.872000,30.95,30.95,31.0,28285694.0
2018-01-08 11:37:38.203000,30.95,30.95,31.0,28285694.0
2018-01-08 11:37:41.669000,30.95,30.95,31.0,28285694.0
2018-01-08 11:37:45.389000,30.95,30.95,31.0,28285694.0
2018-01-08 11:37:49.010000,30.95,30.95,31.0,28285694.0
2018-01-08 11:37:52.439000,30.95,30.95,31.0,28285694.0
2018-01-08 11:37:56.441000,30.95,30.95,31.0,28285694.0
2018-01-08 11:37:59.926000,30.95,30.95,31.0,28285694.0
2018-01-08 11:38:06.741000,30.95,30.95,31.0,28285694.0
2018-01-08 11:38:10.474000,30.95,30.95,31.0,28285694.0
2018-01-08 11:38:14.108000,30.95,30.95,31.0,28285694.0
2018-01-08 11:38:18.021000,30.95,30.95,31.0,28285694.0
2018-01-08 11:38:21.796000,30.95,30.95,31.0,28285694.0
2018-01-08 11:38:25.685000,30.95,30.95,31.0,28285694.0
2018-01-08 11:38:29.581000,30.95,30.95,31.0,28285694.0
2018-01-08 11:38:33.751000,31.05,31.0,31.05,28505194.0
2018-01-08 11:38:37.307000,31.05,31.0,31.05,28505194.0
2018-01-08 11:38:40.739000,31.05,31.0,31.05,28505194.0
2018-01-08 11:38:44.758000,31.05,31.0,31.05,28505194.0
2018-01-08 11:38:48.144000,31.05,31.0,31.05,28505194.0
2018-01-08 11:38:51.241000,31.05,31.0,31.05,28505194.0
2018-01-08 11:38:54.904000,31.05,31.0,31.05,28505194.0
2018-01-08 11:38:58.254000,31.05,31.0,31.05,28505194.0
2018-01-08 11:39:02.061000,31.05,31.0,31.05,28505194.0
2018-01-08 11:39:06.234000,31.05,31.0,31.05,28505194.0
2018-01-08 11:39:13.137000,31.05,31.0,31.05,28505194.0
2018-01-08 11:39:16.913000,31.05,31.0,31.05,28505194.0
2018-01-08 11:39:20.742000,31.05,31.0,31.05,28505194.0
2018-01-08 11:39:24.128000,31.05,31.0,31.05,28505194.0
2018-01-08 11:39:28.210000,31.05,31.0,31.05,28505194.0
2018-01-08 11:39:31.627000,31.05,31.0,31.05,28505194.0
2018-01-08 11:39:35.290000,31.05,31.0,31.05,28505194.0
2018-01-08 11:39:39.099000,31.05,31.0,31.05,28505194.0
2018-01-08 11:39:42.778000,31.05,31.0,31.05,28505194.0
2018-01-08 11:39:46.486000,31.05,31.0,31.05,28509194.0
2018-01-08 11:39:49.999000,31.05,31.0,31.05,28509194.0
2018-01-08 11:39:53.506000,31.05,31.0,31.05,28509194.0
2018-01-08 11:39:58.031000,31.05,31.0,31.05,28509194.0
2018-01-08 11:40:01.534000,31.05,31.0,31.05,28509194.0
2018-01-08 11:40:05.099000,31.05,31.0,31.05,28509194.0
2018-01-08 11:40:08.064000,31.05,31.0,31.05,28509194.0
2018-01-08 11:40:11.640000,31.05,31.0,31.05,28509194.0
2018-01-08 11:40:15.174000,31.05,31.0,31.05,28509194.0
2018-01-08 11:40:19.899000,31.05,31.0,31.05,28509194.0
2018-01-08 11:40:23.491000,31.0,31.0,31.05,28888194.0
2018-01-08 11:40:27.249000,31.0,31.0,31.05,28888194.0
2018-01-08 11:40:30.723000,31.0,31.0,31.05,28888194.0
2018-01-08 11:40:34.444000,31.0,31.0,31.05,28888194.0
2018-01-08 11:40:38.352000,31.0,31.0,31.05,28888194.0
2018-01-08 11:40:41.951000,31.0,31.0,31.05,28888194.0
2018-01-08 11:40:45.609000,31.0,31.0,31.05,28888194.0
2018-01-08 11:40:49.509000,31.0,31.0,31.05,28888194.0
2018-01-08 11:40:53.736000,31.0,31.0,31.05,28888194.0
2018-01-08 11:40:57.410000,31.0,30.95,31.0,29143694.0
2018-01-08 11:41:01.521000,31.0,30.95,31.0,29143694.0
2018-01-08 11:41:07.067000,31.0,30.95,31.0,29143694.0
2018-01-08 11:41:10.900000,31.0,30.95,31.0,29143694.0
2018-01-08 11:41:14.289000,31.0,30.95,31.0,29143694.0
2018-01-08 11:41:18.351000,31.0,30.95,31.0,29143694.0
2018-01-08 11:41:22.271000,31.0,30.95,31.0,29143694.0
2018-01-08 11:41:25.902000,31.0,30.95,31.0,29143694.0
2018-01-08 11:41:29.117000,31.0,30.95,31.0,29143694.0
2018-01-08 11:41:32.946000,31.0,30.95,31.0,29143694.0
2018-01-08 11:41:36.693000,31.0,30.95,31.0,29143694.0
2018-01-08 11:41:40.323000,31.0,30.95,31.0,29143694.0
2018-01-08 11:41:44.510000,31.0,30.95,31.0,29143694.0
2018-01-08 11:41:48.140000,31.0,30.95,31.0,29143694.0
2018-01-08 11:41:51.927000,31.0,30.95,31.0,29693694.0
2018-01-08 11:41:55.661000,31.0,30.95,31.0,29693694.0
2018-01-08 11:41:58.852000,31.0,30.95,31.0,29693694.0
2018-01-08 11:42:02.885000,31.0,30.95,31.0,29693694.0
2018-01-08 11:42:06.763000,31.0,30.95,31.0,29693694.0
2018-01-08 11:42:14.564000,31.0,30.95,31.0,29693694.0
2018-01-08 11:42:18.032000,31.0,30.95,31.0,29693694.0
2018-01-08 11:42:22.012000,31.0,30.95,31.0,29693694.0
2018-01-08 11:42:26.112000,31.0,30.95,31.0,29693694.0
2018-01-08 11:42:29.559000,31.0,30.95,31.0,29693694.0
2018-01-08 11:42:32.943000,31.0,30.95,31.0,29693694.0
2018-01-08 11:42:36.294000,31.0,30.95,31.0,29693694.0
2018-01-08 11:42:40.477000,31.0,30.95,31.0,29693694.0
2018-01-08 11:42:43.852000,31.0,30.95,31.0,29693694.0
2018-01-08 11:42:48.226000,31.0,30.95,31.0,29693694.0
2018-01-08 11:42:51.683000,31.0,30.95,31.0,29693694.0
2018-01-08 11:42:55.578000,31.0,30.95,31.0,29693694.0
2018-01-08 11:42:59.435000,31.0,30.95,31.0,29693694.0
2018-01-08 11:43:03.359000,31.0,30.95,31.0,29693694.0
2018-01-08 11:43:09.552000,31.0,30.95,31.0,29693694.0
2018-01-08 11:43:14.885000,31.0,30.95,31.0,29693694.0
2018-01-08 11:43:20.661000,31.05,31.0,31.05,29798194.0
2018-01-08 11:43:24.167000,31.05,31.0,31.05,29798194.0
2018-01-08 11:43:28.192000,31.05,31.0,31.05,29798194.0
2018-01-08 11:43:31.778000,31.05,31.0,31.05,29798194.0
2018-01-08 11:43:35.648000,31.05,31.0,31.05,29798194.0
2018-01-08 11:43:39.624000,31.05,31.0,31.05,29798194.0
2018-01-08 11:43:42.815000,31.05,31.0,31.05,29798194.0
2018-01-08 11:43:46.308000,31.05,31.0,31.05,29798194.0
2018-01-08 11:43:49.403000,31.05,31.0,31.05,29798194.0
2018-01-08 11:43:52.903000,31.05,31.0,31.05,29798194.0
2018-01-08 11:43:57.116000,31.05,31.0,31.05,29798194.0
2018-01-08 11:44:00.843000,31.05,31.0,31.05,29798194.0
2018-01-08 11:44:04.615000,31.05,31.0,31.05,29798194.0
2018-01-08 11:44:08.840000,31.05,31.0,31.05,29798194.0
2018-01-08 11:44:13.069000,31.05,31.0,31.05,29798194.0
