time,price,bid,ask,volume
2018-01-08 13:31:10.898000,5.34,5.33,5.34,2084300.0
2018-01-08 13:31:16.421000,5.34,5.33,5.34,2084300.0
2018-01-08 13:31:19.802000,5.34,5.33,5.34,2084300.0
2018-01-08 13:31:23.644000,5.34,5.33,5.34,2084300.0
2018-01-08 13:31:27.288000,5.34,5.33,5.34,2084300.0
2018-01-08 13:31:31.401000,5.34,5.33,5.34,2084300.0
2018-01-08 13:31:35.702000,5.34,5.33,5.34,2084300.0
2018-01-08 13:31:39.443000,5.34,5.33,5.34,2084300.0
2018-01-08 13:31:43.065000,5.34,5.33,5.34,2084300.0
2018-01-08 13:31:46.916000,5.34,5.33,5.34,2084300.0
2018-01-08 13:31:50.369000,5.34,5.33,5.34,2084300.0
2018-01-08 13:31:54.568000,5.34,5.33,5.34,2084300.0
2018-01-08 13:31:58.534000,5.34,5.33,5.34,2084300.0
2018-01-08 13:32:02.876000,5.34,5.33,5.34,2084300.0
2018-01-08 13:32:08.962000,5.34,5.33,5.34,2084300.0
2018-01-08 13:32:15.882000,5.34,5.33,5.34,2084300.0
2018-01-08 13:32:19.868000,5.34,5.33,5.34,2084300.0
2018-01-08 13:32:23.897000,5.34,5.33,5.34,2084300.0
2018-01-08 13:32:28.196000,5.34,5.33,5.34,2084300.0
2018-01-08 13:32:32.122000,5.34,5.33,5.34,2084300.0
2018-01-08 13:32:35.687000,5.34,5.33,5.34,2084300.0
2018-01-08 13:32:39.833000,5.34,5.33,5.34,2084300.0
2018-01-08 13:32:44.161000,5.34,5.33,5.34,2084300.0
2018-01-08 13:32:47.964000,5.34,5.33,5.34,2084300.0
2018-01-08 13:32:51.587000,5.34,5.33,5.34,2084300.0
2018-01-08 13:32:55.130000,5.34,5.33,5.34,2084300.0
2018-01-08 13:32:58.786000,5.34,5.33,5.34,2084300.0
2018-01-08 13:33:02.755000,5.34,5.33,5.34,2084300.0
2018-01-08 13:33:06.292000,5.34,5.33,5.34,2084300.0
2018-01-08 13:33:10.047000,5.34,5.33,5.34,2084300.0
2018-01-08 13:33:15.712000,5.34,5.33,5.34,2084300.0
2018-01-08 13:33:20.052000,5.34,5.33,5.34,2084300.0
2018-01-08 13:33:24.195000,5.34,5.33,5.34,2094300.0
2018-01-08 13:33:27.771000,5.34,5.33,5.34,2094300.0
2018-01-08 13:33:31.183000,5.34,5.33,5.34,2094300.0
2018-01-08 13:33:35.152000,5.34,5.33,5.34,2094300.0
2018-01-08 13:33:39.006000,5.34,5.33,5.34,2094300.0
2018-01-08 13:33:43.540000,5.34,5.33,5.34,2094300.0
2018-01-08 13:33:46.641000,5.34,5.33,5.34,2094300.0
2018-01-08 13:33:50.762000,5.34,5.33,5.34,2094300.0
2018-01-08 13:33:54.697000,5.34,5.33,5.34,2094300.0
2018-01-08 13:33:58.898000,5.34,5.33,5.34,2094300.0
2018-01-08 13:34:03.203000,5.34,5.33,5.34,2094300.0
2018-01-08 13:34:08.809000,5.34,5.33,5.34,2094300.0
2018-01-08 13:34:14.979000,5.34,5.33,5.34,2094300.0
2018-01-08 13:34:19.382000,5.34,5.33,5.34,2094300.0
2018-01-08 13:34:23.406000,5.34,5.33,5.34,2094300.0
2018-01-08 13:34:26.693000,5.34,5.33,5.34,2094300.0
2018-01-08 13:34:30.877000,5.34,5.33,5.34,2094300.0
2018-01-08 13:34:34.807000,5.34,5.33,5.34,2094300.0
2018-01-08 13:34:38.433000,5.34,5.33,5.34,2094300.0
2018-01-08 13:34:42.599000,5.34,5.33,5.34,2094300.0
2018-01-08 13:34:46.383000,5.34,5.33,5.34,2094300.0
2018-01-08 13:34:50.803000,5.34,5.33,5.34,2094300.0
2018-01-08 13:34:54.779000,5.34,5.33,5.34,2094300.0
2018-01-08 13:34:58.747000,5.34,5.33,5.34,2094300.0
2018-01-08 13:35:02.453000,5.34,5.33,5.34,2094300.0
2018-01-08 13:35:06.032000,5.34,5.33,5.34,2094300.0
2018-01-08 13:35:12.006000,5.34,5.33,5.34,2094300.0
2018-01-08 13:35:17.616000,5.34,5.33,5.34,2094300.0
2018-01-08 13:35:21.312000,5.34,5.33,5.34,2094300.0
2018-01-08 13:35:24.851000,5.34,5.33,5.34,2094300.0
2018-01-08 13:35:28.292000,5.34,5.33,5.34,2094300.0
2018-01-08 13:35:32.468000,5.34,5.33,5.34,2094300.0
2018-01-08 13:35:36.200000,5.34,5.33,5.34,2094300.0
2018-01-08 13:35:39.182000,5.34,5.33,5.34,2094300.0
2018-01-08 13:35:43.151000,5.34,5.33,5.34,2094300.0
2018-01-08 13:35:47.065000,5.34,5.33,5.34,2094300.0
2018-01-08 13:35:50.568000,5.34,5.33,5.34,2094300.0
2018-01-08 13:35:54.089000,5.34,5.33,5.34,2094300.0
2018-01-08 13:35:57.935000,5.34,5.33,5.34,2094300.0
2018-01-08 13:36:01.390000,5.34,5.33,5.34,2094300.0
2018-01-08 13:36:05.714000,5.34,5.33,5.34,2094300.0
2018-01-08 13:36:09.575000,5.34,5.33,5.34,2094300.0
2018-01-08 13:36:13.234000,5.34,5.33,5.34,2094300.0
2018-01-08 13:36:16.615000,5.34,5.33,5.34,2094300.0
2018-01-08 13:36:20.481000,5.34,5.33,5.34,2094300.0
2018-01-08 13:36:23.964000,5.34,5.33,5.34,2094300.0
2018-01-08 13:36:27.446000,5.34,5.33,5.34,2094300.0
2018-01-08 13:36:31.436000,5.34,5.33,5.34,2094300.0
2018-01-08 13:36:35.219000,5.34,5.33,5.34,2094300.0
2018-01-08 13:36:39.138000,5.34,5.33,5.34,2094300.0
2018-01-08 13:36:42.979000,5.34,5.33,5.34,2094300.0
2018-01-08 13:36:46.360000,5.34,5.33,5.34,2094300.0
2018-01-08 13:36:50.484000,5.34,5.33,5.34,2094300.0
2018-01-08 13:36:54.357000,5.34,5.33,5.34,2094300.0
2018-01-08 13:36:57.588000,5.34,5.33,5.34,2094300.0
2018-01-08 13:37:01.250000,5.34,5.33,5.34,2094300.0
2018-01-08 13:37:07.625000,5.34,5.33,5.34,2094300.0
2018-01-08 13:37:11.641000,5.34,5.33,5.34,2094300.0
2018-01-08 13:37:15.592000,5.34,5.33,5.34,2094300.0
2018-01-08 13:37:20.092000,5.34,5.33,5.34,2094300.0
2018-01-08 13:37:23.605000,5.34,5.33,5.34,2094300.0
2018-01-08 13:37:27.745000,5.34,5.33,5.34,2094300.0
2018-01-08 13:37:31.123000,5.34,5.33,5.34,2094300.0
2018-01-08 13:37:35.157000,5.34,5.33,5.34,2094300.0
2018-01-08 13:37:39.514000,5.34,5.33,5.34,2094300.0
2018-01-08 13:37:43.586000,5.34,5.33,5.34,2094300.0
2018-01-08 13:37:46.882000,5.34,5.33,5.34,2094300.0
2018-01-08 13:37:50.492000,5.34,5.33,5.34,2094300.0
2018-01-08 13:37:54.466000,5.34,5.33,5.34,2094300.0
2018-01-08 13:37:58.629000,5.34,5.33,5.34,2094300.0
2018-01-08 13:38:02.024000,5.34,5.33,5.34,2094300.0
2018-01-08 13:38:06.166000,5.34,5.33,5.34,2094300.0
2018-01-08 13:38:10.500000,5.34,5.33,5.34,2094300.0
2018-01-08 13:38:14.326000,5.34,5.33,5.34,2094300.0
2018-01-08 13:38:19.547000,5.34,5.33,5.34,2094300.0
2018-01-08 13:38:23.860000,5.34,5.33,5.34,2094300.0
2018-01-08 13:38:27.643000,5.34,5.33,5.34,2094300.0
2018-01-08 13:38:31.674000,5.34,5.33,5.34,2094300.0
2018-01-08 13:38:35.271000,5.34,5.33,5.34,2094300.0
2018-01-08 13:38:38.722000,5.34,5.33,5.34,2094300.0
2018-01-08 13:38:42.285000,5.34,5.33,5.34,2094300.0
2018-01-08 13:38:45.436000,5.34,5.33,5.34,2094300.0
2018-01-08 13:38:49.312000,5.34,5.33,5.34,2094300.0
2018-01-08 13:38:53.065000,5.34,5.33,5.34,2094300.0
2018-01-08 13:38:56.278000,5.34,5.33,5.34,2094300.0
2018-01-08 13:39:00.470000,5.34,5.33,5.34,2094300.0
2018-01-08 13:39:05.851000,5.34,5.33,5.34,2094300.0
2018-01-08 13:39:09.687000,5.34,5.33,5.34,2094300.0
2018-01-08 13:39:13.860000,5.34,5.33,5.34,2094300.0
2018-01-08 13:39:20.205000,5.34,5.33,5.34,2094300.0
2018-01-08 13:39:24.174000,5.34,5.33,5.34,2094300.0
2018-01-08 13:39:28.037000,5.34,5.33,5.34,2094300.0
2018-01-08 13:39:31.770000,5.34,5.33,5.34,2094300.0
2018-01-08 13:39:35.509000,5.34,5.33,5.34,2094300.0
2018-01-08 13:39:38.875000,5.34,5.33,5.34,2094300.0
2018-01-08 13:39:42.444000,5.34,5.33,5.34,2094300.0
2018-01-08 13:39:46.299000,5.34,5.33,5.34,2094300.0
2018-01-08 13:39:50.234000,5.34,5.33,5.34,2094300.0
2018-01-08 13:39:54.392000,5.34,5.33,5.34,2094300.0
2018-01-08 13:39:58.315000,5.34,5.33,5.34,2094300.0
2018-01-08 13:40:01.819000,5.34,5.33,5.34,2094300.0
2018-01-08 13:40:06.724000,5.34,5.33,5.34,2094300.0
2018-01-08 13:40:13.844000,5.34,5.33,5.34,2094300.0
2018-01-08 13:40:17.678000,5.34,5.33,5.34,2094300.0
2018-01-08 13:40:22.503000,5.34,5.33,5.34,2094300.0
2018-01-08 13:40:26.097000,5.34,5.33,5.34,2094300.0
2018-01-08 13:40:29.022000,5.34,5.33,5.34,2094300.0
2018-01-08 13:40:32.605000,5.34,5.33,5.34,2094300.0
2018-01-08 13:40:35.959000,5.34,5.33,5.34,2094300.0
2018-01-08 13:40:39.924000,5.34,5.33,5.34,2094300.0
2018-01-08 13:40:44.174000,5.34,5.33,5.34,2094300.0
2018-01-08 13:40:48.183000,5.34,5.33,5.34,2094300.0
2018-01-08 13:40:51.461000,5.34,5.33,5.34,2094300.0
2018-01-08 13:40:55.771000,5.34,5.33,5.34,2094300.0
2018-01-08 13:40:59.644000,5.34,5.33,5.34,2094300.0
2018-01-08 13:41:03.529000,5.34,5.33,5.34,2094300.0
2018-01-08 13:41:09.377000,5.34,5.33,5.34,2094300.0
2018-01-08 13:41:16.854000,5.34,5.33,5.34,2094300.0
2018-01-08 13:41:20.661000,5.34,5.33,5.34,2094300.0
2018-01-08 13:41:24.658000,5.34,5.33,5.34,2094300.0
2018-01-08 13:41:27.896000,5.34,5.33,5.34,2094300.0
2018-01-08 13:41:31.407000,5.34,5.33,5.34,2094300.0
2018-01-08 13:41:35.411000,5.34,5.33,5.34,2094300.0
2018-01-08 13:41:39.378000,5.34,5.33,5.34,2094300.0
2018-01-08 13:41:43.486000,5.34,5.33,5.34,2094300.0
2018-01-08 13:41:47.242000,5.34,5.33,5.34,2094300.0
2018-01-08 13:41:51.178000,5.34,5.33,5.34,2094300.0
2018-01-08 13:41:55.067000,5.34,5.33,5.34,2094300.0
2018-01-08 13:41:58.780000,5.34,5.33,5.34,2094300.0
2018-01-08 13:42:01.977000,5.34,5.33,5.34,2094300.0
2018-01-08 13:42:05.092000,5.34,5.33,5.34,2094300.0
2018-01-08 13:42:09.055000,5.34,5.33,5.34,2094300.0
2018-01-08 13:42:12.688000,5.34,5.33,5.34,2094300.0
2018-01-08 13:42:16.979000,5.34,5.33,5.34,2094300.0
2018-01-08 13:42:21.351000,5.34,5.33,5.34,2094300.0
2018-01-08 13:42:25.317000,5.34,5.33,5.34,2094300.0
2018-01-08 13:42:29.428000,5.34,5.33,5.34,2094300.0
2018-01-08 13:42:33.206000,5.34,5.33,5.34,2094300.0
2018-01-08 13:42:36.980000,5.34,5.33,5.34,2094300.0
2018-01-08 13:42:40.196000,5.34,5.33,5.34,2094300.0
2018-01-08 13:42:43.605000,5.34,5.33,5.34,2094300.0
2018-01-08 13:42:46.750000,5.34,5.33,5.34,2094300.0
2018-01-08 13:42:51.103000,5.34,5.33,5.34,2094300.0
2018-01-08 13:42:54.364000,5.34,5.33,5.34,2094300.0
2018-01-08 13:42:59.802000,5.34,5.33,5.34,2094300.0
2018-01-08 13:43:03.826000,5.34,5.33,5.34,2094300.0
2018-01-08 13:43:08.821000,5.34,5.33,5.34,2094300.0
2018-01-08 13:43:12.888000,5.34,5.33,5.34,2094300.0
2018-01-08 13:43:17.193000,5.34,5.33,5.34,2094300.0
2018-01-08 13:43:20.506000,5.34,5.33,5.34,2094300.0
2018-01-08 13:43:24.523000,5.34,5.33,5.34,2094300.0
2018-01-08 13:43:28.177000,5.34,5.33,5.34,2094300.0
2018-01-08 13:43:31.923000,5.34,5.33,5.34,2094300.0
2018-01-08 13:43:36.070000,5.34,5.33,5.34,2094300.0
2018-01-08 13:43:40.121000,5.33,5.33,5.34,2102700.0
2018-01-08 13:43:43.928000,5.33,5.33,5.34,2102700.0
2018-01-08 13:43:48.340000,5.33,5.33,5.34,2102700.0
2018-01-08 13:43:52.166000,5.33,5.33,5.34,2102700.0
2018-01-08 13:43:55.845000,5.33,5.33,5.34,2102700.0
2018-01-08 13:43:59.014000,5.33,5.33,5.34,2102700.0
2018-01-08 13:44:02.894000,5.33,5.33,5.34,2102700.0
2018-01-08 13:44:06.606000,5.33,5.33,5.34,2102700.0
2018-01-08 13:44:12.637000,5.33,5.33,5.34,2102700.0
2018-01-08 13:44:16.549000,5.33,5.32,5.34,2132700.0
2018-01-08 13:44:20.650000,5.33,5.32,5.34,2132700.0
2018-01-08 13:44:24.618000,5.33,5.32,5.34,2132700.0
2018-01-08 13:44:28.299000,5.33,5.32,5.34,2132700.0
2018-01-08 13:44:31.445000,5.33,5.32,5.34,2132700.0
2018-01-08 13:44:34.964000,5.33,5.32,5.34,2132700.0
2018-01-08 13:44:38.826000,5.33,5.32,5.34,2132700.0
2018-01-08 13:44:42.436000,5.33,5.32,5.34,2132700.0
2018-01-08 13:44:45.774000,5.33,5.32,5.34,2132700.0
2018-01-08 13:44:49.697000,5.33,5.32,5.34,2132700.0
2018-01-08 13:44:53.611000,5.33,5.32,5.34,2132700.0
2018-01-08 13:44:56.891000,5.33,5.32,5.34,2132700.0
2018-01-08 13:45:00.804000,5.33,5.32,5.34,2132700.0
2018-01-08 13:45:04.464000,5.33,5.32,5.34,2132700.0
2018-01-08 13:45:08.523000,5.33,5.32,5.34,2132700.0
2018-01-08 13:45:12.011000,5.33,5.32,5.34,2132700.0
2018-01-08 13:45:16.073000,5.33,5.32,5.34,2132700.0
2018-01-08 13:45:19.466000,5.33,5.32,5.34,2132700.0
2018-01-08 13:45:22.863000,5.33,5.32,5.34,2132700.0
2018-01-08 13:45:26.515000,5.33,5.32,5.34,2132700.0
2018-01-08 13:45:30.682000,5.33,5.32,5.34,2132700.0
2018-01-08 13:45:34.683000,5.33,5.32,5.34,2132700.0
2018-01-08 13:45:38.736000,5.33,5.32,5.34,2132700.0
2018-01-08 13:45:42.291000,5.33,5.32,5.34,2132700.0
2018-01-08 13:45:45.778000,5.33,5.32,5.34,2132700.0
2018-01-08 13:45:49.476000,5.33,5.32,5.34,2132700.0
2018-01-08 13:45:53.332000,5.33,5.32,5.34,2132700.0
2018-01-08 13:45:57.435000,5.33,5.32,5.34,2132700.0
2018-01-08 13:46:01.012000,5.33,5.32,5.34,2132700.0
2018-01-08 13:46:04.423000,5.33,5.32,5.34,2132700.0
2018-01-08 13:46:08.125000,5.33,5.32,5.34,2132700.0
2018-01-08 13:46:12.200000,5.33,5.32,5.34,2132700.0
2018-01-08 13:46:15.936000,5.33,5.32,5.34,2132700.0
2018-01-08 13:46:19.290000,5.33,5.32,5.34,2132700.0
2018-01-08 13:46:22.686000,5.33,5.32,5.34,2132700.0
2018-01-08 13:46:26.261000,5.33,5.32,5.34,2132700.0
2018-01-08 13:46:29.698000,5.33,5.32,5.34,2132700.0
2018-01-08 13:46:33.707000,5.33,5.32,5.34,2132700.0
2018-01-08 13:46:37.859000,5.33,5.32,5.34,2132700.0
2018-01-08 13:46:41.191000,5.33,5.32,5.34,2132700.0
2018-01-08 13:46:45.011000,5.33,5.32,5.34,2132700.0
2018-01-08 13:46:49.020000,5.33,5.32,5.34,2132700.0
2018-01-08 13:46:52.687000,5.33,5.32,5.34,2132700.0
2018-01-08 13:46:56.623000,5.33,5.32,5.34,2132700.0
2018-01-08 13:46:59.886000,5.33,5.32,5.34,2132700.0
2018-01-08 13:47:03.280000,5.33,5.32,5.34,2132700.0
2018-01-08 13:47:07.075000,5.33,5.32,5.34,2132700.0
2018-01-08 13:47:10.199000,5.33,5.32,5.34,2132700.0
2018-01-08 13:47:14.312000,5.33,5.32,5.34,2132700.0
2018-01-08 13:47:20.168000,5.33,5.32,5.34,2132700.0
2018-01-08 13:47:23.431000,5.33,5.32,5.34,2132700.0
2018-01-08 13:47:26.545000,5.33,5.32,5.33,2132700.0
2018-01-08 13:47:50.815000,5.33,5.32,5.33,2132700.0
2018-01-08 13:47:54.387000,5.33,5.32,5.33,2132700.0
2018-01-08 13:47:58.173000,5.33,5.32,5.33,2132700.0
2018-01-08 13:48:01.466000,5.33,5.32,5.33,2132700.0
2018-01-08 13:48:05.372000,5.33,5.32,5.33,2132700.0
2018-01-08 13:48:09.236000,5.33,5.32,5.33,2132700.0
2018-01-08 13:48:12.891000,5.33,5.32,5.33,2132700.0
2018-01-08 13:48:16.173000,5.33,5.32,5.34,2132700.0
2018-01-08 13:48:20,5.33,5.32,5.34,2132700.0
2018-01-08 13:48:23.663000,5.33,5.32,5.34,2132700.0
2018-01-08 13:48:27.288000,5.33,5.32,5.34,2132700.0
2018-01-08 13:48:31.693000,5.33,5.32,5.34,2132700.0
2018-01-08 13:48:35.688000,5.33,5.32,5.34,2132700.0
2018-01-08 13:48:39.520000,5.33,5.32,5.34,2132700.0
2018-01-08 13:48:42.930000,5.33,5.32,5.34,2132700.0
2018-01-08 13:48:46.882000,5.33,5.32,5.34,2132700.0
2018-01-08 13:48:50.766000,5.33,5.32,5.34,2132700.0
2018-01-08 13:48:54.277000,5.33,5.33,5.34,2132700.0
2018-01-08 13:48:57.488000,5.33,5.33,5.34,2132700.0
2018-01-08 13:49:00.673000,5.33,5.33,5.34,2132700.0
2018-01-08 13:49:03.478000,5.33,5.33,5.34,2132700.0
2018-01-08 13:49:07.210000,5.33,5.33,5.34,2132700.0
2018-01-08 13:49:15.626000,5.33,5.33,5.34,2132700.0
2018-01-08 13:49:19.469000,5.33,5.33,5.34,2132700.0
2018-01-08 13:49:23.279000,5.33,5.33,5.34,2132700.0
2018-01-08 13:49:26.802000,5.33,5.33,5.34,2132700.0
2018-01-08 13:49:30.392000,5.33,5.33,5.34,2132700.0
2018-01-08 13:49:34.152000,5.33,5.33,5.34,2132700.0
2018-01-08 13:49:37.060000,5.33,5.33,5.34,2132700.0
2018-01-08 13:49:40.391000,5.33,5.33,5.34,2132700.0
2018-01-08 13:49:43.613000,5.33,5.33,5.34,2132700.0
2018-01-08 13:49:46.834000,5.33,5.33,5.34,2132700.0
2018-01-08 13:49:50.298000,5.33,5.33,5.34,2132700.0
2018-01-08 13:49:54.271000,5.33,5.33,5.34,2132700.0
2018-01-08 13:49:58.171000,5.33,5.33,5.34,2132700.0
2018-01-08 13:50:02.178000,5.33,5.33,5.34,2132700.0
2018-01-08 13:50:05.690000,5.33,5.33,5.34,2132700.0
2018-01-08 13:50:10.675000,5.33,5.33,5.34,2132700.0
2018-01-08 13:50:14.679000,5.33,5.33,5.34,2132700.0
2018-01-08 13:50:20.203000,5.33,5.33,5.34,2132700.0
2018-01-08 13:50:23.742000,5.33,5.33,5.34,2132700.0
2018-01-08 13:50:27.042000,5.33,5.33,5.34,2132700.0
2018-01-08 13:50:30.253000,5.33,5.33,5.34,2132700.0
2018-01-08 13:50:34.038000,5.33,5.33,5.34,2132700.0
2018-01-08 13:50:37.676000,5.33,5.33,5.34,2132700.0
2018-01-08 13:50:41.325000,5.33,5.33,5.34,2132700.0
2018-01-08 13:50:45.081000,5.33,5.33,5.34,2132700.0
2018-01-08 13:50:48.745000,5.33,5.33,5.34,2132700.0
2018-01-08 13:50:52.891000,5.33,5.33,5.34,2132700.0
2018-01-08 13:50:56.691000,5.33,5.33,5.34,2132700.0
2018-01-08 13:51:00.204000,5.33,5.33,5.34,2132700.0
2018-01-08 13:51:03.944000,5.33,5.33,5.34,2132700.0
2018-01-08 13:51:07.364000,5.33,5.33,5.34,2132700.0
2018-01-08 13:51:10.206000,5.33,5.33,5.34,2132700.0
2018-01-08 13:51:13.949000,5.33,5.33,5.34,2132700.0
2018-01-08 13:51:17.350000,5.33,5.33,5.34,2132700.0
2018-01-08 13:51:21.142000,5.33,5.33,5.34,2132700.0
2018-01-08 13:51:24.838000,5.33,5.33,5.34,2132700.0
2018-01-08 13:51:28.317000,5.33,5.33,5.34,2132700.0
2018-01-08 13:51:32.187000,5.33,5.33,5.34,2132700.0
2018-01-08 13:51:35.960000,5.33,5.33,5.34,2132700.0
2018-01-08 13:51:40.064000,5.33,5.33,5.34,2132700.0
2018-01-08 13:51:43.382000,5.33,5.33,5.34,2132700.0
2018-01-08 13:51:46.710000,5.33,5.33,5.34,2132700.0
2018-01-08 13:51:50.895000,5.33,5.33,5.34,2132700.0
2018-01-08 13:51:54.874000,5.33,5.33,5.34,2132700.0
2018-01-08 13:51:57.780000,5.33,5.33,5.34,2132700.0
2018-01-08 13:52:01.084000,5.33,5.33,5.34,2132700.0
2018-01-08 13:52:05.010000,5.33,5.33,5.34,2132700.0
2018-01-08 13:52:08.913000,5.33,5.33,5.34,2132700.0
2018-01-08 13:52:12.592000,5.33,5.33,5.34,2132700.0
2018-01-08 13:52:15.878000,5.33,5.33,5.34,2132700.0
2018-01-08 13:52:19.391000,5.33,5.33,5.34,2132700.0
2018-01-08 13:52:22.900000,5.33,5.33,5.34,2132700.0
2018-01-08 13:52:26.866000,5.33,5.33,5.34,2132700.0
2018-01-08 13:52:30.677000,5.33,5.33,5.34,2132700.0
2018-01-08 13:52:34.509000,5.33,5.33,5.34,2132700.0
2018-01-08 13:52:38.237000,5.33,5.33,5.34,2132700.0
2018-01-08 13:52:41.177000,5.33,5.33,5.34,2132700.0
2018-01-08 13:52:44.898000,5.33,5.33,5.34,2132700.0
2018-01-08 13:52:48.968000,5.33,5.33,5.34,2132700.0
2018-01-08 13:52:52.394000,5.33,5.33,5.34,2132700.0
2018-01-08 13:52:56.305000,5.33,5.33,5.34,2132700.0
2018-01-08 13:53:00.271000,5.33,5.33,5.34,2132700.0
2018-01-08 13:53:07.993000,5.33,5.33,5.34,2132700.0
2018-01-08 13:53:11.772000,5.33,5.33,5.34,2132700.0
2018-01-08 13:53:18.579000,5.33,5.33,5.34,2132700.0
2018-01-08 13:53:22.658000,5.33,5.33,5.34,2132700.0
2018-01-08 13:53:26.555000,5.33,5.33,5.34,2132700.0
2018-01-08 13:53:30.727000,5.33,5.33,5.34,2132700.0
2018-01-08 13:53:34.665000,5.33,5.33,5.34,2132700.0
2018-01-08 13:53:38.509000,5.33,5.33,5.34,2132700.0
2018-01-08 13:53:41.854000,5.33,5.33,5.34,2132700.0
2018-01-08 13:53:45.134000,5.33,5.33,5.34,2132700.0
2018-01-08 13:53:48.916000,5.33,5.33,5.34,2132700.0
2018-01-08 13:53:53.040000,5.33,5.33,5.34,2132700.0
2018-01-08 13:53:56.838000,5.33,5.33,5.34,2132700.0
2018-01-08 13:54:01.054000,5.33,5.33,5.34,2132700.0
2018-01-08 13:54:04.902000,5.33,5.33,5.34,2132700.0
2018-01-08 13:54:09.244000,5.33,5.33,5.34,2132700.0
2018-01-08 13:54:17.225000,5.33,5.33,5.34,2132700.0
2018-01-08 13:54:21.194000,5.33,5.33,5.34,2132700.0
2018-01-08 13:54:24.169000,5.33,5.33,5.34,2132700.0
2018-01-08 13:54:27.660000,5.33,5.33,5.34,2132700.0
2018-01-08 13:54:31.477000,5.33,5.33,5.34,2132700.0
2018-01-08 13:54:34.970000,5.33,5.33,5.34,2132700.0
2018-01-08 13:54:38.540000,5.33,5.33,5.34,2132700.0
2018-01-08 13:54:42.077000,5.33,5.33,5.34,2132700.0
2018-01-08 13:54:45.803000,5.33,5.33,5.34,2132700.0
2018-01-08 13:54:49.764000,5.33,5.33,5.34,2132700.0
2018-01-08 13:54:53.120000,5.33,5.33,5.34,2132700.0
2018-01-08 13:54:56.847000,5.33,5.33,5.34,2132700.0
2018-01-08 13:55:00.826000,5.33,5.33,5.34,2132700.0
2018-01-08 13:55:04.628000,5.33,5.33,5.34,2132700.0
2018-01-08 13:55:08.356000,5.33,5.33,5.34,2132700.0
2018-01-08 13:55:11.976000,5.33,5.33,5.34,2132700.0
2018-01-08 13:55:17.476000,5.33,5.33,5.34,2132700.0
2018-01-08 13:55:21.073000,5.33,5.33,5.34,2132700.0
2018-01-08 13:55:24.912000,5.33,5.33,5.34,2132700.0
2018-01-08 13:55:28.745000,5.33,5.33,5.34,2132700.0
2018-01-08 13:55:33.203000,5.33,5.33,5.34,2132700.0
2018-01-08 13:55:36.526000,5.33,5.33,5.34,2132700.0
2018-01-08 13:55:40.253000,5.33,5.33,5.34,2132700.0
2018-01-08 13:55:44.026000,5.33,5.33,5.34,2132700.0
2018-01-08 13:55:48.017000,5.33,5.33,5.34,2132700.0
2018-01-08 13:55:52.095000,5.33,5.33,5.34,2132700.0
2018-01-08 13:55:55.821000,5.33,5.33,5.34,2132700.0
2018-01-08 13:55:59.276000,5.33,5.33,5.34,2132700.0
2018-01-08 13:56:03.257000,5.33,5.33,5.34,2132700.0
2018-01-08 13:56:09.022000,5.33,5.33,5.34,2132700.0
2018-01-08 13:56:12.893000,5.33,5.33,5.34,2132700.0
2018-01-08 13:56:16.118000,5.33,5.33,5.34,2132700.0
2018-01-08 13:56:19.896000,5.33,5.33,5.34,2132700.0
2018-01-08 13:56:23.428000,5.33,5.33,5.34,2132700.0
2018-01-08 13:56:26.869000,5.33,5.33,5.34,2132700.0
2018-01-08 13:56:30.635000,5.33,5.33,5.34,2132700.0
2018-01-08 13:56:34.719000,5.33,5.33,5.34,2132700.0
2018-01-08 13:56:38.668000,5.33,5.33,5.34,2132700.0
2018-01-08 13:56:41.764000,5.33,5.33,5.34,2132700.0
2018-01-08 13:56:45.480000,5.33,5.33,5.34,2132700.0
2018-01-08 13:56:49.426000,5.33,5.33,5.34,2132700.0
2018-01-08 13:56:52.959000,5.33,5.33,5.34,2132700.0
2018-01-08 13:56:55.622000,5.33,5.33,5.34,2132700.0
2018-01-08 13:56:59.512000,5.33,5.33,5.34,2132700.0
2018-01-08 13:57:03.203000,5.33,5.33,5.34,2132700.0
2018-01-08 13:57:07.521000,5.33,5.33,5.34,2132700.0
2018-01-08 13:57:14.093000,5.33,5.33,5.34,2132700.0
2018-01-08 13:57:18.047000,5.33,5.33,5.34,2132700.0
2018-01-08 13:57:21.812000,5.33,5.33,5.34,2132700.0
2018-01-08 13:57:25.809000,5.33,5.33,5.34,2132700.0
2018-01-08 13:57:30.812000,5.33,5.33,5.34,2132700.0
2018-01-08 13:57:34.873000,5.33,5.33,5.34,2132700.0
2018-01-08 13:57:38.630000,5.33,5.33,5.34,2132700.0
2018-01-08 13:57:42.284000,5.33,5.33,5.34,2132700.0
2018-01-08 13:57:45.880000,5.33,5.33,5.34,2132700.0
2018-01-08 13:57:49.933000,5.33,5.33,5.34,2132700.0
2018-01-08 13:57:53.686000,5.33,5.33,5.34,2132700.0
2018-01-08 13:57:57.527000,5.33,5.33,5.34,2132700.0
2018-01-08 13:58:01.827000,5.33,5.33,5.34,2132700.0
2018-01-08 13:58:05.698000,5.33,5.33,5.34,2132700.0
2018-01-08 13:58:12.730000,5.33,5.33,5.34,2132700.0
2018-01-08 13:58:15.875000,5.33,5.33,5.34,2132700.0
2018-01-08 13:58:20.172000,5.33,5.33,5.34,2132700.0
2018-01-08 13:58:23.714000,5.33,5.33,5.34,2132700.0
2018-01-08 13:58:27.754000,5.33,5.33,5.34,2132700.0
2018-01-08 13:58:30.610000,5.33,5.33,5.34,2132700.0
2018-01-08 13:58:33.858000,5.33,5.33,5.34,2132700.0
2018-01-08 13:58:37.936000,5.33,5.33,5.34,2132700.0
2018-01-08 13:58:41.888000,5.33,5.33,5.34,2132700.0
2018-01-08 13:58:45.643000,5.33,5.33,5.34,2132700.0
2018-01-08 13:58:49.361000,5.33,5.33,5.34,2132700.0
2018-01-08 13:58:52.985000,5.33,5.33,5.34,2132700.0
2018-01-08 13:58:56.124000,5.33,5.33,5.34,2132700.0
2018-01-08 13:59:00.222000,5.33,5.33,5.34,2132700.0
2018-01-08 13:59:03.922000,5.33,5.33,5.34,2132700.0
2018-01-08 13:59:12.576000,5.33,5.33,5.34,2132700.0
2018-01-08 13:59:19.203000,5.33,5.33,5.34,2132700.0
2018-01-08 13:59:23.206000,5.33,5.33,5.34,2132700.0
2018-01-08 13:59:27.078000,5.33,5.33,5.34,2132700.0
2018-01-08 13:59:30.904000,5.33,5.33,5.34,2132700.0
2018-01-08 13:59:34.658000,5.33,5.33,5.34,2132700.0
2018-01-08 13:59:37.891000,5.33,5.32,5.34,2132700.0
2018-01-08 13:59:41.389000,5.33,5.32,5.34,2132700.0
2018-01-08 13:59:45.189000,5.33,5.32,5.34,2132700.0
2018-01-08 13:59:49.157000,5.33,5.32,5.34,2132700.0
2018-01-08 13:59:52.753000,5.33,5.32,5.34,2132700.0
2018-01-08 13:59:56.974000,5.33,5.32,5.33,2132700.0
2018-01-08 14:00:00.652000,5.33,5.32,5.33,2132700.0
2018-01-08 14:00:04.894000,5.33,5.32,5.33,2132700.0
2018-01-08 14:00:08.788000,5.33,5.32,5.33,2132700.0
2018-01-08 14:00:12.642000,5.33,5.32,5.33,2132700.0
2018-01-08 14:00:16.816000,5.33,5.32,5.33,2132700.0
2018-01-08 14:00:21.172000,5.33,5.32,5.33,2132700.0
2018-01-08 14:00:24.745000,5.33,5.32,5.33,2132700.0
2018-01-08 14:00:28.442000,5.33,5.32,5.33,2132700.0
2018-01-08 14:00:32.343000,5.33,5.32,5.33,2132700.0
2018-01-08 14:00:36.094000,5.33,5.32,5.33,2132700.0
2018-01-08 14:00:39.742000,5.33,5.32,5.33,2132700.0
2018-01-08 14:00:43.059000,5.33,5.32,5.33,2132700.0
2018-01-08 14:00:46.721000,5.33,5.32,5.33,2132700.0
2018-01-08 14:00:50.857000,5.33,5.32,5.33,2132700.0
2018-01-08 14:00:53.835000,5.33,5.32,5.33,2132700.0
2018-01-08 14:00:57.704000,5.33,5.32,5.33,2132700.0
2018-01-08 14:01:01.986000,5.33,5.32,5.33,2132700.0
2018-01-08 14:01:07.784000,5.33,5.32,5.33,2132700.0
2018-01-08 14:01:12.562000,5.33,5.32,5.33,2132700.0
2018-01-08 14:01:16.220000,5.33,5.32,5.33,2132700.0
2018-01-08 14:01:21.657000,5.33,5.32,5.33,2132700.0
2018-01-08 14:01:25.395000,5.33,5.32,5.33,2132700.0
2018-01-08 14:01:29.069000,5.33,5.32,5.33,2132700.0
2018-01-08 14:01:33.384000,5.33,5.32,5.33,2132700.0
2018-01-08 14:01:37.150000,5.33,5.32,5.33,2132700.0
2018-01-08 14:01:40.313000,5.33,5.32,5.33,2132700.0
2018-01-08 14:01:43.995000,5.33,5.32,5.33,2132700.0
2018-01-08 14:01:47.798000,5.33,5.32,5.33,2132700.0
2018-01-08 14:01:51.785000,5.33,5.32,5.33,2132700.0
2018-01-08 14:01:55.692000,5.33,5.32,5.33,2132700.0
2018-01-08 14:01:59.075000,5.33,5.32,5.33,2132700.0
2018-01-08 14:02:02.926000,5.33,5.32,5.33,2132700.0
2018-01-08 14:02:06.660000,5.33,5.32,5.33,2132700.0
2018-01-08 14:02:09.448000,5.33,5.32,5.33,2132700.0
2018-01-08 14:02:13.274000,5.33,5.32,5.33,2132700.0
2018-01-08 14:02:17.135000,5.33,5.32,5.33,2132700.0
2018-01-08 14:02:21.834000,5.33,5.32,5.33,2132700.0
2018-01-08 14:02:25.928000,5.33,5.32,5.33,2132700.0
2018-01-08 14:02:29.380000,5.33,5.32,5.33,2132700.0
2018-01-08 14:02:33.090000,5.33,5.32,5.33,2132700.0
2018-01-08 14:02:36.395000,5.33,5.32,5.33,2132700.0
2018-01-08 14:02:40.168000,5.33,5.32,5.33,2132700.0
2018-01-08 14:02:43.585000,5.33,5.32,5.33,2132700.0
2018-01-08 14:02:47.068000,5.33,5.32,5.33,2132700.0
2018-01-08 14:02:50.696000,5.33,5.32,5.33,2132700.0
2018-01-08 14:02:54.513000,5.33,5.32,5.33,2132700.0
2018-01-08 14:02:57.633000,5.33,5.32,5.33,2132700.0
2018-01-08 14:03:00.785000,5.33,5.32,5.33,2132700.0
2018-01-08 14:03:05.288000,5.33,5.32,5.33,2132700.0
2018-01-08 14:03:11.239000,5.33,5.32,5.33,2132700.0
2018-01-08 14:03:17.022000,5.33,5.32,5.33,2132700.0
2018-01-08 14:03:20.268000,5.33,5.32,5.33,2132700.0
2018-01-08 14:03:23.571000,5.33,5.32,5.33,2132700.0
2018-01-08 14:03:27.442000,5.33,5.32,5.33,2132700.0
2018-01-08 14:03:31.240000,5.33,5.32,5.33,2132700.0
2018-01-08 14:03:34.599000,5.33,5.32,5.33,2132700.0
2018-01-08 14:03:37.710000,5.33,5.32,5.33,2132700.0
2018-01-08 14:03:41.474000,5.33,5.32,5.33,2132700.0
2018-01-08 14:03:45.346000,5.33,5.32,5.33,2132700.0
2018-01-08 14:03:49.053000,5.33,5.32,5.33,2132700.0
2018-01-08 14:03:52.184000,5.33,5.32,5.33,2132700.0
2018-01-08 14:03:55.886000,5.33,5.32,5.33,2132700.0
2018-01-08 14:03:59.845000,5.33,5.32,5.33,2132700.0
2018-01-08 14:04:03.775000,5.33,5.32,5.33,2132700.0
2018-01-08 14:04:11.116000,5.33,5.32,5.33,2132700.0
2018-01-08 14:04:14.838000,5.33,5.32,5.33,2132700.0
2018-01-08 14:04:20.289000,5.33,5.32,5.33,2132700.0
2018-01-08 14:04:23.822000,5.33,5.32,5.33,2132700.0
2018-01-08 14:04:27.385000,5.33,5.32,5.33,2132700.0
2018-01-08 14:04:31.021000,5.33,5.32,5.33,2132700.0
2018-01-08 14:04:34.736000,5.33,5.32,5.33,2132700.0
2018-01-08 14:04:37.999000,5.33,5.32,5.33,2132700.0
2018-01-08 14:04:42.028000,5.33,5.32,5.33,2132700.0
2018-01-08 14:04:44.667000,5.34,5.33,5.34,2142100.0
2018-01-08 14:04:48.753000,5.34,5.33,5.34,2142100.0
2018-01-08 14:04:51.970000,5.34,5.33,5.34,2142100.0
2018-01-08 14:04:55.850000,5.34,5.33,5.34,2142100.0
2018-01-08 14:04:59.263000,5.34,5.33,5.34,2142100.0
2018-01-08 14:05:03.223000,5.34,5.33,5.34,2142100.0
2018-01-08 14:05:07.166000,5.34,5.33,5.34,2142100.0
2018-01-08 14:05:10.799000,5.34,5.33,5.34,2142100.0
2018-01-08 14:05:14.616000,5.34,5.33,5.34,2142100.0
2018-01-08 14:05:18.268000,5.34,5.33,5.34,2142100.0
2018-01-08 14:05:21.969000,5.34,5.33,5.34,2142100.0
2018-01-08 14:05:25.768000,5.34,5.33,5.34,2142100.0
2018-01-08 14:05:29.543000,5.34,5.33,5.34,2142100.0
2018-01-08 14:05:33.366000,5.34,5.33,5.34,2142100.0
2018-01-08 14:05:37.336000,5.34,5.33,5.34,2142100.0
2018-01-08 14:05:40.433000,5.34,5.33,5.34,2142100.0
2018-01-08 14:05:44.426000,5.34,5.33,5.34,2142100.0
2018-01-08 14:05:48.381000,5.34,5.33,5.34,2142100.0
2018-01-08 14:05:52.292000,5.34,5.33,5.34,2142100.0
2018-01-08 14:05:55.592000,5.34,5.33,5.34,2142100.0
2018-01-08 14:05:59.356000,5.34,5.33,5.34,2142100.0
2018-01-08 14:06:06.183000,5.34,5.33,5.34,2142100.0
2018-01-08 14:06:10.125000,5.34,5.33,5.34,2142100.0
2018-01-08 14:06:15.953000,5.34,5.33,5.34,2142100.0
2018-01-08 14:06:20.155000,5.34,5.33,5.34,2142100.0
2018-01-08 14:06:23.981000,5.34,5.33,5.34,2142100.0
2018-01-08 14:06:27.539000,5.34,5.33,5.34,2142100.0
2018-01-08 14:06:31.571000,5.34,5.33,5.34,2142100.0
2018-01-08 14:06:35.005000,5.34,5.33,5.34,2142100.0
2018-01-08 14:06:38.808000,5.34,5.33,5.34,2142100.0
2018-01-08 14:06:42.731000,5.34,5.33,5.34,2142100.0
2018-01-08 14:06:46.768000,5.34,5.33,5.34,2142100.0
2018-01-08 14:06:50.036000,5.34,5.33,5.34,2142100.0
2018-01-08 14:06:53.942000,5.34,5.33,5.34,2142100.0
2018-01-08 14:06:57.418000,5.34,5.33,5.34,2142100.0
2018-01-08 14:07:01.027000,5.34,5.33,5.34,2142100.0
2018-01-08 14:07:06.045000,5.34,5.33,5.34,2142100.0
2018-01-08 14:07:10.039000,5.34,5.33,5.34,2142100.0
2018-01-08 14:07:15.699000,5.34,5.33,5.34,2142100.0
2018-01-08 14:07:19.489000,5.34,5.33,5.34,2144000.0
2018-01-08 14:07:23.256000,5.34,5.33,5.34,2144000.0
2018-01-08 14:07:26.737000,5.34,5.33,5.34,2144000.0
2018-01-08 14:07:30.901000,5.34,5.33,5.34,2144000.0
2018-01-08 14:07:34.857000,5.34,5.33,5.34,2144000.0
2018-01-08 14:07:38.231000,5.34,5.33,5.34,2144000.0
2018-01-08 14:07:42.207000,5.34,5.33,5.34,2144000.0
2018-01-08 14:07:45.632000,5.34,5.33,5.34,2144000.0
2018-01-08 14:07:49.492000,5.34,5.33,5.34,2144000.0
2018-01-08 14:07:52.718000,5.34,5.33,5.34,2144000.0
2018-01-08 14:07:56.828000,5.34,5.33,5.34,2144000.0
2018-01-08 14:08:00.342000,5.34,5.33,5.34,2144000.0
2018-01-08 14:08:04.622000,5.34,5.33,5.34,2144000.0
2018-01-08 14:08:08.568000,5.34,5.33,5.34,2144000.0
2018-01-08 14:08:13.845000,5.34,5.33,5.34,2144000.0
2018-01-08 14:08:18.108000,5.34,5.33,5.34,2144000.0
2018-01-08 14:08:21.793000,5.34,5.33,5.34,2144000.0
2018-01-08 14:08:25.972000,5.34,5.33,5.34,2144000.0
2018-01-08 14:08:29.829000,5.34,5.33,5.34,2144000.0
2018-01-08 14:08:33.642000,5.34,5.33,5.34,2144000.0
2018-01-08 14:08:37.202000,5.34,5.33,5.34,2144000.0
2018-01-08 14:08:41.190000,5.34,5.33,5.34,2144000.0
2018-01-08 14:08:45.126000,5.34,5.33,5.34,2144000.0
2018-01-08 14:08:48.273000,5.34,5.33,5.34,2144000.0
2018-01-08 14:08:52.419000,5.34,5.33,5.34,2144000.0
2018-01-08 14:08:56.352000,5.34,5.33,5.34,2144000.0
2018-01-08 14:09:00.332000,5.34,5.33,5.34,2144000.0
2018-01-08 14:09:05.597000,5.34,5.33,5.34,2144000.0
2018-01-08 14:09:08.640000,5.34,5.33,5.34,2144000.0
2018-01-08 14:09:12.437000,5.34,5.33,5.34,2144000.0
2018-01-08 14:09:16.362000,5.34,5.33,5.34,2144000.0
2018-01-08 14:09:19.599000,5.34,5.33,5.34,2144000.0
2018-01-08 14:09:23.515000,5.34,5.33,5.34,2144000.0
2018-01-08 14:09:27.210000,5.34,5.33,5.34,2144000.0
2018-01-08 14:09:30.507000,5.34,5.33,5.34,2144000.0
2018-01-08 14:09:34.468000,5.34,5.33,5.34,2144000.0
2018-01-08 14:09:37.861000,5.34,5.33,5.34,2144000.0
2018-01-08 14:09:41.431000,5.34,5.33,5.34,2144000.0
2018-01-08 14:09:45.349000,5.34,5.33,5.34,2144000.0
2018-01-08 14:09:49.127000,5.34,5.33,5.34,2144000.0
2018-01-08 14:09:53.097000,5.33,5.32,5.34,2204000.0
2018-01-08 14:09:56.657000,5.33,5.32,5.34,2204000.0
2018-01-08 14:09:59.886000,5.33,5.32,5.34,2204000.0
2018-01-08 14:10:03.259000,5.33,5.32,5.34,2204000.0
2018-01-08 14:10:09.517000,5.33,5.32,5.34,2204000.0
2018-01-08 14:10:15.738000,5.33,5.32,5.34,2204000.0
2018-01-08 14:10:19.744000,5.33,5.32,5.34,2204000.0
2018-01-08 14:10:23.249000,5.33,5.32,5.34,2204000.0
2018-01-08 14:10:27.172000,5.33,5.32,5.34,2204000.0
2018-01-08 14:10:31.006000,5.33,5.32,5.34,2204000.0
2018-01-08 14:10:34.024000,5.33,5.32,5.34,2204000.0
2018-01-08 14:10:37.298000,5.33,5.32,5.34,2204000.0
2018-01-08 14:10:40.755000,5.33,5.32,5.34,2204000.0
2018-01-08 14:10:44.758000,5.33,5.32,5.34,2204000.0
2018-01-08 14:10:48.012000,5.33,5.32,5.34,2204000.0
2018-01-08 14:10:52.172000,5.33,5.32,5.34,2204000.0
2018-01-08 14:10:55.776000,5.33,5.32,5.34,2204000.0
2018-01-08 14:10:59.795000,5.33,5.32,5.34,2204000.0
2018-01-08 14:11:03.613000,5.33,5.32,5.34,2204000.0
2018-01-08 14:11:08.957000,5.33,5.32,5.34,2204000.0
2018-01-08 14:11:13.208000,5.33,5.32,5.34,2204000.0
2018-01-08 14:11:17.470000,5.33,5.32,5.34,2204000.0
2018-01-08 14:11:21.227000,5.33,5.32,5.34,2204000.0
2018-01-08 14:11:24.239000,5.33,5.32,5.34,2204000.0
2018-01-08 14:11:27.532000,5.33,5.32,5.34,2204000.0
2018-01-08 14:11:30.883000,5.33,5.32,5.34,2204000.0
2018-01-08 14:11:34.628000,5.33,5.32,5.34,2204000.0
2018-01-08 14:11:37.562000,5.33,5.32,5.34,2204000.0
2018-01-08 14:11:41.561000,5.33,5.32,5.34,2204000.0
2018-01-08 14:11:46.691000,5.33,5.32,5.34,2204000.0
2018-01-08 14:11:50.307000,5.33,5.32,5.34,2204000.0
2018-01-08 14:11:53.818000,5.33,5.32,5.34,2204000.0
2018-01-08 14:11:57.298000,5.33,5.32,5.34,2204000.0
2018-01-08 14:12:01.170000,5.33,5.32,5.34,2204000.0
2018-01-08 14:12:04.749000,5.33,5.32,5.34,2204000.0
2018-01-08 14:12:09.660000,5.33,5.32,5.34,2204000.0
2018-01-08 14:12:15.278000,5.33,5.32,5.34,2204000.0
2018-01-08 14:12:18.978000,5.33,5.32,5.34,2204000.0
2018-01-08 14:12:22.681000,5.33,5.32,5.34,2204000.0
2018-01-08 14:12:26.019000,5.33,5.32,5.34,2204000.0
2018-01-08 14:12:29.236000,5.33,5.32,5.34,2204000.0
2018-01-08 14:12:32.613000,5.33,5.32,5.34,2204000.0
2018-01-08 14:12:36.060000,5.33,5.32,5.34,2204000.0
2018-01-08 14:12:39.899000,5.33,5.32,5.34,2204000.0
2018-01-08 14:12:43.682000,5.33,5.32,5.34,2204000.0
2018-01-08 14:12:46.958000,5.33,5.32,5.34,2204000.0
2018-01-08 14:12:50.986000,5.33,5.32,5.34,2204000.0
2018-01-08 14:12:55.118000,5.33,5.32,5.34,2204000.0
2018-01-08 14:12:58.840000,5.33,5.32,5.34,2204000.0
2018-01-08 14:13:02.472000,5.33,5.32,5.34,2204000.0
2018-01-08 14:13:06.723000,5.33,5.32,5.34,2204000.0
2018-01-08 14:13:10.666000,5.33,5.32,5.34,2204000.0
2018-01-08 14:13:14.742000,5.33,5.32,5.34,2204000.0
2018-01-08 14:13:18.926000,5.33,5.32,5.34,2204000.0
2018-01-08 14:13:22.522000,5.33,5.32,5.34,2204000.0
2018-01-08 14:13:26.183000,5.33,5.32,5.34,2204000.0
2018-01-08 14:13:30.090000,5.33,5.32,5.34,2204000.0
2018-01-08 14:13:33.973000,5.33,5.32,5.34,2204000.0
2018-01-08 14:13:37.881000,5.33,5.32,5.34,2204000.0
2018-01-08 14:13:41.122000,5.33,5.32,5.34,2204000.0
2018-01-08 14:13:44.720000,5.33,5.32,5.34,2204000.0
2018-01-08 14:13:47.988000,5.33,5.32,5.34,2204000.0
2018-01-08 14:13:51.929000,5.33,5.32,5.34,2204000.0
2018-01-08 14:13:55.822000,5.33,5.32,5.34,2204000.0
2018-01-08 14:13:59.698000,5.33,5.32,5.34,2204000.0
2018-01-08 14:14:03.273000,5.33,5.32,5.34,2204000.0
2018-01-08 14:14:06.964000,5.33,5.32,5.34,2204000.0
2018-01-08 14:14:10.072000,5.33,5.32,5.34,2204000.0
2018-01-08 14:14:13.789000,5.33,5.32,5.34,2204000.0
2018-01-08 14:14:20.125000,5.33,5.32,5.34,2204000.0
2018-01-08 14:14:23.819000,5.33,5.32,5.34,2204000.0
2018-01-08 14:14:27.475000,5.33,5.32,5.34,2204000.0
2018-01-08 14:14:31.582000,5.33,5.32,5.34,2204000.0
2018-01-08 14:14:35.402000,5.33,5.32,5.34,2204000.0
2018-01-08 14:14:39.061000,5.33,5.32,5.34,2204000.0
2018-01-08 14:14:42.838000,5.33,5.32,5.34,2204000.0
2018-01-08 14:14:46.999000,5.33,5.32,5.34,2204000.0
2018-01-08 14:14:50.397000,5.33,5.32,5.34,2204000.0
2018-01-08 14:14:54.052000,5.33,5.32,5.34,2204000.0
2018-01-08 14:14:57.991000,5.33,5.32,5.34,2204000.0
2018-01-08 14:15:01.229000,5.33,5.32,5.34,2204000.0
2018-01-08 14:15:04.494000,5.33,5.32,5.34,2204000.0
2018-01-08 14:15:08.209000,5.33,5.32,5.34,2204000.0
2018-01-08 14:15:14.337000,5.33,5.32,5.34,2204000.0
2018-01-08 14:15:20.635000,5.33,5.32,5.34,2204000.0
2018-01-08 14:15:24.558000,5.33,5.32,5.34,2204000.0
2018-01-08 14:15:27.725000,5.33,5.32,5.34,2204000.0
2018-01-08 14:15:31.314000,5.33,5.32,5.34,2204000.0
2018-01-08 14:15:34.825000,5.33,5.32,5.34,2204000.0
2018-01-08 14:15:38.495000,5.33,5.32,5.34,2204000.0
2018-01-08 14:15:42.273000,5.33,5.32,5.34,2204000.0
2018-01-08 14:15:45.052000,5.33,5.32,5.34,2204000.0
2018-01-08 14:15:48.957000,5.33,5.32,5.34,2204000.0
2018-01-08 14:15:52.789000,5.33,5.32,5.34,2204000.0
2018-01-08 14:15:56.668000,5.33,5.32,5.34,2204000.0
2018-01-08 14:16:00.264000,5.33,5.32,5.34,2204000.0
2018-01-08 14:16:03.148000,5.33,5.32,5.34,2204000.0
2018-01-08 14:16:07.042000,5.33,5.32,5.34,2204000.0
2018-01-08 14:16:11.105000,5.33,5.32,5.34,2204000.0
2018-01-08 14:16:14.554000,5.33,5.32,5.34,2204000.0
2018-01-08 14:16:19.949000,5.33,5.32,5.33,2212900.0
2018-01-08 14:16:23.448000,5.33,5.32,5.33,2212900.0
2018-01-08 14:16:27.007000,5.33,5.32,5.33,2212900.0
2018-01-08 14:16:30.875000,5.33,5.32,5.33,2212900.0
2018-01-08 14:16:34.972000,5.33,5.32,5.33,2212900.0
2018-01-08 14:16:38.322000,5.33,5.32,5.33,2212900.0
2018-01-08 14:16:42.232000,5.33,5.32,5.33,2212900.0
2018-01-08 14:16:45.653000,5.33,5.32,5.33,2212900.0
2018-01-08 14:16:49.573000,5.33,5.32,5.33,2212900.0
2018-01-08 14:16:53.575000,5.33,5.32,5.33,2212900.0
2018-01-08 14:16:57.145000,5.33,5.32,5.33,2212900.0
2018-01-08 14:17:01.117000,5.33,5.32,5.33,2212900.0
2018-01-08 14:17:04.778000,5.33,5.32,5.33,2212900.0
2018-01-08 14:17:12.238000,5.33,5.32,5.34,2212900.0
2018-01-08 14:17:15.718000,5.33,5.32,5.34,2212900.0
2018-01-08 14:17:18.981000,5.33,5.32,5.34,2212900.0
2018-01-08 14:17:22.120000,5.33,5.32,5.34,2212900.0
2018-01-08 14:17:25.703000,5.33,5.32,5.34,2212900.0
2018-01-08 14:17:29.160000,5.33,5.32,5.34,2212900.0
2018-01-08 14:17:33.842000,5.33,5.32,5.34,2212900.0
2018-01-08 14:17:37.807000,5.33,5.32,5.34,2212900.0
2018-01-08 14:17:40.764000,5.33,5.32,5.34,2212900.0
2018-01-08 14:17:44.869000,5.33,5.32,5.34,2212900.0
2018-01-08 14:17:48.417000,5.33,5.32,5.34,2212900.0
2018-01-08 14:17:51.920000,5.33,5.32,5.34,2212900.0
2018-01-08 14:17:55.522000,5.33,5.32,5.34,2212900.0
2018-01-08 14:17:59.293000,5.33,5.32,5.34,2212900.0
2018-01-08 14:18:07.271000,5.33,5.32,5.34,2212900.0
2018-01-08 14:18:11.029000,5.33,5.32,5.34,2212900.0
2018-01-08 14:18:17.669000,5.33,5.32,5.34,2212900.0
2018-01-08 14:18:21.519000,5.33,5.32,5.34,2212900.0
2018-01-08 14:18:24.293000,5.33,5.32,5.34,2212900.0
2018-01-08 14:18:28.076000,5.33,5.32,5.34,2212900.0
2018-01-08 14:18:31.908000,5.33,5.32,5.34,2212900.0
2018-01-08 14:18:35.231000,5.33,5.32,5.34,2212900.0
2018-01-08 14:18:38.812000,5.33,5.32,5.34,2212900.0
2018-01-08 14:18:42.035000,5.33,5.32,5.34,2212900.0
2018-01-08 14:18:46.064000,5.33,5.32,5.34,2212900.0
2018-01-08 14:18:49.703000,5.33,5.32,5.34,2212900.0
2018-01-08 14:18:53.309000,5.33,5.32,5.34,2212900.0
2018-01-08 14:18:56.819000,5.33,5.32,5.34,2212900.0
2018-01-08 14:19:00.564000,5.33,5.32,5.34,2212900.0
2018-01-08 14:19:03.909000,5.33,5.32,5.34,2212900.0
2018-01-08 14:19:09.562000,5.33,5.32,5.34,2212900.0
2018-01-08 14:19:16.680000,5.33,5.32,5.34,2212900.0
2018-01-08 14:19:20.877000,5.33,5.32,5.34,2212900.0
2018-01-08 14:19:24.744000,5.33,5.32,5.34,2212900.0
2018-01-08 14:19:28.578000,5.33,5.32,5.34,2212900.0
2018-01-08 14:19:32.016000,5.33,5.32,5.34,2212900.0
2018-01-08 14:19:35.248000,5.33,5.32,5.34,2212900.0
2018-01-08 14:19:38.930000,5.33,5.32,5.34,2212900.0
2018-01-08 14:19:42.562000,5.33,5.32,5.34,2212900.0
2018-01-08 14:19:46.599000,5.33,5.32,5.34,2212900.0
2018-01-08 14:19:50.235000,5.33,5.32,5.34,2212900.0
2018-01-08 14:19:53.747000,5.33,5.32,5.34,2212900.0
2018-01-08 14:19:57.284000,5.33,5.32,5.34,2212900.0
2018-01-08 14:20:00.888000,5.33,5.32,5.34,2212900.0
2018-01-08 14:20:08.487000,5.33,5.32,5.33,2217900.0
2018-01-08 14:20:12.249000,5.33,5.32,5.33,2217900.0
2018-01-08 14:20:16.051000,5.33,5.32,5.33,2217900.0
2018-01-08 14:20:20.173000,5.33,5.32,5.33,2217900.0
2018-01-08 14:20:23.531000,5.33,5.32,5.33,2217900.0
2018-01-08 14:20:27.702000,5.33,5.32,5.33,2217900.0
2018-01-08 14:20:31.052000,5.33,5.32,5.33,2217900.0
2018-01-08 14:20:34.486000,5.33,5.32,5.33,2217900.0
2018-01-08 14:20:38.141000,5.33,5.32,5.33,2217900.0
2018-01-08 14:20:42.031000,5.33,5.32,5.33,2217900.0
2018-01-08 14:20:45.903000,5.33,5.32,5.33,2217900.0
2018-01-08 14:20:49.722000,5.33,5.32,5.33,2217900.0
2018-01-08 14:20:52.720000,5.33,5.32,5.33,2217900.0
2018-01-08 14:20:56.483000,5.33,5.32,5.33,2217900.0
2018-01-08 14:20:59.722000,5.33,5.32,5.34,2217900.0
2018-01-08 14:21:08.562000,5.33,5.32,5.34,2217900.0
2018-01-08 14:21:12.681000,5.33,5.32,5.34,2217900.0
2018-01-08 14:21:16.521000,5.33,5.32,5.34,2217900.0
2018-01-08 14:21:19.733000,5.33,5.32,5.34,2217900.0
2018-01-08 14:21:23.313000,5.33,5.32,5.34,2217900.0
2018-01-08 14:21:27.167000,5.33,5.32,5.34,2217900.0
2018-01-08 14:21:30.350000,5.33,5.32,5.34,2217900.0
2018-01-08 14:21:33.829000,5.33,5.32,5.34,2217900.0
2018-01-08 14:21:37.267000,5.33,5.32,5.34,2232900.0
2018-01-08 14:21:40.099000,5.33,5.32,5.34,2232900.0
2018-01-08 14:21:43.756000,5.33,5.32,5.34,2232900.0
2018-01-08 14:21:47.221000,5.33,5.32,5.34,2232900.0
2018-01-08 14:21:50.738000,5.33,5.32,5.34,2232900.0
2018-01-08 14:21:53.516000,5.33,5.32,5.34,2232900.0
2018-01-08 14:21:57.364000,5.33,5.32,5.34,2232900.0
2018-01-08 14:22:01.317000,5.33,5.32,5.34,2232900.0
2018-01-08 14:22:04.721000,5.33,5.32,5.34,2232900.0
2018-01-08 14:22:12.225000,5.33,5.32,5.34,2232900.0
2018-01-08 14:22:15.833000,5.33,5.32,5.34,2232900.0
2018-01-08 14:22:19.736000,5.33,5.32,5.34,2232900.0
2018-01-08 14:22:23.581000,5.33,5.32,5.34,2232900.0
2018-01-08 14:22:26.972000,5.33,5.32,5.34,2232900.0
2018-01-08 14:22:30.335000,5.33,5.32,5.34,2232900.0
2018-01-08 14:22:34.426000,5.33,5.32,5.34,2232900.0
2018-01-08 14:22:38.316000,5.33,5.32,5.34,2232900.0
2018-01-08 14:22:41.076000,5.33,5.32,5.34,2232900.0
2018-01-08 14:22:44.814000,5.33,5.32,5.34,2232900.0
2018-01-08 14:22:48.066000,5.33,5.32,5.34,2232900.0
2018-01-08 14:22:52.086000,5.33,5.32,5.34,2232900.0
2018-01-08 14:22:55.922000,5.33,5.32,5.34,2232900.0
2018-01-08 14:22:59.855000,5.33,5.32,5.34,2232900.0
2018-01-08 14:23:03.913000,5.33,5.32,5.34,2232900.0
2018-01-08 14:23:11.055000,5.33,5.32,5.34,2232900.0
2018-01-08 14:23:14.959000,5.33,5.32,5.34,2232900.0
2018-01-08 14:23:18.410000,5.33,5.32,5.34,2232900.0
2018-01-08 14:23:21.722000,5.33,5.32,5.34,2232900.0
2018-01-08 14:23:25.580000,5.33,5.32,5.34,2232900.0
2018-01-08 14:23:29.607000,5.33,5.32,5.34,2232900.0
2018-01-08 14:23:33.628000,5.33,5.32,5.34,2232900.0
2018-01-08 14:23:37.115000,5.33,5.32,5.34,2232900.0
2018-01-08 14:23:41.054000,5.33,5.32,5.34,2232900.0
2018-01-08 14:23:45.274000,5.33,5.32,5.34,2232900.0
2018-01-08 14:23:49.146000,5.33,5.32,5.34,2232900.0
2018-01-08 14:23:53.286000,5.33,5.32,5.34,2232900.0
2018-01-08 14:23:56.727000,5.33,5.32,5.34,2232900.0
2018-01-08 14:23:59.910000,5.33,5.32,5.34,2232900.0
2018-01-08 14:24:07.573000,5.33,5.32,5.34,2232900.0
2018-01-08 14:24:11.448000,5.33,5.32,5.34,2232900.0
2018-01-08 14:24:17.097000,5.33,5.32,5.34,2232900.0
2018-01-08 14:24:20.431000,5.33,5.32,5.34,2232900.0
2018-01-08 14:24:23.943000,5.33,5.32,5.34,2232900.0
2018-01-08 14:24:27.140000,5.33,5.32,5.34,2232900.0
2018-01-08 14:24:30.870000,5.33,5.32,5.34,2232900.0
2018-01-08 14:24:34.869000,5.33,5.32,5.34,2232900.0
2018-01-08 14:24:38.224000,5.33,5.32,5.34,2232900.0
2018-01-08 14:24:41.542000,5.33,5.32,5.34,2232900.0
2018-01-08 14:24:45.336000,5.33,5.32,5.34,2232900.0
2018-01-08 14:24:48.397000,5.33,5.32,5.34,2232900.0
2018-01-08 14:24:51.673000,5.33,5.32,5.34,2232900.0
2018-01-08 14:24:55.539000,5.33,5.32,5.34,2232900.0
2018-01-08 14:24:59.402000,5.33,5.32,5.34,2232900.0
2018-01-08 14:25:02.825000,5.33,5.32,5.34,2232900.0
2018-01-08 14:25:05.917000,5.33,5.32,5.34,2232900.0
2018-01-08 14:25:14.989000,5.33,5.32,5.34,2232900.0
2018-01-08 14:25:18.913000,5.33,5.32,5.34,2232900.0
2018-01-08 14:25:22.323000,5.33,5.32,5.34,2232900.0
2018-01-08 14:25:26.137000,5.33,5.32,5.34,2232900.0
2018-01-08 14:25:29.616000,5.33,5.32,5.34,2232900.0
2018-01-08 14:25:32.821000,5.33,5.32,5.34,2232900.0
2018-01-08 14:25:36.997000,5.33,5.32,5.34,2232900.0
2018-01-08 14:25:40.945000,5.33,5.32,5.34,2232900.0
2018-01-08 14:25:44.277000,5.33,5.32,5.34,2232900.0
2018-01-08 14:25:47.967000,5.33,5.32,5.34,2232900.0
2018-01-08 14:25:51.496000,5.33,5.32,5.34,2232900.0
2018-01-08 14:25:55.072000,5.33,5.32,5.34,2232900.0
2018-01-08 14:25:58.304000,5.33,5.32,5.34,2232900.0
2018-01-08 14:26:01.886000,5.33,5.32,5.34,2232900.0
2018-01-08 14:26:05.406000,5.33,5.32,5.34,2232900.0
2018-01-08 14:26:09.134000,5.33,5.32,5.34,2232900.0
2018-01-08 14:26:12.987000,5.33,5.32,5.34,2232900.0
2018-01-08 14:26:16.819000,5.33,5.32,5.34,2232900.0
2018-01-08 14:26:20.385000,5.33,5.32,5.34,2232900.0
2018-01-08 14:26:24.199000,5.33,5.32,5.33,2232900.0
2018-01-08 14:26:28.006000,5.33,5.32,5.33,2232900.0
2018-01-08 14:26:31.450000,5.33,5.32,5.33,2232900.0
2018-01-08 14:26:35.260000,5.33,5.32,5.33,2232900.0
2018-01-08 14:26:39.291000,5.33,5.32,5.33,2232900.0
2018-01-08 14:26:43.114000,5.33,5.32,5.33,2232900.0
2018-01-08 14:26:46.544000,5.33,5.32,5.33,2232900.0
2018-01-08 14:26:50.012000,5.33,5.32,5.33,2232900.0
2018-01-08 14:26:53.873000,5.33,5.32,5.33,2232900.0
2018-01-08 14:26:57.458000,5.33,5.32,5.33,2232900.0
2018-01-08 14:27:01.341000,5.33,5.32,5.33,2232900.0
2018-01-08 14:27:05.074000,5.33,5.32,5.33,2232900.0
2018-01-08 14:27:08.650000,5.33,5.32,5.33,2232900.0
2018-01-08 14:27:14.213000,5.33,5.32,5.33,2232900.0
2018-01-08 14:27:17.870000,5.33,5.32,5.33,2232900.0
2018-01-08 14:27:21.997000,5.33,5.32,5.33,2232900.0
2018-01-08 14:27:25.802000,5.33,5.32,5.33,2232900.0
2018-01-08 14:27:28.864000,5.33,5.32,5.33,2232900.0
2018-01-08 14:27:32.667000,5.33,5.32,5.33,2232900.0
2018-01-08 14:27:36.464000,5.33,5.32,5.33,2232900.0
2018-01-08 14:27:40.219000,5.33,5.32,5.33,2232900.0
2018-01-08 14:27:43.854000,5.33,5.32,5.33,2232900.0
2018-01-08 14:27:47.730000,5.33,5.32,5.33,2232900.0
2018-01-08 14:27:51.695000,5.33,5.32,5.33,2232900.0
2018-01-08 14:27:55.270000,5.33,5.32,5.33,2232900.0
2018-01-08 14:27:58.575000,5.33,5.32,5.33,2232900.0
2018-01-08 14:28:02.253000,5.33,5.32,5.33,2232900.0
2018-01-08 14:28:05.468000,5.33,5.32,5.33,2232900.0
2018-01-08 14:28:09.121000,5.33,5.32,5.33,2232900.0
2018-01-08 14:28:12.640000,5.33,5.32,5.33,2232900.0
2018-01-08 14:28:17.187000,5.33,5.32,5.33,2232900.0
2018-01-08 14:28:20.235000,5.33,5.32,5.33,2232900.0
2018-01-08 14:28:24.106000,5.33,5.32,5.33,2232900.0
2018-01-08 14:28:27.798000,5.33,5.32,5.33,2232900.0
2018-01-08 14:28:31.013000,5.33,5.32,5.34,2232900.0
2018-01-08 14:28:34.544000,5.33,5.32,5.34,2232900.0
2018-01-08 14:28:38.747000,5.33,5.32,5.34,2232900.0
2018-01-08 14:28:42.243000,5.33,5.32,5.34,2232900.0
2018-01-08 14:28:45.435000,5.33,5.32,5.34,2232900.0
2018-01-08 14:28:49.530000,5.33,5.32,5.34,2232900.0
2018-01-08 14:28:53.544000,5.33,5.32,5.34,2232900.0
2018-01-08 14:28:57.091000,5.33,5.32,5.34,2232900.0
2018-01-08 14:29:00.143000,5.33,5.32,5.34,2232900.0
2018-01-08 14:29:05.844000,5.33,5.32,5.34,2232900.0
2018-01-08 14:29:09.575000,5.33,5.32,5.34,2232900.0
2018-01-08 14:29:13.279000,5.33,5.32,5.34,2232900.0
2018-01-08 14:29:17.008000,5.33,5.32,5.34,2232900.0
2018-01-08 14:29:21.190000,5.33,5.32,5.34,2232900.0
2018-01-08 14:29:25.247000,5.33,5.32,5.34,2232900.0
2018-01-08 14:29:29.188000,5.33,5.32,5.34,2232900.0
2018-01-08 14:29:32.496000,5.33,5.32,5.34,2232900.0
2018-01-08 14:29:35.944000,5.33,5.32,5.34,2232900.0
2018-01-08 14:29:39.702000,5.33,5.32,5.34,2232900.0
2018-01-08 14:29:43.576000,5.33,5.32,5.34,2232900.0
2018-01-08 14:29:47.627000,5.33,5.32,5.34,2232900.0
2018-01-08 14:29:51.314000,5.33,5.32,5.34,2232900.0
2018-01-08 14:30:06.259000,5.33,5.32,5.34,2232900.0
2018-01-08 14:30:12.917000,5.33,5.32,5.34,2232900.0
2018-01-08 14:30:17.018000,5.33,5.32,5.34,2232900.0
2018-01-08 14:30:21.595000,5.33,5.32,5.34,2232900.0
2018-01-08 14:30:26.438000,5.33,5.32,5.34,2232900.0
2018-01-08 14:30:30.383000,5.33,5.32,5.34,2232900.0
2018-01-08 14:30:34.280000,5.33,5.32,5.34,2232900.0
2018-01-08 14:30:37.750000,5.33,5.32,5.34,2232900.0
2018-01-08 14:30:40.760000,5.33,5.32,5.34,2232900.0
2018-01-08 14:30:45.346000,5.33,5.32,5.34,2232900.0
2018-01-08 14:30:48.941000,5.33,5.32,5.34,2232900.0
2018-01-08 14:30:53.085000,5.33,5.32,5.34,2232900.0
2018-01-08 14:30:58.021000,5.33,5.32,5.34,2232900.0
2018-01-08 14:31:01.504000,5.33,5.32,5.34,2232900.0
2018-01-08 14:31:05.270000,5.33,5.32,5.34,2232900.0
2018-01-08 14:31:10.505000,5.33,5.32,5.34,2232900.0
2018-01-08 14:31:14.421000,5.33,5.32,5.34,2232900.0
2018-01-08 14:31:21.523000,5.33,5.32,5.34,2232900.0
2018-01-08 14:31:25.394000,5.33,5.32,5.34,2232900.0
2018-01-08 14:31:29.206000,5.33,5.32,5.34,2232900.0
2018-01-08 14:31:32.678000,5.33,5.32,5.34,2232900.0
2018-01-08 14:31:35.972000,5.33,5.32,5.34,2232900.0
2018-01-08 14:31:39.974000,5.33,5.32,5.34,2232900.0
2018-01-08 14:31:44.267000,5.33,5.32,5.34,2232900.0
2018-01-08 14:31:48.753000,5.33,5.32,5.34,2232900.0
2018-01-08 14:31:52.349000,5.33,5.32,5.34,2232900.0
2018-01-08 14:31:56.100000,5.33,5.32,5.34,2232900.0
2018-01-08 14:31:59.584000,5.33,5.32,5.34,2232900.0
2018-01-08 14:32:03.212000,5.33,5.32,5.34,2232900.0
2018-01-08 14:32:07.234000,5.33,5.32,5.34,2232900.0
2018-01-08 14:32:10.864000,5.33,5.32,5.34,2232900.0
2018-01-08 14:32:14.845000,5.33,5.32,5.34,2232900.0
2018-01-08 14:32:19.898000,5.33,5.32,5.34,2232900.0
2018-01-08 14:32:23.617000,5.33,5.32,5.34,2232900.0
2018-01-08 14:32:26.677000,5.33,5.32,5.34,2232900.0
2018-01-08 14:32:31.009000,5.33,5.32,5.34,2232900.0
2018-01-08 14:32:34.528000,5.33,5.32,5.34,2232900.0
2018-01-08 14:32:39.018000,5.33,5.32,5.34,2232900.0
2018-01-08 14:32:42.352000,5.33,5.32,5.34,2232900.0
2018-01-08 14:32:46.346000,5.33,5.32,5.34,2232900.0
2018-01-08 14:32:50.223000,5.33,5.32,5.34,2232900.0
2018-01-08 14:32:54.272000,5.33,5.32,5.34,2232900.0
2018-01-08 14:32:57.755000,5.33,5.32,5.34,2232900.0
2018-01-08 14:33:01.662000,5.33,5.32,5.34,2232900.0
2018-01-08 14:33:05.221000,5.33,5.32,5.34,2232900.0
2018-01-08 14:33:12.670000,5.33,5.32,5.34,2232900.0
2018-01-08 14:33:17.433000,5.33,5.32,5.34,2232900.0
2018-01-08 14:33:21.194000,5.33,5.32,5.34,2232900.0
2018-01-08 14:33:24.919000,5.33,5.32,5.34,2232900.0
2018-01-08 14:33:28.878000,5.33,5.32,5.34,2232900.0
2018-01-08 14:33:32.790000,5.33,5.32,5.34,2232900.0
2018-01-08 14:33:36.056000,5.33,5.32,5.34,2232900.0
2018-01-08 14:33:39.522000,5.33,5.32,5.34,2232900.0
2018-01-08 14:33:43.291000,5.33,5.32,5.34,2232900.0
2018-01-08 14:33:47.336000,5.33,5.32,5.34,2232900.0
2018-01-08 14:33:50.804000,5.33,5.32,5.34,2232900.0
2018-01-08 14:33:54.863000,5.33,5.32,5.34,2232900.0
2018-01-08 14:33:58.638000,5.33,5.32,5.34,2232900.0
2018-01-08 14:34:02.343000,5.33,5.32,5.34,2232900.0
2018-01-08 14:34:12.457000,5.33,5.32,5.34,2232900.0
2018-01-08 14:34:17.265000,5.33,5.32,5.34,2232900.0
2018-01-08 14:34:20.614000,5.33,5.32,5.34,2232900.0
2018-01-08 14:34:24.568000,5.33,5.32,5.34,2232900.0
2018-01-08 14:34:28.639000,5.33,5.32,5.34,2232900.0
2018-01-08 14:34:32.059000,5.33,5.32,5.34,2232900.0
2018-01-08 14:34:35.937000,5.33,5.32,5.34,2232900.0
2018-01-08 14:34:39.442000,5.33,5.32,5.34,2232900.0
2018-01-08 14:34:43.308000,5.33,5.32,5.34,2232900.0
2018-01-08 14:34:46.852000,5.33,5.32,5.34,2232900.0
2018-01-08 14:34:50.744000,5.33,5.32,5.34,2232900.0
2018-01-08 14:34:54.351000,5.33,5.32,5.34,2232900.0
2018-01-08 14:34:58.076000,5.33,5.32,5.34,2232900.0
2018-01-08 14:35:01.619000,5.33,5.32,5.34,2232900.0
2018-01-08 14:35:06.197000,5.33,5.32,5.34,2232900.0
2018-01-08 14:35:12.773000,5.33,5.32,5.34,2232900.0
2018-01-08 14:35:16.490000,5.33,5.32,5.34,2232900.0
2018-01-08 14:35:20.366000,5.33,5.32,5.34,2232900.0
2018-01-08 14:35:24.117000,5.33,5.32,5.34,2232900.0
2018-01-08 14:35:27.528000,5.33,5.32,5.34,2232900.0
2018-01-08 14:35:31.638000,5.33,5.32,5.34,2232900.0
2018-01-08 14:35:35.087000,5.33,5.32,5.34,2232900.0
2018-01-08 14:35:38.753000,5.33,5.32,5.34,2232900.0
2018-01-08 14:35:42.279000,5.33,5.32,5.34,2232900.0
2018-01-08 14:35:46.308000,5.33,5.33,5.34,2232900.0
2018-01-08 14:35:50.305000,5.33,5.33,5.34,2232900.0
2018-01-08 14:35:53.885000,5.33,5.33,5.34,2232900.0
2018-01-08 14:35:57.527000,5.33,5.33,5.34,2232900.0
2018-01-08 14:36:01.166000,5.33,5.33,5.34,2232900.0
2018-01-08 14:36:04.868000,5.33,5.33,5.34,2232900.0
2018-01-08 14:36:09.337000,5.33,5.33,5.34,2232900.0
2018-01-08 14:36:13.169000,5.33,5.33,5.34,2232900.0
2018-01-08 14:36:16.697000,5.33,5.33,5.34,2232900.0
2018-01-08 14:36:20.400000,5.33,5.33,5.34,2232900.0
2018-01-08 14:36:24.540000,5.33,5.33,5.34,2232900.0
2018-01-08 14:36:28.516000,5.33,5.33,5.34,2232900.0
2018-01-08 14:36:31.881000,5.33,5.33,5.34,2232900.0
2018-01-08 14:36:35.496000,5.33,5.33,5.34,2232900.0
2018-01-08 14:36:39.246000,5.33,5.33,5.34,2232900.0
2018-01-08 14:36:41.943000,5.33,5.33,5.34,2232900.0
2018-01-08 14:36:45.782000,5.33,5.33,5.34,2232900.0
2018-01-08 14:36:49.165000,5.33,5.33,5.34,2232900.0
2018-01-08 14:36:52.172000,5.33,5.33,5.34,2232900.0
2018-01-08 14:36:56.084000,5.33,5.33,5.34,2262900.0
2018-01-08 14:36:59.730000,5.33,5.33,5.34,2262900.0
2018-01-08 14:37:04.014000,5.33,5.33,5.34,2262900.0
2018-01-08 14:37:11.125000,5.33,5.33,5.34,2262900.0
2018-01-08 14:37:14.805000,5.33,5.33,5.34,2262900.0
2018-01-08 14:37:20.857000,5.33,5.33,5.34,2262900.0
2018-01-08 14:37:24.479000,5.33,5.33,5.34,2262900.0
2018-01-08 14:37:28.451000,5.33,5.33,5.34,2262900.0
2018-01-08 14:37:32.414000,5.33,5.33,5.34,2262900.0
2018-01-08 14:37:36.621000,5.33,5.33,5.34,2262900.0
2018-01-08 14:37:40.134000,5.33,5.33,5.34,2262900.0
2018-01-08 14:37:43.688000,5.33,5.33,5.34,2262900.0
2018-01-08 14:37:47.632000,5.33,5.32,5.34,2262900.0
2018-01-08 14:37:51.728000,5.33,5.32,5.34,2262900.0
2018-01-08 14:37:55.576000,5.33,5.32,5.34,2262900.0
2018-01-08 14:37:59.511000,5.33,5.32,5.34,2262900.0
2018-01-08 14:38:04.013000,5.33,5.32,5.34,2262900.0
2018-01-08 14:38:07.981000,5.33,5.32,5.34,2262900.0
2018-01-08 14:38:17.656000,5.33,5.32,5.34,2262900.0
2018-01-08 14:38:20.734000,5.33,5.32,5.34,2262900.0
2018-01-08 14:38:24.652000,5.33,5.32,5.34,2262900.0
2018-01-08 14:38:28.317000,5.33,5.32,5.34,2262900.0
2018-01-08 14:38:31.844000,5.33,5.32,5.34,2262900.0
2018-01-08 14:38:35.544000,5.33,5.32,5.34,2262900.0
2018-01-08 14:38:39.091000,5.33,5.32,5.34,2262900.0
2018-01-08 14:38:43.168000,5.33,5.32,5.34,2262900.0
2018-01-08 14:38:46.875000,5.33,5.32,5.34,2262900.0
2018-01-08 14:38:50.827000,5.33,5.32,5.34,2262900.0
2018-01-08 14:38:54.088000,5.33,5.32,5.34,2262900.0
2018-01-08 14:38:57.657000,5.33,5.32,5.34,2262900.0
2018-01-08 14:39:00.899000,5.33,5.32,5.34,2262900.0
2018-01-08 14:39:04.873000,5.33,5.32,5.34,2262900.0
2018-01-08 14:39:08.155000,5.33,5.32,5.34,2262900.0
2018-01-08 14:39:11.758000,5.33,5.32,5.34,2262900.0
2018-01-08 14:39:15.170000,5.33,5.32,5.34,2262900.0
2018-01-08 14:39:18.564000,5.33,5.32,5.34,2262900.0
2018-01-08 14:39:22.442000,5.33,5.32,5.34,2262900.0
2018-01-08 14:39:26.453000,5.33,5.32,5.34,2262900.0
2018-01-08 14:39:30.311000,5.33,5.32,5.34,2262900.0
2018-01-08 14:39:33.396000,5.33,5.32,5.34,2262900.0
2018-01-08 14:39:37.357000,5.33,5.32,5.34,2262900.0
2018-01-08 14:39:40.389000,5.33,5.32,5.34,2262900.0
2018-01-08 14:39:43.911000,5.33,5.32,5.34,2262900.0
2018-01-08 14:39:47.402000,5.33,5.32,5.34,2262900.0
2018-01-08 14:39:51.122000,5.33,5.32,5.34,2262900.0
2018-01-08 14:39:54.235000,5.33,5.32,5.34,2262900.0
2018-01-08 14:39:57.838000,5.33,5.32,5.34,2262900.0
2018-01-08 14:40:01.501000,5.33,5.32,5.34,2262900.0
2018-01-08 14:40:06.206000,5.33,5.32,5.34,2262900.0
2018-01-08 14:40:12.268000,5.33,5.32,5.34,2262900.0
2018-01-08 14:40:16.264000,5.33,5.32,5.34,2262900.0
2018-01-08 14:40:21.221000,5.33,5.32,5.34,2262900.0
2018-01-08 14:40:25.628000,5.33,5.32,5.34,2262900.0
2018-01-08 14:40:29.877000,5.33,5.32,5.34,2262900.0
2018-01-08 14:40:33.493000,5.33,5.32,5.34,2262900.0
2018-01-08 14:40:37.491000,5.33,5.32,5.34,2262900.0
2018-01-08 14:40:41.655000,5.33,5.32,5.34,2262900.0
2018-01-08 14:40:44.609000,5.33,5.32,5.34,2262900.0
2018-01-08 14:40:47.834000,5.33,5.32,5.34,2262900.0
2018-01-08 14:40:50.787000,5.33,5.32,5.34,2262900.0
2018-01-08 14:40:54.515000,5.33,5.32,5.34,2262900.0
2018-01-08 14:40:57.435000,5.33,5.32,5.34,2262900.0
2018-01-08 14:41:01.228000,5.33,5.32,5.34,2262900.0
2018-01-08 14:41:04.594000,5.33,5.32,5.34,2262900.0
2018-01-08 14:41:11.793000,5.33,5.32,5.34,2262900.0
2018-01-08 14:41:15.614000,5.33,5.32,5.34,2262900.0
2018-01-08 14:41:19.721000,5.33,5.32,5.34,2262900.0
2018-01-08 14:41:23.695000,5.33,5.32,5.34,2262900.0
2018-01-08 14:41:29.193000,5.33,5.32,5.34,2262900.0
2018-01-08 14:41:34.378000,5.33,5.32,5.34,2262900.0
2018-01-08 14:41:47.006000,5.33,5.32,5.34,2262900.0
2018-01-08 14:41:57.443000,5.33,5.32,5.34,2262900.0
2018-01-08 14:42:10.769000,5.33,5.32,5.34,2262900.0
2018-01-08 14:42:16.162000,5.33,5.33,5.34,2262900.0
2018-01-08 14:42:20.316000,5.33,5.33,5.34,2262900.0
2018-01-08 14:42:25.642000,5.33,5.33,5.34,2262900.0
2018-01-08 14:42:29.909000,5.33,5.33,5.34,2262900.0
2018-01-08 14:42:33.890000,5.33,5.33,5.34,2262900.0
2018-01-08 14:42:36.706000,5.33,5.33,5.34,2262900.0
2018-01-08 14:42:40.540000,5.33,5.33,5.34,2262900.0
2018-01-08 14:42:44.050000,5.33,5.33,5.34,2262900.0
2018-01-08 14:42:47.989000,5.33,5.33,5.34,2262900.0
2018-01-08 14:42:51.785000,5.33,5.33,5.34,2262900.0
2018-01-08 14:42:55.334000,5.33,5.33,5.34,2262900.0
2018-01-08 14:42:58.868000,5.33,5.33,5.34,2262900.0
2018-01-08 14:43:02.679000,5.33,5.33,5.34,2262900.0
2018-01-08 14:43:06.393000,5.33,5.33,5.34,2262900.0
2018-01-08 14:43:11.550000,5.33,5.33,5.34,2262900.0
2018-01-08 14:43:15.358000,5.33,5.33,5.34,2262900.0
2018-01-08 14:43:19.224000,5.33,5.33,5.34,2262900.0
2018-01-08 14:43:22.914000,5.33,5.33,5.34,2262900.0
2018-01-08 14:43:26.121000,5.33,5.33,5.34,2262900.0
2018-01-08 14:43:30.050000,5.33,5.33,5.34,2262900.0
2018-01-08 14:43:34.319000,5.33,5.33,5.34,2262900.0
2018-01-08 14:43:38.600000,5.33,5.33,5.34,2262900.0
2018-01-08 14:43:42.438000,5.33,5.33,5.34,2262900.0
2018-01-08 14:43:45.741000,5.33,5.33,5.34,2262900.0
2018-01-08 14:43:49.520000,5.33,5.33,5.34,2262900.0
2018-01-08 14:43:53.523000,5.33,5.33,5.34,2262900.0
2018-01-08 14:43:57.515000,5.33,5.33,5.34,2262900.0
2018-01-08 14:44:01.136000,5.33,5.33,5.34,2262900.0
2018-01-08 14:44:04.790000,5.33,5.33,5.34,2262900.0
2018-01-08 14:44:08.232000,5.33,5.33,5.34,2262900.0
2018-01-08 14:44:11.655000,5.33,5.33,5.34,2262900.0
2018-01-08 14:44:15.400000,5.33,5.33,5.34,2262900.0
2018-01-08 14:44:19.593000,5.33,5.33,5.34,2262900.0
2018-01-08 14:44:23.307000,5.33,5.33,5.34,2262900.0
2018-01-08 14:44:26.976000,5.33,5.33,5.34,2262900.0
2018-01-08 14:44:31.291000,5.33,5.33,5.34,2262900.0
2018-01-08 14:44:34.802000,5.33,5.33,5.34,2262900.0
2018-01-08 14:44:38.195000,5.33,5.33,5.34,2262900.0
2018-01-08 14:44:41.665000,5.33,5.33,5.34,2262900.0
2018-01-08 14:44:45.020000,5.33,5.33,5.34,2262900.0
2018-01-08 14:44:49.040000,5.33,5.33,5.34,2262900.0
2018-01-08 14:44:53.054000,5.33,5.33,5.34,2262900.0
2018-01-08 14:44:55.949000,5.33,5.33,5.34,2262900.0
2018-01-08 14:44:59.193000,5.33,5.33,5.34,2262900.0
2018-01-08 14:45:03.319000,5.34,5.33,5.34,2263900.0
2018-01-08 14:45:06.638000,5.34,5.33,5.34,2263900.0
2018-01-08 14:45:10.772000,5.34,5.33,5.34,2263900.0
2018-01-08 14:45:13.920000,5.34,5.33,5.34,2263900.0
2018-01-08 14:45:17.531000,5.34,5.33,5.34,2263900.0
2018-01-08 14:45:21.182000,5.34,5.33,5.34,2263900.0
2018-01-08 14:45:27.008000,5.34,5.33,5.34,2263900.0
2018-01-08 14:45:31.116000,5.34,5.33,5.34,2263900.0
2018-01-08 14:45:34.964000,5.34,5.33,5.34,2263900.0
2018-01-08 14:45:38.961000,5.34,5.33,5.34,2263900.0
2018-01-08 14:45:42.775000,5.34,5.33,5.34,2263900.0
2018-01-08 14:45:46.709000,5.34,5.33,5.34,2263900.0
2018-01-08 14:45:50.195000,5.34,5.33,5.34,2263900.0
2018-01-08 14:45:53.369000,5.34,5.33,5.34,2263900.0
2018-01-08 14:45:56.679000,5.34,5.33,5.34,2263900.0
2018-01-08 14:46:00.165000,5.34,5.33,5.34,2263900.0
2018-01-08 14:46:04.044000,5.34,5.33,5.34,2263900.0
2018-01-08 14:46:12.213000,5.34,5.33,5.34,2263900.0
2018-01-08 14:46:18.029000,5.34,5.33,5.34,2263900.0
2018-01-08 14:46:21.875000,5.34,5.33,5.34,2263900.0
2018-01-08 14:46:25.304000,5.34,5.33,5.34,2263900.0
2018-01-08 14:46:28.839000,5.34,5.33,5.34,2263900.0
2018-01-08 14:46:32.595000,5.34,5.33,5.34,2263900.0
2018-01-08 14:46:36.367000,5.34,5.32,5.34,2263900.0
2018-01-08 14:46:39.696000,5.34,5.32,5.34,2263900.0
2018-01-08 14:46:43.567000,5.34,5.32,5.34,2263900.0
2018-01-08 14:46:47.274000,5.34,5.32,5.34,2263900.0
2018-01-08 14:46:50.809000,5.34,5.32,5.34,2263900.0
2018-01-08 14:46:54.565000,5.34,5.32,5.34,2263900.0
2018-01-08 14:46:58.338000,5.34,5.32,5.34,2263900.0
2018-01-08 14:47:02.037000,5.34,5.32,5.34,2263900.0
2018-01-08 14:47:05.899000,5.34,5.32,5.34,2263900.0
2018-01-08 14:47:11.730000,5.34,5.32,5.34,2263900.0
2018-01-08 14:47:17.088000,5.34,5.32,5.34,2263900.0
2018-01-08 14:47:20.711000,5.34,5.32,5.34,2263900.0
2018-01-08 14:47:24.060000,5.34,5.32,5.34,2263900.0
2018-01-08 14:47:27.905000,5.34,5.32,5.34,2263900.0
2018-01-08 14:47:31.652000,5.34,5.32,5.34,2263900.0
2018-01-08 14:47:35.556000,5.34,5.32,5.34,2263900.0
2018-01-08 14:47:39.035000,5.34,5.32,5.34,2263900.0
2018-01-08 14:47:43.076000,5.34,5.32,5.34,2263900.0
2018-01-08 14:47:46.410000,5.34,5.32,5.34,2263900.0
2018-01-08 14:47:49.886000,5.34,5.32,5.34,2263900.0
2018-01-08 14:47:52.998000,5.34,5.32,5.34,2263900.0
2018-01-08 14:47:56.447000,5.34,5.32,5.34,2263900.0
2018-01-08 14:47:59.739000,5.34,5.32,5.34,2263900.0
2018-01-08 14:48:03.669000,5.34,5.32,5.34,2263900.0
2018-01-08 14:48:06.896000,5.34,5.32,5.34,2263900.0
2018-01-08 14:48:10.448000,5.34,5.32,5.34,2263900.0
2018-01-08 14:48:13.916000,5.34,5.32,5.34,2263900.0
2018-01-08 14:48:17.724000,5.34,5.32,5.34,2263900.0
2018-01-08 14:48:21.371000,5.34,5.32,5.34,2263900.0
2018-01-08 14:48:24.993000,5.34,5.32,5.34,2263900.0
2018-01-08 14:48:28.778000,5.34,5.32,5.34,2263900.0
2018-01-08 14:48:32.189000,5.34,5.32,5.34,2263900.0
2018-01-08 14:48:35.824000,5.34,5.32,5.34,2263900.0
2018-01-08 14:48:39.639000,5.34,5.32,5.34,2263900.0
2018-01-08 14:48:43.339000,5.34,5.32,5.34,2263900.0
2018-01-08 14:48:46.746000,5.34,5.32,5.34,2263900.0
2018-01-08 14:48:50.449000,5.34,5.32,5.34,2263900.0
2018-01-08 14:48:54.420000,5.34,5.32,5.34,2263900.0
2018-01-08 14:48:57.120000,5.34,5.32,5.34,2263900.0
2018-01-08 14:49:01.028000,5.34,5.32,5.34,2263900.0
2018-01-08 14:49:04.556000,5.34,5.32,5.34,2263900.0
2018-01-08 14:49:08.180000,5.34,5.32,5.34,2263900.0
2018-01-08 14:49:11.949000,5.34,5.32,5.34,2263900.0
2018-01-08 14:49:15.871000,5.34,5.32,5.34,2263900.0
2018-01-08 14:49:19.262000,5.34,5.32,5.34,2263900.0
2018-01-08 14:49:22.950000,5.34,5.32,5.34,2263900.0
2018-01-08 14:49:26.763000,5.34,5.32,5.34,2263900.0
2018-01-08 14:49:30.452000,5.34,5.32,5.34,2263900.0
2018-01-08 14:49:34.067000,5.34,5.32,5.34,2263900.0
2018-01-08 14:49:37.293000,5.34,5.32,5.34,2263900.0
2018-01-08 14:49:41.093000,5.33,5.32,5.33,2263900.0
2018-01-08 14:49:44.973000,5.33,5.32,5.33,2263900.0
2018-01-08 14:49:48.520000,5.33,5.32,5.33,2263900.0
2018-01-08 14:49:52.221000,5.33,5.32,5.33,2263900.0
2018-01-08 14:49:55.812000,5.33,5.32,5.33,2263900.0
2018-01-08 14:49:59.862000,5.33,5.32,5.33,2263900.0
2018-01-08 14:50:03.813000,5.33,5.32,5.33,2263900.0
2018-01-08 14:50:07.873000,5.33,5.32,5.33,2263900.0
2018-01-08 14:50:11.593000,5.33,5.32,5.33,2263900.0
2018-01-08 14:50:15.036000,5.33,5.32,5.33,2263900.0
2018-01-08 14:50:20.116000,5.33,5.32,5.33,2263900.0
2018-01-08 14:50:23.945000,5.33,5.32,5.33,2263900.0
2018-01-08 14:50:28.016000,5.33,5.32,5.33,2263900.0
2018-01-08 14:50:31.400000,5.33,5.32,5.33,2263900.0
2018-01-08 14:50:35.135000,5.33,5.32,5.33,2263900.0
2018-01-08 14:50:38.616000,5.33,5.32,5.33,2263900.0
2018-01-08 14:50:42.498000,5.33,5.32,5.33,2263900.0
2018-01-08 14:50:45.970000,5.33,5.32,5.33,2271900.0
2018-01-08 14:50:49.466000,5.33,5.32,5.33,2271900.0
2018-01-08 14:50:52.765000,5.33,5.32,5.33,2271900.0
2018-01-08 14:50:56.469000,5.33,5.32,5.33,2271900.0
2018-01-08 14:51:01.343000,5.33,5.32,5.33,2271900.0
2018-01-08 14:51:05.406000,5.33,5.32,5.33,2271900.0
2018-01-08 14:51:12.825000,5.33,5.32,5.33,2271900.0
2018-01-08 14:51:17.441000,5.33,5.32,5.33,2271900.0
2018-01-08 14:51:21.235000,5.33,5.32,5.33,2271900.0
2018-01-08 14:51:24.192000,5.33,5.32,5.33,2271900.0
2018-01-08 14:51:28.227000,5.33,5.32,5.33,2271900.0
2018-01-08 14:51:32.219000,5.33,5.33,5.34,2271900.0
2018-01-08 14:51:35.284000,5.33,5.33,5.34,2271900.0
2018-01-08 14:51:38.868000,5.33,5.33,5.34,2271900.0
2018-01-08 14:51:41.831000,5.33,5.33,5.34,2271900.0
2018-01-08 14:51:45.946000,5.33,5.33,5.34,2271900.0
2018-01-08 14:51:49.435000,5.33,5.33,5.34,2271900.0
2018-01-08 14:51:52.519000,5.33,5.33,5.34,2271900.0
2018-01-08 14:51:56.486000,5.33,5.33,5.34,2271900.0
2018-01-08 14:52:00.025000,5.33,5.33,5.34,2271900.0
2018-01-08 14:52:03.806000,5.33,5.33,5.34,2271900.0
2018-01-08 14:52:07.536000,5.33,5.33,5.34,2271900.0
2018-01-08 14:52:14.811000,5.33,5.33,5.34,2271900.0
2018-01-08 14:52:18.711000,5.33,5.33,5.34,2271900.0
2018-01-08 14:52:22.487000,5.33,5.33,5.34,2271900.0
2018-01-08 14:52:25.673000,5.33,5.33,5.34,2271900.0
2018-01-08 14:52:29.696000,5.33,5.33,5.34,2271900.0
2018-01-08 14:52:33.194000,5.33,5.33,5.34,2271900.0
2018-01-08 14:52:37.224000,5.33,5.32,5.34,2271900.0
2018-01-08 14:52:41.003000,5.33,5.32,5.34,2271900.0
2018-01-08 14:52:44.272000,5.33,5.32,5.34,2271900.0
2018-01-08 14:52:47.771000,5.33,5.32,5.34,2271900.0
2018-01-08 14:52:51.601000,5.33,5.32,5.34,2271900.0
2018-01-08 14:52:55.197000,5.33,5.32,5.34,2271900.0
2018-01-08 14:52:59.168000,5.33,5.32,5.34,2271900.0
2018-01-08 14:53:02.178000,5.33,5.32,5.34,2271900.0
2018-01-08 14:53:06.247000,5.33,5.32,5.34,2271900.0
2018-01-08 14:53:13.603000,5.33,5.32,5.34,2271900.0
2018-01-08 14:53:17.615000,5.33,5.32,5.34,2271900.0
2018-01-08 14:53:21.456000,5.33,5.32,5.34,2271900.0
2018-01-08 14:53:24.967000,5.33,5.32,5.34,2271900.0
2018-01-08 14:53:28.873000,5.33,5.32,5.34,2271900.0
2018-01-08 14:53:32.260000,5.33,5.32,5.34,2271900.0
2018-01-08 14:53:36.440000,5.33,5.32,5.34,2271900.0
2018-01-08 14:53:40.384000,5.33,5.32,5.34,2271900.0
2018-01-08 14:53:44.354000,5.33,5.32,5.34,2271900.0
2018-01-08 14:53:48.462000,5.33,5.32,5.34,2271900.0
2018-01-08 14:53:52.348000,5.33,5.32,5.34,2271900.0
2018-01-08 14:53:56.505000,5.33,5.32,5.34,2271900.0
2018-01-08 14:54:00.960000,5.33,5.32,5.34,2271900.0
2018-01-08 14:54:04.866000,5.33,5.32,5.34,2271900.0
2018-01-08 14:54:14.022000,5.33,5.32,5.34,2271900.0
2018-01-08 14:54:17.916000,5.33,5.32,5.34,2271900.0
2018-01-08 14:54:22.129000,5.33,5.32,5.34,2271900.0
2018-01-08 14:54:26.006000,5.33,5.32,5.34,2271900.0
2018-01-08 14:54:29.775000,5.33,5.32,5.34,2271900.0
2018-01-08 14:54:33.723000,5.33,5.32,5.34,2271900.0
2018-01-08 14:54:37.567000,5.33,5.32,5.33,2271900.0
2018-01-08 14:54:41.568000,5.33,5.32,5.33,2271900.0
2018-01-08 14:54:45.608000,5.33,5.32,5.33,2271900.0
2018-01-08 14:54:49.067000,5.33,5.32,5.33,2271900.0
2018-01-08 14:54:52.923000,5.33,5.32,5.33,2271900.0
2018-01-08 14:54:57.273000,5.33,5.32,5.33,2271900.0
2018-01-08 14:55:01.182000,5.33,5.32,5.33,2271900.0
2018-01-08 14:55:08.820000,5.33,5.32,5.33,2271900.0
2018-01-08 14:55:14.751000,5.33,5.32,5.33,2271900.0
2018-01-08 14:55:18.713000,5.33,5.32,5.33,2271900.0
2018-01-08 14:55:22.460000,5.33,5.32,5.34,2271900.0
2018-01-08 14:55:26.804000,5.33,5.32,5.34,2271900.0
2018-01-08 14:55:30.494000,5.33,5.32,5.34,2271900.0
2018-01-08 14:55:34.497000,5.33,5.32,5.34,2271900.0
2018-01-08 14:55:37.478000,5.33,5.32,5.34,2271900.0
2018-01-08 14:55:41.491000,5.33,5.32,5.34,2271900.0
2018-01-08 14:55:45.341000,5.33,5.32,5.34,2271900.0
2018-01-08 14:55:49.328000,5.33,5.32,5.34,2271900.0
2018-01-08 14:55:52.899000,5.33,5.32,5.34,2271900.0
2018-01-08 14:55:56.725000,5.33,5.32,5.34,2271900.0
2018-01-08 14:56:00.516000,5.33,5.32,5.34,2271900.0
2018-01-08 14:56:04.147000,5.33,5.32,5.34,2271900.0
2018-01-08 14:56:11.635000,5.33,5.32,5.34,2271900.0
2018-01-08 14:56:15.573000,5.33,5.32,5.34,2271900.0
2018-01-08 14:56:19.928000,5.33,5.32,5.34,2271900.0
2018-01-08 14:56:23.310000,5.33,5.32,5.34,2271900.0
2018-01-08 14:56:26.336000,5.33,5.32,5.34,2271900.0
2018-01-08 14:56:30.277000,5.33,5.32,5.34,2271900.0
2018-01-08 14:56:33.572000,5.33,5.32,5.34,2271900.0
2018-01-08 14:56:37.477000,5.33,5.32,5.34,2271900.0
2018-01-08 14:56:41.195000,5.33,5.32,5.34,2271900.0
2018-01-08 14:56:45.323000,5.33,5.32,5.34,2271900.0
2018-01-08 14:56:48.904000,5.33,5.32,5.34,2271900.0
2018-01-08 14:56:52.899000,5.33,5.32,5.34,2271900.0
2018-01-08 14:56:56.915000,5.33,5.32,5.34,2271900.0
2018-01-08 14:57:00.674000,5.33,5.32,5.34,2271900.0
2018-01-08 14:57:04.305000,5.33,5.32,5.34,2271900.0
2018-01-08 14:57:09.952000,5.33,5.32,5.34,2271900.0
2018-01-08 14:57:13.452000,5.33,5.32,5.34,2271900.0
2018-01-08 14:57:17.635000,5.33,5.32,5.34,2271900.0
2018-01-08 14:57:21.869000,5.33,5.32,5.34,2271900.0
2018-01-08 14:57:25.359000,5.33,5.32,5.34,2271900.0
2018-01-08 14:57:28.449000,5.33,5.32,5.33,2276900.0
2018-01-08 14:57:32.227000,5.33,5.32,5.33,2276900.0
2018-01-08 14:57:36.228000,5.33,5.32,5.33,2276900.0
2018-01-08 14:57:40.200000,5.33,5.32,5.33,2276900.0
2018-01-08 14:57:43.983000,5.33,5.32,5.33,2276900.0
2018-01-08 14:57:48.092000,5.33,5.32,5.33,2276900.0
2018-01-08 14:57:52.116000,5.33,5.32,5.33,2276900.0
2018-01-08 14:57:56.199000,5.33,5.32,5.33,2276900.0
2018-01-08 14:58:00.205000,5.33,5.32,5.33,2276900.0
2018-01-08 14:58:04.063000,5.33,5.32,5.33,2276900.0
2018-01-08 14:58:08.258000,5.33,5.32,5.33,2276900.0
2018-01-08 14:58:13.797000,5.33,5.32,5.33,2276900.0
2018-01-08 14:58:17.497000,5.33,5.32,5.33,2276900.0
2018-01-08 14:58:21.006000,5.33,5.32,5.33,2276900.0
2018-01-08 14:58:24.718000,5.33,5.32,5.33,2276900.0
2018-01-08 14:58:28.591000,5.33,5.32,5.33,2276900.0
2018-01-08 14:58:32.622000,5.33,5.32,5.33,2276900.0
2018-01-08 14:58:36.805000,5.33,5.32,5.33,2276900.0
2018-01-08 14:58:40.776000,5.33,5.32,5.33,2276900.0
2018-01-08 14:58:44.316000,5.33,5.32,5.33,2276900.0
2018-01-08 14:58:47.984000,5.33,5.32,5.33,2276900.0
2018-01-08 14:58:51.634000,5.33,5.32,5.33,2276900.0
2018-01-08 14:58:55.817000,5.33,5.32,5.33,2276900.0
2018-01-08 14:58:59.551000,5.33,5.32,5.33,2276900.0
2018-01-08 14:59:03.342000,5.33,5.32,5.33,2276900.0
2018-01-08 14:59:06.430000,5.33,5.32,5.33,2276900.0
2018-01-08 14:59:10.249000,5.33,5.32,5.33,2276900.0
2018-01-08 14:59:14.015000,5.33,5.32,5.33,2276900.0
2018-01-08 14:59:17.907000,5.33,5.32,5.33,2276900.0
2018-01-08 14:59:22.105000,5.33,5.32,5.33,2276900.0
2018-01-08 14:59:25.971000,5.33,5.32,5.33,2276900.0
2018-01-08 14:59:29.942000,5.33,5.32,5.33,2276900.0
2018-01-08 14:59:33.970000,5.33,5.32,5.33,2276900.0
2018-01-08 14:59:37.904000,5.33,5.32,5.33,2276900.0
2018-01-08 14:59:41.623000,5.33,5.32,5.33,2276900.0
2018-01-08 14:59:45.619000,5.33,5.32,5.33,2276900.0
2018-01-08 14:59:49.760000,5.33,5.32,5.33,2276900.0
2018-01-08 14:59:53.645000,5.33,5.32,5.33,2276900.0
2018-01-08 14:59:57.249000,5.33,5.32,5.33,2276900.0
2018-01-08 15:00:01.264000,5.33,5.32,5.33,2276900.0
2018-01-08 15:00:09.800000,5.33,5.32,5.33,2276900.0
2018-01-08 15:00:13.502000,5.33,5.32,5.33,2276900.0
2018-01-08 15:00:17.440000,5.33,5.32,5.33,2276900.0
2018-01-08 15:00:22.928000,5.33,5.32,5.33,2276900.0
2018-01-08 15:00:26.820000,5.33,5.32,5.33,2276900.0
2018-01-08 15:00:30.441000,5.33,5.32,5.33,2276900.0
2018-01-08 15:00:34.173000,5.33,5.32,5.33,2276900.0
2018-01-08 15:00:37.809000,5.33,5.32,5.33,2276900.0
2018-01-08 15:00:41.388000,5.33,5.32,5.33,2276900.0
2018-01-08 15:00:44.695000,5.33,5.32,5.33,2276900.0
2018-01-08 15:00:48.189000,5.33,5.32,5.33,2276900.0
2018-01-08 15:00:51.186000,5.33,5.32,5.33,2276900.0
2018-01-08 15:00:55.129000,5.33,5.32,5.33,2276900.0
2018-01-08 15:00:58.486000,,,,
2018-01-08 15:01:02.642000,5.33,5.32,5.33,2276900.0
2018-01-08 15:01:12.517000,5.33,5.32,5.33,2276900.0
2018-01-08 15:01:16.344000,5.33,5.32,5.33,2276900.0
2018-01-08 15:01:19.919000,5.33,5.32,5.33,2276900.0
2018-01-08 15:01:25.143000,5.33,5.32,5.33,2276900.0
2018-01-08 15:01:29.022000,5.33,5.32,5.33,2276900.0
2018-01-08 15:01:33.220000,5.33,5.32,5.33,2276900.0
2018-01-08 15:01:37.139000,5.33,5.32,5.33,2276900.0
2018-01-08 15:01:40.987000,5.33,5.32,5.33,2276900.0
2018-01-08 15:01:44.427000,5.33,5.32,5.33,2276900.0
2018-01-08 15:01:48.255000,5.33,5.32,5.33,2276900.0
2018-01-08 15:01:51.484000,5.33,5.32,5.33,2276900.0
2018-01-08 15:01:55.459000,5.33,5.32,5.33,2276900.0
2018-01-08 15:01:59.294000,5.33,5.32,5.33,2276900.0
2018-01-08 15:02:02.626000,5.33,5.32,5.33,2276900.0
2018-01-08 15:02:11.021000,5.33,5.32,5.33,2276900.0
2018-01-08 15:02:14.647000,5.33,5.32,5.33,2276900.0
2018-01-08 15:02:18.613000,5.32,5.32,5.33,2277900.0
2018-01-08 15:02:22.421000,5.32,5.32,5.33,2277900.0
2018-01-08 15:02:25.975000,5.32,5.32,5.33,2277900.0
2018-01-08 15:02:29.708000,5.32,5.32,5.33,2277900.0
2018-01-08 15:02:33.280000,5.32,5.32,5.33,2277900.0
2018-01-08 15:02:37.282000,5.32,5.32,5.33,2277900.0
2018-01-08 15:02:41.038000,5.32,5.32,5.33,2277900.0
2018-01-08 15:02:44.820000,5.32,5.32,5.33,2277900.0
2018-01-08 15:02:48.844000,5.32,5.32,5.33,2277900.0
2018-01-08 15:02:52.535000,5.32,5.32,5.33,2277900.0
2018-01-08 15:02:56.227000,5.32,5.32,5.33,2277900.0
2018-01-08 15:02:59.397000,5.32,5.32,5.33,2277900.0
2018-01-08 15:03:02.956000,5.32,5.32,5.33,2277900.0
2018-01-08 15:03:07.033000,5.32,5.32,5.33,2277900.0
2018-01-08 15:03:10.049000,5.32,5.32,5.33,2277900.0
2018-01-08 15:03:13.614000,5.32,5.32,5.33,2277900.0
2018-01-08 15:03:18.538000,5.32,5.32,5.33,2277900.0
2018-01-08 15:03:22.378000,5.32,5.32,5.33,2277900.0
2018-01-08 15:03:26.880000,5.32,5.32,5.33,2277900.0
2018-01-08 15:03:30.930000,5.32,5.32,5.33,2277900.0
2018-01-08 15:03:34.366000,5.32,5.32,5.33,2315900.0
2018-01-08 15:03:38.441000,5.32,5.32,5.33,2315900.0
2018-01-08 15:03:42.367000,5.32,5.32,5.33,2315900.0
2018-01-08 15:03:46.209000,5.32,5.32,5.33,2315900.0
2018-01-08 15:03:49.930000,5.32,5.32,5.33,2315900.0
2018-01-08 15:03:53.537000,5.32,5.32,5.33,2315900.0
2018-01-08 15:03:57.504000,5.32,5.32,5.33,2315900.0
2018-01-08 15:04:01.317000,5.32,5.32,5.33,2315900.0
2018-01-08 15:04:05.290000,5.32,5.32,5.33,2315900.0
2018-01-08 15:04:09.304000,5.32,5.32,5.33,2315900.0
2018-01-08 15:04:13.524000,5.32,5.32,5.33,2315900.0
2018-01-08 15:04:17.413000,5.32,5.32,5.33,2315900.0
2018-01-08 15:04:22.146000,5.32,5.32,5.33,2315900.0
2018-01-08 15:04:25.909000,5.32,5.32,5.33,2315900.0
2018-01-08 15:04:29.898000,5.32,5.32,5.33,2315900.0
2018-01-08 15:04:33.490000,5.32,5.32,5.33,2315900.0
2018-01-08 15:04:37.150000,5.32,5.32,5.33,2315900.0
2018-01-08 15:04:41.067000,5.32,5.32,5.33,2315900.0
2018-01-08 15:04:45.136000,5.32,5.32,5.33,2315900.0
2018-01-08 15:04:48.587000,5.32,5.32,5.33,2315900.0
2018-01-08 15:04:52.436000,5.32,5.32,5.33,2315900.0
2018-01-08 15:04:56.360000,5.32,5.32,5.33,2315900.0
2018-01-08 15:05:00.166000,5.32,5.32,5.33,2315900.0
2018-01-08 15:05:03.539000,5.32,5.32,5.33,2315900.0
2018-01-08 15:05:07.179000,5.32,5.32,5.33,2315900.0
2018-01-08 15:05:11.149000,5.32,5.32,5.33,2315900.0
2018-01-08 15:05:17.022000,5.32,5.32,5.33,2315900.0
2018-01-08 15:05:21.161000,5.32,5.32,5.33,2315900.0
2018-01-08 15:05:25.267000,5.32,5.32,5.33,2315900.0
2018-01-08 15:05:30.211000,5.32,5.32,5.33,2315900.0
2018-01-08 15:05:33.946000,5.32,5.32,5.33,2315900.0
2018-01-08 15:05:37.850000,5.32,5.32,5.33,2315900.0
2018-01-08 15:05:41.695000,5.32,5.32,5.33,2315900.0
2018-01-08 15:05:45.463000,5.32,5.32,5.33,2315900.0
2018-01-08 15:05:49.338000,5.32,5.32,5.33,2315900.0
2018-01-08 15:05:53.359000,5.32,5.32,5.33,2315900.0
2018-01-08 15:05:57.632000,5.32,5.32,5.33,2315900.0
2018-01-08 15:06:01.083000,5.32,5.32,5.33,2315900.0
2018-01-08 15:06:05.974000,5.32,5.32,5.33,2315900.0
2018-01-08 15:06:13.119000,5.32,5.32,5.33,2315900.0
2018-01-08 15:06:16.709000,5.32,5.32,5.33,2315900.0
2018-01-08 15:06:19.922000,5.32,5.32,5.33,2315900.0
2018-01-08 15:06:23.293000,5.32,5.32,5.33,2315900.0
2018-01-08 15:06:27.179000,5.32,5.32,5.33,2315900.0
2018-01-08 15:06:31.230000,5.32,5.32,5.33,2315900.0
2018-01-08 15:06:35.073000,5.32,5.32,5.33,2315900.0
2018-01-08 15:06:38.668000,5.32,5.32,5.33,2315900.0
2018-01-08 15:06:42.415000,5.32,5.32,5.33,2315900.0
2018-01-08 15:06:46.428000,5.32,5.32,5.33,2315900.0
2018-01-08 15:06:50.981000,5.32,5.32,5.33,2315900.0
2018-01-08 15:06:54.952000,5.32,5.32,5.33,2315900.0
2018-01-08 15:06:58.387000,5.32,5.32,5.33,2315900.0
2018-01-08 15:07:02.337000,5.32,5.32,5.33,2315900.0
2018-01-08 15:07:06.852000,5.32,5.32,5.33,2315900.0
2018-01-08 15:07:12.664000,5.32,5.32,5.33,2325900.0
2018-01-08 15:07:17.948000,5.32,5.32,5.33,2325900.0
2018-01-08 15:07:22.465000,5.32,5.32,5.33,2325900.0
2018-01-08 15:07:26.418000,5.32,5.32,5.33,2325900.0
2018-01-08 15:07:30.341000,5.32,5.32,5.33,2325900.0
2018-01-08 15:07:34.185000,5.32,5.32,5.33,2325900.0
2018-01-08 15:07:38.089000,5.32,5.32,5.33,2325900.0
2018-01-08 15:07:41.807000,5.32,5.32,5.33,2325900.0
2018-01-08 15:07:45.219000,5.32,5.32,5.33,2325900.0
2018-01-08 15:07:48.247000,5.32,5.32,5.33,2325900.0
2018-01-08 15:07:52.662000,5.32,5.32,5.33,2325900.0
2018-01-08 15:07:56.704000,5.32,5.32,5.33,2325900.0
2018-01-08 15:08:00.824000,5.32,5.32,5.33,2325900.0
2018-01-08 15:08:04.874000,5.32,5.32,5.33,2325900.0
2018-01-08 15:08:08.692000,5.32,5.32,5.33,2325900.0
2018-01-08 15:08:12.293000,5.32,5.31,5.33,2325900.0
2018-01-08 15:08:16.018000,5.32,5.31,5.33,2325900.0
2018-01-08 15:08:20.088000,5.32,5.31,5.33,2325900.0
2018-01-08 15:08:24.006000,5.32,5.31,5.33,2325900.0
2018-01-08 15:08:28.301000,5.32,5.31,5.33,2325900.0
2018-01-08 15:08:32.153000,5.32,5.31,5.33,2325900.0
2018-01-08 15:08:35.657000,5.32,5.31,5.33,2325900.0
2018-01-08 15:08:39.797000,5.32,5.31,5.33,2325900.0
2018-01-08 15:08:43.873000,5.32,5.31,5.33,2325900.0
2018-01-08 15:08:48.101000,5.32,5.31,5.33,2325900.0
2018-01-08 15:08:51.936000,5.32,5.31,5.33,2325900.0
2018-01-08 15:08:56.314000,5.32,5.31,5.33,2325900.0
2018-01-08 15:09:00.518000,5.32,5.31,5.33,2325900.0
2018-01-08 15:09:08.592000,5.32,5.31,5.33,2325900.0
2018-01-08 15:09:13.374000,5.32,5.31,5.33,2325900.0
2018-01-08 15:09:20.236000,5.32,5.31,5.33,2325900.0
2018-01-08 15:09:24.183000,5.32,5.31,5.33,2325900.0
2018-01-08 15:09:28.033000,5.32,5.31,5.33,2325900.0
2018-01-08 15:09:31.629000,5.32,5.31,5.33,2325900.0
2018-01-08 15:09:34.985000,5.32,5.32,5.33,2331900.0
2018-01-08 15:09:38.258000,5.32,5.32,5.33,2331900.0
2018-01-08 15:09:41.388000,5.32,5.32,5.33,2331900.0
2018-01-08 15:09:45.065000,5.32,5.32,5.33,2331900.0
2018-01-08 15:09:49.220000,5.32,5.32,5.33,2331900.0
2018-01-08 15:09:53.106000,5.32,5.32,5.33,2331900.0
2018-01-08 15:09:56.755000,5.32,5.32,5.33,2331900.0
2018-01-08 15:10:00.675000,5.32,5.32,5.33,2331900.0
2018-01-08 15:10:04.158000,5.32,5.32,5.33,2331900.0
2018-01-08 15:10:10.640000,5.32,5.32,5.33,2331900.0
2018-01-08 15:10:15.063000,5.32,5.32,5.33,2331900.0
2018-01-08 15:10:20.409000,5.32,5.32,5.33,2331900.0
2018-01-08 15:10:24.521000,5.32,5.32,5.33,2331900.0
2018-01-08 15:10:28.265000,5.32,5.32,5.33,2331900.0
2018-01-08 15:10:31.855000,5.32,5.32,5.33,2331900.0
2018-01-08 15:10:36.271000,5.32,5.32,5.33,2331900.0
2018-01-08 15:10:39.219000,5.32,5.32,5.33,2331900.0
2018-01-08 15:10:42.921000,5.32,5.32,5.33,2331900.0
2018-01-08 15:10:46.612000,5.32,5.32,5.33,2331900.0
2018-01-08 15:10:50.574000,5.32,5.32,5.33,2331900.0
2018-01-08 15:10:54.406000,5.32,5.32,5.33,2331900.0
2018-01-08 15:10:58.220000,5.32,5.32,5.33,2331900.0
2018-01-08 15:11:01.822000,5.32,5.32,5.33,2331900.0
2018-01-08 15:11:08.623000,5.32,5.32,5.33,2331900.0
2018-01-08 15:11:12.858000,5.32,5.32,5.33,2331900.0
2018-01-08 15:11:15.768000,5.32,5.32,5.33,2331900.0
2018-01-08 15:11:19.066000,5.32,5.32,5.33,2331900.0
2018-01-08 15:11:23.019000,5.32,5.32,5.33,2331900.0
2018-01-08 15:11:27.155000,5.32,5.32,5.33,2331900.0
2018-01-08 15:11:31.009000,5.32,5.32,5.33,2331900.0
2018-01-08 15:11:34.831000,5.32,5.31,5.33,2339000.0
2018-01-08 15:11:38.537000,5.32,5.31,5.33,2339000.0
2018-01-08 15:11:42.219000,5.32,5.31,5.33,2339000.0
2018-01-08 15:11:46.266000,5.32,5.31,5.33,2339000.0
2018-01-08 15:11:50.364000,5.32,5.31,5.33,2339000.0
2018-01-08 15:11:53.813000,5.32,5.31,5.33,2339000.0
2018-01-08 15:11:57.780000,5.32,5.31,5.33,2339000.0
2018-01-08 15:12:02.297000,5.32,5.31,5.33,2339000.0
2018-01-08 15:12:10.164000,5.32,5.31,5.33,2339000.0
2018-01-08 15:12:13.568000,5.32,5.31,5.33,2339000.0
2018-01-08 15:12:17.348000,5.32,5.31,5.33,2339000.0
2018-01-08 15:12:21.563000,5.32,5.31,5.33,2339000.0
2018-01-08 15:12:25.022000,5.32,5.31,5.33,2339000.0
2018-01-08 15:12:29.099000,5.32,5.31,5.33,2339000.0
2018-01-08 15:12:33.283000,5.32,5.31,5.33,2339000.0
2018-01-08 15:12:37.253000,5.32,5.31,5.33,2339000.0
2018-01-08 15:12:40.947000,5.32,5.31,5.33,2339000.0
2018-01-08 15:12:45.004000,5.32,5.31,5.33,2339000.0
2018-01-08 15:12:48.569000,5.32,5.31,5.33,2339000.0
2018-01-08 15:12:53.081000,5.32,5.31,5.33,2339000.0
2018-01-08 15:12:56.938000,5.32,5.31,5.33,2339000.0
2018-01-08 15:13:00.601000,5.32,5.31,5.33,2339000.0
2018-01-08 15:13:04.201000,5.32,5.31,5.33,2339000.0
2018-01-08 15:13:08.098000,5.32,5.31,5.33,2339000.0
2018-01-08 15:13:12.064000,5.32,5.31,5.33,2339000.0
2018-01-08 15:13:17.973000,5.32,5.31,5.33,2339000.0
2018-01-08 15:13:21.808000,5.32,5.31,5.33,2339000.0
2018-01-08 15:13:25.382000,5.32,5.31,5.33,2339000.0
2018-01-08 15:13:28.818000,5.32,5.31,5.33,2339000.0
2018-01-08 15:13:32.707000,5.32,5.31,5.33,2339000.0
2018-01-08 15:13:37.023000,5.32,5.31,5.33,2339000.0
2018-01-08 15:13:40.289000,5.32,5.31,5.33,2339000.0
2018-01-08 15:13:44.102000,5.32,5.31,5.33,2339000.0
2018-01-08 15:13:47.410000,5.32,5.31,5.33,2339000.0
2018-01-08 15:13:50.923000,5.32,5.31,5.33,2339000.0
2018-01-08 15:13:54.648000,5.32,5.31,5.33,2339000.0
2018-01-08 15:13:57.994000,5.32,5.31,5.33,2339000.0
2018-01-08 15:14:01.997000,5.32,5.31,5.33,2339000.0
2018-01-08 15:14:05.774000,5.32,5.31,5.33,2339000.0
2018-01-08 15:14:09.380000,5.32,5.31,5.33,2339000.0
2018-01-08 15:14:15.495000,5.32,5.31,5.33,2339000.0
2018-01-08 15:14:19.412000,5.32,5.31,5.33,2339000.0
2018-01-08 15:14:23.234000,5.32,5.31,5.33,2339000.0
2018-01-08 15:14:26.941000,5.32,5.31,5.33,2339000.0
2018-01-08 15:14:30.116000,5.32,5.31,5.33,2339000.0
2018-01-08 15:14:34.217000,5.32,5.31,5.33,2339000.0
2018-01-08 15:14:37.488000,5.32,5.31,5.33,2339000.0
2018-01-08 15:14:41.431000,5.32,5.31,5.33,2339000.0
2018-01-08 15:14:45.070000,5.32,5.31,5.33,2339000.0
2018-01-08 15:14:48.912000,5.32,5.31,5.33,2339000.0
2018-01-08 15:14:52.086000,5.32,5.31,5.33,2339000.0
2018-01-08 15:14:56.112000,5.32,5.31,5.33,2339000.0
2018-01-08 15:14:59.948000,5.32,5.31,5.33,2339000.0
2018-01-08 15:15:03.615000,5.32,5.31,5.33,2339000.0
2018-01-08 15:15:07.319000,5.32,5.31,5.33,2339000.0
2018-01-08 15:15:13.005000,5.32,5.31,5.33,2339000.0
2018-01-08 15:15:16.986000,5.32,5.31,5.33,2339000.0
2018-01-08 15:15:21.006000,5.32,5.31,5.33,2339000.0
2018-01-08 15:15:24.936000,5.32,5.31,5.33,2339000.0
2018-01-08 15:15:28.026000,5.32,5.31,5.33,2339000.0
2018-01-08 15:15:31.428000,5.32,5.31,5.33,2339000.0
2018-01-08 15:15:35.324000,5.32,5.31,5.33,2339000.0
2018-01-08 15:15:38.740000,5.32,5.31,5.33,2339000.0
2018-01-08 15:15:42.875000,5.32,5.31,5.33,2339000.0
2018-01-08 15:15:46.376000,5.32,5.31,5.33,2339000.0
2018-01-08 15:15:50.125000,5.32,5.31,5.33,2339000.0
2018-01-08 15:15:53.959000,5.32,5.31,5.33,2339000.0
2018-01-08 15:15:57.396000,5.32,5.31,5.33,2339000.0
2018-01-08 15:16:01.307000,5.32,5.31,5.33,2339000.0
2018-01-08 15:16:04.012000,5.32,5.31,5.33,2339000.0
2018-01-08 15:16:10.900000,5.32,5.31,5.33,2339000.0
2018-01-08 15:16:14.214000,5.32,5.31,5.33,2339000.0
2018-01-08 15:16:17.710000,5.32,5.31,5.33,2339000.0
2018-01-08 15:16:21.849000,5.32,5.31,5.33,2339000.0
2018-01-08 15:16:25.222000,5.32,5.31,5.33,2339000.0
2018-01-08 15:16:29.199000,5.32,5.31,5.33,2339000.0
2018-01-08 15:16:32.788000,5.32,5.31,5.33,2339000.0
2018-01-08 15:16:36.665000,5.32,5.31,5.33,2339000.0
2018-01-08 15:16:40.606000,5.32,5.31,5.33,2339000.0
2018-01-08 15:16:44.057000,5.32,5.31,5.33,2339000.0
2018-01-08 15:16:47.710000,5.32,5.31,5.33,2339000.0
2018-01-08 15:16:51.468000,5.32,5.31,5.33,2339000.0
2018-01-08 15:16:55.356000,5.32,5.31,5.33,2339000.0
2018-01-08 15:16:59.518000,5.32,5.31,5.33,2339000.0
2018-01-08 15:17:03.385000,5.32,5.31,5.33,2339000.0
2018-01-08 15:17:07.364000,5.32,5.31,5.33,2339000.0
2018-01-08 15:17:11.465000,5.32,5.31,5.33,2339000.0
2018-01-08 15:17:17.391000,5.32,5.31,5.33,2339000.0
2018-01-08 15:17:20.826000,5.32,5.31,5.33,2339000.0
2018-01-08 15:17:23.924000,5.32,5.31,5.33,2339000.0
2018-01-08 15:17:28.993000,5.32,5.31,5.33,2339000.0
2018-01-08 15:17:33.009000,5.32,5.31,5.33,2339000.0
2018-01-08 15:17:36.886000,5.32,5.31,5.33,2339000.0
2018-01-08 15:17:40.084000,5.32,5.31,5.33,2339000.0
2018-01-08 15:17:43.959000,5.32,5.31,5.33,2339000.0
2018-01-08 15:17:47.380000,5.32,5.31,5.33,2339000.0
2018-01-08 15:17:51.251000,5.32,5.31,5.33,2339000.0
2018-01-08 15:17:54.340000,5.32,5.31,5.33,2339000.0
2018-01-08 15:17:57.962000,5.32,5.31,5.33,2339000.0
2018-01-08 15:18:01.731000,5.32,5.31,5.33,2339000.0
2018-01-08 15:18:05.187000,5.32,5.31,5.33,2339000.0
2018-01-08 15:18:12.235000,5.32,5.32,5.33,2339000.0
2018-01-08 15:18:15.502000,5.32,5.32,5.33,2339000.0
2018-01-08 15:18:19.166000,5.32,5.32,5.33,2339000.0
2018-01-08 15:18:23.076000,5.32,5.32,5.33,2339000.0
2018-01-08 15:18:27.252000,5.32,5.32,5.33,2339000.0
2018-01-08 15:18:30.962000,5.32,5.32,5.33,2339000.0
2018-01-08 15:18:34.848000,5.32,5.32,5.33,2339000.0
2018-01-08 15:18:38.767000,5.32,5.32,5.33,2339000.0
2018-01-08 15:18:42.483000,5.32,5.32,5.33,2339000.0
2018-01-08 15:18:46.143000,5.32,5.32,5.33,2339000.0
2018-01-08 15:18:49.858000,5.32,5.32,5.33,2339000.0
2018-01-08 15:18:53.666000,5.32,5.32,5.33,2339000.0
2018-01-08 15:18:57.625000,5.32,5.32,5.33,2339000.0
2018-01-08 15:19:00.803000,5.32,5.32,5.33,2339000.0
2018-01-08 15:19:04.436000,5.32,5.32,5.33,2339000.0
2018-01-08 15:19:07.832000,5.32,5.32,5.33,2339000.0
2018-01-08 15:19:12.933000,5.32,5.32,5.33,2339000.0
2018-01-08 15:19:16.556000,5.32,5.32,5.33,2339000.0
2018-01-08 15:19:20.699000,5.32,5.32,5.33,2339000.0
2018-01-08 15:19:24.232000,5.32,5.32,5.33,2339000.0
2018-01-08 15:19:27.780000,5.32,5.32,5.33,2339000.0
2018-01-08 15:19:32.007000,5.32,5.32,5.33,2339000.0
2018-01-08 15:19:35.698000,5.32,5.32,5.33,2339000.0
2018-01-08 15:19:39.312000,5.32,5.32,5.33,2339000.0
2018-01-08 15:19:42.949000,5.32,5.32,5.33,2339000.0
2018-01-08 15:19:46.139000,5.32,5.32,5.33,2339000.0
2018-01-08 15:19:50.452000,5.32,5.32,5.33,2339000.0
2018-01-08 15:19:54.251000,5.32,5.31,5.33,2339000.0
2018-01-08 15:19:58.224000,5.32,5.31,5.33,2339000.0
2018-01-08 15:20:02.396000,5.32,5.31,5.33,2339000.0
2018-01-08 15:20:05.205000,,,,
2018-01-08 15:20:16.069000,5.32,5.31,5.33,2339000.0
2018-01-08 15:20:20.327000,5.32,5.31,5.33,2339000.0
2018-01-08 15:20:24.033000,5.32,5.31,5.33,2339000.0
2018-01-08 15:20:27.934000,5.32,5.31,5.33,2339000.0
2018-01-08 15:20:32.008000,5.32,5.32,5.33,2339000.0
2018-01-08 15:20:35.625000,5.32,5.32,5.33,2339000.0
2018-01-08 15:20:39.468000,5.32,5.32,5.33,2339000.0
2018-01-08 15:20:43.155000,5.32,5.32,5.33,2339000.0
2018-01-08 15:20:46.832000,5.32,5.32,5.33,2339000.0
2018-01-08 15:20:50.727000,5.32,5.32,5.33,2339000.0
2018-01-08 15:20:54.705000,5.32,5.32,5.33,2339000.0
2018-01-08 15:20:58.141000,5.32,5.32,5.33,2339000.0
2018-01-08 15:21:02.061000,5.32,5.32,5.33,2339000.0
2018-01-08 15:21:06.066000,5.32,5.32,5.33,2339000.0
2018-01-08 15:21:09.418000,5.32,5.32,5.33,2339000.0
2018-01-08 15:21:13.077000,5.32,5.32,5.33,2339000.0
2018-01-08 15:21:17.487000,5.32,5.31,5.33,2339000.0
2018-01-08 15:21:21.259000,5.32,5.31,5.33,2339000.0
2018-01-08 15:21:25.165000,5.32,5.31,5.33,2339000.0
2018-01-08 15:21:28.764000,5.32,5.31,5.33,2339000.0
2018-01-08 15:21:32.639000,5.32,5.31,5.33,2339000.0
2018-01-08 15:21:36.097000,5.32,5.31,5.33,2339000.0
2018-01-08 15:21:39.892000,5.32,5.31,5.33,2339000.0
2018-01-08 15:21:43.578000,5.32,5.31,5.33,2339000.0
2018-01-08 15:21:47.456000,5.32,5.31,5.33,2339000.0
2018-01-08 15:21:51.239000,5.32,5.31,5.33,2339000.0
2018-01-08 15:21:54.828000,5.32,5.31,5.33,2339000.0
2018-01-08 15:21:58.484000,5.32,5.31,5.33,2339000.0
2018-01-08 15:22:03.110000,5.32,5.31,5.33,2339000.0
2018-01-08 15:22:07.132000,5.32,5.31,5.33,2339000.0
2018-01-08 15:22:14.469000,5.32,5.31,5.33,2339000.0
2018-01-08 15:22:18.189000,5.32,5.31,5.33,2339000.0
2018-01-08 15:22:22.045000,5.32,5.31,5.33,2339000.0
2018-01-08 15:22:25.459000,5.32,5.31,5.33,2339000.0
2018-01-08 15:22:28.954000,5.32,5.31,5.33,2339000.0
2018-01-08 15:22:32.795000,5.32,5.31,5.33,2339000.0
2018-01-08 15:22:36.013000,5.32,5.31,5.33,2339000.0
2018-01-08 15:22:39.565000,5.32,5.31,5.33,2339000.0
2018-01-08 15:22:42.934000,5.32,5.31,5.33,2339000.0
2018-01-08 15:22:46.763000,5.32,5.32,5.33,2339000.0
2018-01-08 15:22:50.106000,5.32,5.32,5.33,2339000.0
2018-01-08 15:22:54.107000,5.32,5.32,5.33,2339000.0
2018-01-08 15:22:58.298000,5.32,5.32,5.33,2339000.0
2018-01-08 15:23:01.753000,5.32,5.32,5.33,2339000.0
2018-01-08 15:23:06.615000,5.32,5.32,5.33,2339000.0
2018-01-08 15:23:10.424000,5.32,5.32,5.33,2339000.0
2018-01-08 15:23:14.512000,5.32,5.32,5.33,2339000.0
2018-01-08 15:23:17.944000,5.32,5.32,5.33,2339000.0
2018-01-08 15:23:21.183000,5.32,5.32,5.33,2339000.0
2018-01-08 15:23:25.132000,5.32,5.32,5.33,2339000.0
2018-01-08 15:23:28.893000,5.32,5.32,5.33,2339000.0
2018-01-08 15:23:32.054000,5.32,5.32,5.33,2339000.0
2018-01-08 15:23:35.897000,5.32,5.32,5.33,2339000.0
2018-01-08 15:23:40.246000,5.32,5.32,5.33,2339000.0
2018-01-08 15:23:44.037000,5.32,5.32,5.33,2339000.0
2018-01-08 15:23:47.139000,5.32,5.32,5.33,2339000.0
2018-01-08 15:23:51.302000,5.32,5.32,5.33,2339000.0
2018-01-08 15:23:55.310000,5.32,5.32,5.33,2339000.0
2018-01-08 15:23:59.514000,5.32,5.32,5.33,2339000.0
2018-01-08 15:24:03.662000,5.32,5.32,5.33,2339000.0
2018-01-08 15:24:07.647000,5.32,5.32,5.33,2339000.0
2018-01-08 15:24:11.422000,5.32,5.32,5.33,2339000.0
2018-01-08 15:24:17.314000,5.32,5.32,5.33,2339000.0
2018-01-08 15:24:20.938000,5.32,5.32,5.33,2339000.0
2018-01-08 15:24:24.192000,5.32,5.32,5.33,2339000.0
2018-01-08 15:24:27.684000,5.32,5.32,5.33,2339000.0
2018-01-08 15:24:30.959000,5.32,5.32,5.33,2339000.0
2018-01-08 15:24:34.763000,5.32,5.32,5.33,2339000.0
2018-01-08 15:24:38.661000,5.32,5.32,5.33,2339000.0
2018-01-08 15:24:42.506000,5.32,5.32,5.33,2339000.0
2018-01-08 15:24:46.571000,5.32,5.32,5.33,2339000.0
2018-01-08 15:24:50.389000,5.32,5.32,5.33,2339000.0
2018-01-08 15:24:54.278000,5.32,5.32,5.33,2339000.0
2018-01-08 15:24:57.960000,5.32,5.32,5.33,2339000.0
2018-01-08 15:25:02.007000,5.32,5.32,5.33,2339000.0
2018-01-08 15:25:06.381000,5.32,5.32,5.33,2339000.0
2018-01-08 15:25:14.026000,5.32,5.31,5.32,2339000.0
2018-01-08 15:25:17.642000,5.32,5.31,5.32,2339000.0
2018-01-08 15:25:21.959000,5.32,5.31,5.32,2339000.0
2018-01-08 15:25:25.419000,5.32,5.31,5.32,2339000.0
2018-01-08 15:25:28.789000,5.32,5.31,5.32,2339000.0
2018-01-08 15:25:32.294000,5.32,5.31,5.32,2339000.0
2018-01-08 15:25:36.058000,5.32,5.31,5.32,2339000.0
2018-01-08 15:25:39.523000,5.32,5.31,5.32,2339000.0
2018-01-08 15:25:43.287000,5.32,5.31,5.32,2339000.0
2018-01-08 15:25:48.088000,5.32,5.31,5.32,2339000.0
2018-01-08 15:25:52.235000,5.32,5.31,5.32,2339000.0
2018-01-08 15:25:56.451000,5.32,5.31,5.32,2339000.0
2018-01-08 15:26:00.400000,5.32,5.31,5.32,2339000.0
2018-01-08 15:26:04.630000,5.32,5.31,5.32,2339000.0
2018-01-08 15:26:08.552000,5.32,5.31,5.32,2339000.0
2018-01-08 15:26:12.975000,5.32,5.31,5.32,2339000.0
2018-01-08 15:26:16.952000,5.32,5.31,5.32,2339000.0
2018-01-08 15:26:20.356000,5.32,5.31,5.32,2339000.0
2018-01-08 15:26:23.772000,5.32,5.31,5.32,2339000.0
2018-01-08 15:26:27.551000,5.32,5.31,5.32,2339000.0
2018-01-08 15:26:31.322000,5.32,5.31,5.32,2339000.0
2018-01-08 15:26:35.010000,5.32,5.31,5.32,2339000.0
2018-01-08 15:26:38.208000,5.32,5.31,5.32,2339000.0
2018-01-08 15:26:41.480000,5.32,5.31,5.32,2339000.0
2018-01-08 15:26:44.837000,5.32,5.31,5.32,2339000.0
2018-01-08 15:26:48.373000,5.32,5.31,5.32,2339000.0
2018-01-08 15:26:52.184000,5.32,5.31,5.32,2339000.0
2018-01-08 15:26:56.229000,5.32,5.31,5.32,2339000.0
2018-01-08 15:26:59.994000,5.32,5.31,5.32,2339000.0
2018-01-08 15:27:03.820000,5.32,5.31,5.32,2390000.0
2018-01-08 15:27:07.529000,5.32,5.31,5.32,2390000.0
2018-01-08 15:27:15.837000,5.32,5.31,5.32,2390000.0
2018-01-08 15:27:19.540000,5.32,5.31,5.32,2390000.0
2018-01-08 15:27:23.853000,5.32,5.31,5.32,2390000.0
2018-01-08 15:27:27.293000,5.32,5.31,5.32,2390000.0
2018-01-08 15:27:31.200000,5.32,5.31,5.32,2390000.0
2018-01-08 15:27:35.480000,5.32,5.31,5.32,2390000.0
2018-01-08 15:27:39.554000,5.32,5.31,5.32,2390000.0
2018-01-08 15:27:42.563000,5.32,5.31,5.32,2390000.0
2018-01-08 15:27:45.918000,5.32,5.31,5.32,2390000.0
2018-01-08 15:27:50.195000,5.32,5.31,5.32,2390000.0
2018-01-08 15:27:54.163000,5.32,5.31,5.32,2390000.0
2018-01-08 15:27:58.090000,5.32,5.31,5.32,2390000.0
2018-01-08 15:28:01.449000,5.32,5.31,5.32,2390000.0
2018-01-08 15:28:05.237000,5.32,5.31,5.32,2390000.0
2018-01-08 15:28:09.119000,5.32,5.31,5.32,2390000.0
2018-01-08 15:28:12.841000,5.32,5.31,5.32,2390000.0
2018-01-08 15:28:16.620000,5.32,5.31,5.32,2390000.0
2018-01-08 15:28:20.645000,5.32,5.31,5.32,2390000.0
2018-01-08 15:28:24.575000,5.32,5.31,5.32,2390000.0
2018-01-08 15:28:28.269000,5.32,5.31,5.32,2390000.0
2018-01-08 15:28:32.015000,5.32,5.31,5.32,2390000.0
2018-01-08 15:28:36.336000,5.32,5.31,5.32,2390000.0
2018-01-08 15:28:39.816000,5.32,5.31,5.32,2390000.0
2018-01-08 15:28:43.413000,5.32,5.31,5.32,2390000.0
2018-01-08 15:28:47.195000,5.32,5.31,5.32,2390000.0
2018-01-08 15:28:50.950000,5.32,5.31,5.32,2390000.0
2018-01-08 15:28:54.650000,5.32,5.31,5.32,2390000.0
2018-01-08 15:28:59.537000,5.32,5.31,5.32,2390000.0
2018-01-08 15:29:03.071000,5.32,5.31,5.32,2390000.0
2018-01-08 15:29:07.121000,5.32,5.31,5.32,2390000.0
2018-01-08 15:29:10.718000,5.32,5.31,5.32,2390000.0
2018-01-08 15:29:16.670000,5.32,5.31,5.32,2390000.0
2018-01-08 15:29:20.903000,5.32,5.31,5.32,2390000.0
2018-01-08 15:29:24.841000,5.32,5.31,5.32,2390000.0
2018-01-08 15:29:28.759000,5.32,5.31,5.32,2390000.0
2018-01-08 15:29:32.711000,5.32,5.31,5.32,2390000.0
2018-01-08 15:29:36.358000,5.32,5.31,5.32,2390000.0
2018-01-08 15:29:40.514000,5.32,5.31,5.32,2390000.0
2018-01-08 15:29:44.220000,5.32,5.31,5.32,2390000.0
2018-01-08 15:29:47.992000,5.32,5.31,5.32,2390000.0
2018-01-08 15:29:52.628000,5.32,5.31,5.32,2390000.0
2018-01-08 15:29:56.131000,5.32,5.31,5.32,2390000.0
2018-01-08 15:29:59.984000,5.32,5.31,5.32,2390000.0
2018-01-08 15:30:03.664000,5.32,5.31,5.32,2390000.0
2018-01-08 15:30:08.470000,5.32,5.31,5.32,2390000.0
2018-01-08 15:30:15.698000,5.32,5.31,5.32,2390000.0
2018-01-08 15:30:19.839000,5.32,5.31,5.32,2390400.0
2018-01-08 15:30:23.708000,5.32,5.31,5.32,2390400.0
2018-01-08 15:30:27.583000,5.32,5.31,5.32,2390400.0
2018-01-08 15:30:32.020000,5.32,5.31,5.32,2390400.0
2018-01-08 15:30:36.009000,5.32,5.31,5.32,2390400.0
2018-01-08 15:30:39.764000,5.32,5.31,5.32,2390400.0
2018-01-08 15:30:42.919000,5.32,5.32,5.33,2390400.0
2018-01-08 15:30:46.843000,5.32,5.32,5.33,2390400.0
2018-01-08 15:30:51.099000,5.32,5.32,5.33,2390400.0
2018-01-08 15:30:54.641000,5.32,5.32,5.33,2390400.0
2018-01-08 15:30:58.291000,5.32,5.32,5.33,2390400.0
2018-01-08 15:31:01.861000,5.32,5.32,5.33,2390400.0
2018-01-08 15:31:05.852000,5.32,5.32,5.33,2390400.0
