time,price,bid,ask,volume
2018-01-09 13:00:56.005000,31.25,31.2,31.25,29458012.0
2018-01-09 13:00:59.754000,31.25,31.2,31.25,29458012.0
2018-01-09 13:01:03.098000,31.25,31.2,31.25,29458012.0
2018-01-09 13:01:06.851000,31.25,31.2,31.25,29458012.0
2018-01-09 13:01:10.461000,31.25,31.2,31.25,29458012.0
2018-01-09 13:01:14.348000,31.25,31.2,31.25,29458012.0
2018-01-09 13:01:19.201000,31.25,31.2,31.25,29458012.0
2018-01-09 13:01:22.458000,31.25,31.2,31.25,29458012.0
2018-01-09 13:01:26.204000,31.25,31.2,31.25,29458012.0
2018-01-09 13:01:29.278000,31.25,31.2,31.25,29458012.0
2018-01-09 13:01:32.956000,31.25,31.2,31.25,29464090.0
2018-01-09 13:01:36.589000,31.25,31.2,31.25,29464090.0
2018-01-09 13:01:40.643000,31.25,31.2,31.25,29464090.0
2018-01-09 13:01:44.895000,31.25,31.2,31.25,29464090.0
2018-01-09 13:01:48.435000,31.25,31.2,31.25,29464090.0
2018-01-09 13:01:51.706000,31.25,31.2,31.25,29464090.0
2018-01-09 13:01:55.633000,31.25,31.2,31.25,29464090.0
2018-01-09 13:01:58.419000,31.25,31.2,31.25,29464090.0
2018-01-09 13:02:03.869000,31.25,31.2,31.25,29464090.0
2018-01-09 13:02:07.200000,31.25,31.2,31.25,29464090.0
2018-01-09 13:02:10.280000,31.25,31.2,31.25,29464090.0
2018-01-09 13:02:13.623000,31.25,31.2,31.25,29464090.0
2018-01-09 13:02:17.180000,31.25,31.2,31.25,29464090.0
2018-01-09 13:02:20.685000,31.25,31.2,31.25,29464090.0
2018-01-09 13:02:24.634000,31.25,31.2,31.25,29464090.0
2018-01-09 13:02:28.204000,31.25,31.2,31.25,29478090.0
2018-01-09 13:02:31.041000,31.25,31.2,31.25,29478090.0
2018-01-09 13:02:34.170000,31.25,31.2,31.25,29478090.0
2018-01-09 13:02:37.430000,31.25,31.2,31.25,29478090.0
2018-01-09 13:02:41.254000,31.25,31.2,31.25,29478090.0
2018-01-09 13:02:45.153000,31.25,31.2,31.25,29478090.0
2018-01-09 13:02:48.232000,31.25,31.2,31.25,29478090.0
2018-01-09 13:02:52.219000,31.25,31.2,31.25,29478090.0
2018-01-09 13:02:55.835000,31.25,31.2,31.25,29478090.0
2018-01-09 13:02:59.271000,31.25,31.2,31.25,29478090.0
2018-01-09 13:03:03.326000,31.25,31.2,31.25,29478090.0
2018-01-09 13:03:06.822000,31.25,31.2,31.25,29478090.0
2018-01-09 13:03:10.515000,31.25,31.2,31.25,29478090.0
2018-01-09 13:03:15.151000,31.25,31.2,31.25,29478090.0
2018-01-09 13:03:18.929000,31.25,31.2,31.25,29478090.0
2018-01-09 13:03:22.852000,31.25,31.2,31.25,29478090.0
2018-01-09 13:03:26.869000,31.25,31.2,31.25,29478090.0
2018-01-09 13:03:29.603000,31.25,31.2,31.25,29478090.0
2018-01-09 13:03:32.789000,31.25,31.2,31.25,29478090.0
2018-01-09 13:03:36.387000,31.25,31.2,31.25,29478090.0
2018-01-09 13:03:40.104000,31.25,31.2,31.25,29500590.0
2018-01-09 13:03:43.749000,31.25,31.2,31.25,29500590.0
2018-01-09 13:03:47.472000,31.25,31.2,31.25,29500590.0
2018-01-09 13:03:51.172000,31.25,31.2,31.25,29500590.0
2018-01-09 13:03:54.916000,31.25,31.2,31.25,29500590.0
2018-01-09 13:03:58.831000,31.25,31.2,31.25,29500590.0
2018-01-09 13:04:02.610000,31.25,31.2,31.25,29500590.0
2018-01-09 13:04:06.350000,31.25,31.2,31.25,29500590.0
2018-01-09 13:04:09.975000,31.25,31.2,31.25,29500590.0
2018-01-09 13:04:17.155000,31.25,31.2,31.25,29500590.0
2018-01-09 13:04:20.429000,31.25,31.2,31.25,29500590.0
2018-01-09 13:04:24.060000,31.25,31.2,31.25,29500590.0
2018-01-09 13:04:27.222000,31.25,31.2,31.25,29500590.0
2018-01-09 13:04:30.648000,31.25,31.2,31.25,29500590.0
2018-01-09 13:04:34.544000,31.25,31.2,31.25,29500590.0
2018-01-09 13:04:37.905000,31.25,31.2,31.25,29500590.0
2018-01-09 13:04:41.224000,31.25,31.2,31.25,29500590.0
2018-01-09 13:04:44.591000,31.25,31.2,31.25,29500590.0
2018-01-09 13:04:48.410000,31.25,31.2,31.25,29500590.0
2018-01-09 13:04:51.553000,31.25,31.2,31.25,29500590.0
2018-01-09 13:04:55.499000,31.25,31.2,31.25,29500590.0
2018-01-09 13:04:58.711000,31.2,31.2,31.25,29522090.0
2018-01-09 13:05:03.779000,31.2,31.2,31.25,29522090.0
2018-01-09 13:05:11.124000,31.2,31.2,31.25,29522090.0
2018-01-09 13:05:17.659000,31.2,31.2,31.25,29522090.0
2018-01-09 13:05:21.624000,31.2,31.2,31.25,29522090.0
2018-01-09 13:05:24.840000,31.2,31.2,31.25,29522090.0
2018-01-09 13:05:28.482000,31.2,31.2,31.25,29522090.0
2018-01-09 13:05:31.644000,31.2,31.2,31.25,29522090.0
2018-01-09 13:05:35.274000,31.2,31.2,31.25,29522090.0
2018-01-09 13:05:38.928000,31.2,31.2,31.25,29573090.0
2018-01-09 13:05:42.648000,31.2,31.15,31.25,29925090.0
2018-01-09 13:05:46.050000,31.2,31.15,31.25,30527090.0
2018-01-09 13:05:49.894000,31.2,31.15,31.25,30527090.0
2018-01-09 13:05:53.095000,31.2,31.15,31.25,30527090.0
2018-01-09 13:05:55.887000,31.2,31.15,31.25,30527090.0
2018-01-09 13:05:59.749000,31.2,31.15,31.25,30527090.0
2018-01-09 13:06:03.807000,31.2,31.15,31.25,30527090.0
2018-01-09 13:06:07.607000,31.2,31.15,31.25,30527090.0
2018-01-09 13:06:13.769000,31.2,31.15,31.25,30527090.0
2018-01-09 13:06:17.370000,31.2,31.15,31.25,30527090.0
2018-01-09 13:06:21.068000,31.2,31.15,31.25,30527090.0
2018-01-09 13:06:24.637000,31.2,31.15,31.25,30527090.0
2018-01-09 13:06:28.519000,31.2,31.15,31.25,30527090.0
2018-01-09 13:06:32.253000,31.2,31.15,31.25,30527090.0
2018-01-09 13:06:35.270000,31.2,31.15,31.25,30527090.0
2018-01-09 13:06:39.142000,31.2,31.15,31.25,30527090.0
2018-01-09 13:06:42.871000,31.2,31.15,31.25,30527090.0
2018-01-09 13:06:46.290000,31.2,31.15,31.25,30527090.0
2018-01-09 13:06:49.392000,31.2,31.15,31.25,30527090.0
2018-01-09 13:06:53.289000,31.2,31.15,31.25,30527090.0
2018-01-09 13:06:57.063000,31.2,31.2,31.25,30729090.0
2018-01-09 13:07:00.610000,31.2,31.2,31.25,30729090.0
2018-01-09 13:07:03.863000,31.2,31.2,31.25,30729090.0
2018-01-09 13:07:07.839000,31.2,31.2,31.25,30729090.0
2018-01-09 13:07:11.162000,31.2,31.2,31.25,30729090.0
2018-01-09 13:07:14.819000,31.2,31.2,31.25,30729090.0
2018-01-09 13:07:18.877000,31.2,31.2,31.25,30729090.0
2018-01-09 13:07:22.557000,31.2,31.2,31.25,30729090.0
2018-01-09 13:07:26.404000,31.2,31.2,31.25,30729090.0
2018-01-09 13:07:29.766000,31.2,31.2,31.25,30729090.0
2018-01-09 13:07:33.484000,31.2,31.2,31.25,30729090.0
2018-01-09 13:07:36.826000,31.2,31.2,31.25,30729090.0
2018-01-09 13:07:40.323000,31.2,31.2,31.25,30729090.0
2018-01-09 13:07:43.561000,31.2,31.2,31.25,30729090.0
2018-01-09 13:07:46.926000,31.2,31.2,31.25,30729090.0
2018-01-09 13:07:50.797000,31.2,31.2,31.25,30729090.0
2018-01-09 13:07:54.637000,31.2,31.2,31.25,30729090.0
2018-01-09 13:07:57.938000,31.2,31.2,31.25,30894590.0
2018-01-09 13:08:01.407000,31.2,31.2,31.25,30894590.0
2018-01-09 13:08:05.185000,31.2,31.2,31.25,30894590.0
2018-01-09 13:08:08.866000,31.2,31.2,31.25,30894590.0
2018-01-09 13:08:15.300000,31.2,31.2,31.25,30894590.0
2018-01-09 13:08:18.587000,31.2,31.2,31.25,30894590.0
2018-01-09 13:08:22.726000,31.2,31.2,31.25,30894590.0
2018-01-09 13:08:26.263000,31.2,31.2,31.25,30894590.0
2018-01-09 13:08:29.803000,31.2,31.2,31.25,30894590.0
2018-01-09 13:08:33.038000,31.2,31.2,31.25,30894590.0
2018-01-09 13:08:36.875000,31.2,31.2,31.25,30894590.0
2018-01-09 13:08:40.941000,31.2,31.2,31.25,30894590.0
2018-01-09 13:08:44.873000,31.2,31.2,31.25,30894590.0
2018-01-09 13:08:48.423000,31.2,31.2,31.25,30894590.0
2018-01-09 13:08:52.009000,31.2,31.2,31.25,30894590.0
2018-01-09 13:08:55.012000,31.2,31.2,31.25,30894590.0
2018-01-09 13:08:58.705000,31.2,31.2,31.25,30894590.0
2018-01-09 13:09:02.054000,31.2,31.2,31.25,30894590.0
2018-01-09 13:09:05.951000,31.2,31.2,31.25,30894590.0
2018-01-09 13:09:11.016000,31.2,31.2,31.25,30894590.0
2018-01-09 13:09:19.735000,31.2,31.2,31.25,30894590.0
2018-01-09 13:09:23.011000,31.2,31.2,31.25,30894590.0
2018-01-09 13:09:26.483000,31.2,31.2,31.25,30894590.0
2018-01-09 13:09:30.193000,31.2,31.2,31.25,30894590.0
2018-01-09 13:09:32.417000,31.2,31.2,31.25,30894590.0
2018-01-09 13:09:36.242000,31.2,31.2,31.25,30895090.0
2018-01-09 13:09:40.091000,31.2,31.2,31.25,30895090.0
2018-01-09 13:09:43.632000,31.2,31.2,31.25,30895090.0
2018-01-09 13:09:47.401000,31.2,31.2,31.25,30895090.0
2018-01-09 13:09:50.760000,31.2,31.2,31.25,30895090.0
2018-01-09 13:09:54.242000,31.2,31.2,31.25,30895090.0
2018-01-09 13:09:58.084000,31.2,31.2,31.25,30895090.0
2018-01-09 13:10:01.468000,31.2,31.2,31.25,30895090.0
2018-01-09 13:10:04.152000,31.2,31.2,31.25,30895090.0
2018-01-09 13:10:07.989000,31.2,31.2,31.25,30895090.0
2018-01-09 13:10:15.333000,31.2,31.2,31.25,30895090.0
2018-01-09 13:10:18.637000,31.2,31.2,31.25,30895090.0
2018-01-09 13:10:21.906000,31.2,31.2,31.25,30895090.0
2018-01-09 13:10:25.507000,31.2,31.2,31.25,30895090.0
2018-01-09 13:10:29.558000,31.2,31.2,31.25,30895090.0
2018-01-09 13:10:33.512000,31.2,31.2,31.25,30895090.0
2018-01-09 13:10:36.825000,31.2,31.2,31.25,30895090.0
2018-01-09 13:10:40.326000,31.2,31.2,31.25,30895090.0
2018-01-09 13:10:43.881000,31.2,31.2,31.25,30895090.0
2018-01-09 13:10:47.287000,31.2,31.2,31.25,30895090.0
2018-01-09 13:10:51.049000,31.2,31.2,31.25,30895090.0
2018-01-09 13:10:54.608000,31.2,31.2,31.25,30895090.0
2018-01-09 13:10:58.541000,31.2,31.2,31.25,30895090.0
2018-01-09 13:11:02.109000,31.2,31.2,31.25,30895090.0
2018-01-09 13:11:05.441000,31.2,31.2,31.25,30895090.0
2018-01-09 13:11:09.124000,31.2,31.2,31.25,30895090.0
2018-01-09 13:11:13.267000,31.2,31.2,31.25,30895090.0
2018-01-09 13:11:19.491000,31.25,31.2,31.25,31715090.0
2018-01-09 13:11:23.026000,31.25,31.2,31.25,31715090.0
2018-01-09 13:11:26.453000,31.25,31.2,31.25,31715090.0
2018-01-09 13:11:29.963000,31.25,31.2,31.25,31715090.0
2018-01-09 13:11:33.735000,31.25,31.2,31.25,31715090.0
2018-01-09 13:11:37.370000,31.25,31.2,31.25,31715090.0
2018-01-09 13:11:41.455000,31.25,31.2,31.25,31715090.0
2018-01-09 13:11:45.468000,31.25,31.2,31.25,31715090.0
2018-01-09 13:11:49.189000,31.25,31.2,31.25,31715090.0
2018-01-09 13:11:52.983000,31.25,31.2,31.25,31715090.0
2018-01-09 13:11:56.820000,31.2,31.2,31.25,32409090.0
2018-01-09 13:11:59.937000,31.2,31.2,31.25,32409090.0
2018-01-09 13:12:02.876000,31.2,31.2,31.25,32409090.0
2018-01-09 13:12:06.847000,31.2,31.2,31.25,32409090.0
2018-01-09 13:12:09.884000,31.2,31.2,31.25,32409090.0
2018-01-09 13:12:15.504000,31.2,31.2,31.25,32409090.0
2018-01-09 13:12:20.222000,31.2,31.2,31.25,32409090.0
2018-01-09 13:12:22.919000,31.2,31.2,31.25,32409090.0
2018-01-09 13:12:26.250000,31.2,31.2,31.25,32409090.0
2018-01-09 13:12:29.489000,31.2,31.2,31.25,32409090.0
2018-01-09 13:12:34.013000,31.2,31.2,31.25,32409090.0
2018-01-09 13:12:38.353000,31.2,31.2,31.25,32409090.0
2018-01-09 13:12:42.092000,31.2,31.2,31.25,32409090.0
2018-01-09 13:12:45.975000,31.2,31.15,31.2,32694090.0
2018-01-09 13:12:49.531000,31.2,31.15,31.2,32694090.0
2018-01-09 13:12:53.194000,31.2,31.15,31.2,32694090.0
2018-01-09 13:12:56.739000,31.2,31.15,31.2,32694090.0
2018-01-09 13:13:00.137000,31.2,31.15,31.2,32694090.0
2018-01-09 13:13:03.994000,31.2,31.15,31.2,32694090.0
2018-01-09 13:13:07.288000,31.2,31.15,31.2,32694090.0
2018-01-09 13:13:13.349000,31.2,31.15,31.2,32694090.0
2018-01-09 13:13:17.549000,31.2,31.15,31.2,32694090.0
2018-01-09 13:13:21.774000,31.2,31.15,31.2,32694090.0
2018-01-09 13:13:25.229000,31.2,31.15,31.2,32694090.0
2018-01-09 13:13:28.646000,31.2,31.15,31.2,32694090.0
2018-01-09 13:13:32.014000,31.2,31.15,31.2,32694090.0
2018-01-09 13:13:37.008000,31.2,31.15,31.2,32694090.0
2018-01-09 13:13:40.301000,31.2,31.15,31.2,32694090.0
2018-01-09 13:13:43.858000,31.2,31.15,31.2,32694090.0
2018-01-09 13:13:47.413000,31.2,31.15,31.2,32694090.0
2018-01-09 13:13:51.135000,31.2,31.15,31.2,32694090.0
2018-01-09 13:13:54.903000,31.2,31.15,31.2,32694090.0
2018-01-09 13:13:58.069000,31.2,31.15,31.2,32694090.0
2018-01-09 13:14:01.319000,31.2,31.15,31.2,32694090.0
2018-01-09 13:14:05.376000,31.2,31.15,31.2,32694090.0
2018-01-09 13:14:08.557000,31.2,31.15,31.2,32694090.0
2018-01-09 13:14:16.060000,31.2,31.15,31.2,32694090.0
2018-01-09 13:14:20.307000,31.2,31.15,31.2,32694090.0
2018-01-09 13:14:24.007000,31.2,31.15,31.2,32694090.0
2018-01-09 13:14:28.354000,31.2,31.15,31.2,32694090.0
2018-01-09 13:14:32.067000,31.2,31.15,31.2,32694090.0
2018-01-09 13:14:35.710000,31.2,31.15,31.2,32694090.0
2018-01-09 13:14:39.332000,31.15,31.15,31.2,32704090.0
2018-01-09 13:14:42.394000,31.15,31.15,31.2,32704090.0
2018-01-09 13:14:46.295000,31.15,31.15,31.2,32704090.0
2018-01-09 13:14:50.328000,31.15,31.15,31.2,32704090.0
2018-01-09 13:14:54.247000,31.15,31.15,31.2,32704090.0
2018-01-09 13:14:58.203000,31.15,31.15,31.2,32704090.0
2018-01-09 13:15:02.284000,31.15,31.15,31.2,32704090.0
2018-01-09 13:15:05.615000,31.15,31.15,31.2,32704090.0
2018-01-09 13:15:12.447000,31.15,31.15,31.2,32704090.0
2018-01-09 13:15:15.995000,31.15,31.15,31.2,32704090.0
2018-01-09 13:15:19.658000,31.15,31.15,31.2,32704090.0
2018-01-09 13:15:23.529000,31.15,31.15,31.2,32704090.0
2018-01-09 13:15:27.255000,31.15,31.15,31.2,32704090.0
2018-01-09 13:15:30.758000,31.15,31.15,31.2,32704090.0
2018-01-09 13:15:34.390000,31.15,31.15,31.2,32704090.0
2018-01-09 13:15:37.625000,31.15,31.15,31.2,32704090.0
2018-01-09 13:15:41.735000,31.15,31.15,31.2,32704090.0
2018-01-09 13:15:45.166000,31.15,31.15,31.2,32704090.0
2018-01-09 13:15:48.985000,31.15,31.15,31.2,32704090.0
2018-01-09 13:15:52.243000,31.15,31.15,31.2,32704090.0
2018-01-09 13:15:56.215000,31.15,31.15,31.2,32704090.0
2018-01-09 13:15:59.991000,31.15,31.15,31.2,32704090.0
2018-01-09 13:16:03.837000,31.15,31.15,31.2,32704090.0
2018-01-09 13:16:07.461000,31.15,31.15,31.2,32704090.0
2018-01-09 13:16:11.293000,31.15,31.15,31.2,32710090.0
2018-01-09 13:16:14.885000,31.15,31.15,31.2,32710090.0
2018-01-09 13:16:18,31.15,31.15,31.2,32710090.0
2018-01-09 13:16:22.208000,31.15,31.15,31.2,32710090.0
2018-01-09 13:16:25.576000,31.15,31.15,31.2,32710090.0
2018-01-09 13:16:29.677000,31.15,31.15,31.2,32710090.0
2018-01-09 13:16:32.932000,31.15,31.15,31.2,32710090.0
2018-01-09 13:16:36.774000,31.15,31.15,31.2,32710090.0
2018-01-09 13:16:40.280000,31.15,31.15,31.2,32710090.0
2018-01-09 13:16:44.190000,31.15,31.15,31.2,32710090.0
2018-01-09 13:16:47.911000,31.15,31.15,31.2,32710090.0
2018-01-09 13:16:51.348000,31.15,31.15,31.2,32710090.0
2018-01-09 13:16:54.506000,31.15,31.15,31.2,32710090.0
2018-01-09 13:16:57.617000,31.15,31.15,31.2,32710090.0
2018-01-09 13:17:01.694000,31.15,31.15,31.2,32710090.0
2018-01-09 13:17:05.485000,31.15,31.15,31.2,32710090.0
2018-01-09 13:17:09.002000,31.15,31.15,31.2,32710090.0
2018-01-09 13:17:14.446000,31.15,31.15,31.2,32710090.0
2018-01-09 13:17:18.198000,31.15,31.15,31.2,32710090.0
2018-01-09 13:17:22.054000,31.15,31.15,31.2,32710090.0
2018-01-09 13:17:25.944000,31.15,31.15,31.2,32710090.0
2018-01-09 13:17:29.284000,31.15,31.15,31.2,32710090.0
2018-01-09 13:17:33.264000,31.15,31.15,31.2,32710090.0
2018-01-09 13:17:36.841000,31.15,31.15,31.2,32710090.0
2018-01-09 13:17:39.919000,31.15,31.15,31.2,32710090.0
2018-01-09 13:17:43.427000,31.15,31.15,31.2,32710090.0
2018-01-09 13:17:47.404000,31.15,31.15,31.2,32710090.0
2018-01-09 13:17:51.116000,31.15,31.15,31.2,32710090.0
2018-01-09 13:17:54.728000,31.15,31.15,31.2,32710090.0
2018-01-09 13:17:58.328000,31.15,31.15,31.2,32710090.0
2018-01-09 13:18:02.352000,31.15,31.15,31.2,32710090.0
2018-01-09 13:18:05.325000,31.15,31.15,31.2,32710090.0
2018-01-09 13:18:09.012000,31.15,31.15,31.2,32710090.0
2018-01-09 13:18:13.147000,31.15,31.15,31.2,32710090.0
2018-01-09 13:18:16.859000,31.2,31.15,31.2,32742590.0
2018-01-09 13:18:20.653000,31.2,31.15,31.2,32742590.0
2018-01-09 13:18:24.329000,31.2,31.15,31.2,32742590.0
2018-01-09 13:18:27.790000,31.2,31.15,31.2,32742590.0
2018-01-09 13:18:31.704000,31.2,31.15,31.2,32742590.0
2018-01-09 13:18:35.688000,31.2,31.15,31.2,32742590.0
2018-01-09 13:18:39.622000,31.2,31.15,31.2,32742590.0
2018-01-09 13:18:43.352000,31.2,31.15,31.2,32742590.0
2018-01-09 13:18:46.769000,31.2,31.15,31.2,32742590.0
2018-01-09 13:18:50.621000,31.2,31.15,31.2,32742590.0
2018-01-09 13:18:54.208000,31.2,31.15,31.2,32742590.0
2018-01-09 13:18:57.650000,31.2,31.15,31.2,32742590.0
2018-01-09 13:19:01.371000,31.2,31.15,31.2,32742590.0
2018-01-09 13:19:05.682000,31.2,31.15,31.2,32742590.0
2018-01-09 13:19:11.376000,31.2,31.15,31.2,32742590.0
2018-01-09 13:19:14.984000,31.2,31.15,31.2,32742590.0
2018-01-09 13:19:20.753000,31.2,31.15,31.2,32742590.0
2018-01-09 13:19:24.557000,31.2,31.15,31.2,32742590.0
2018-01-09 13:19:28.106000,31.2,31.15,31.2,32742590.0
2018-01-09 13:19:31.663000,31.2,31.15,31.2,32742590.0
2018-01-09 13:19:35.972000,31.2,31.15,31.2,32742590.0
2018-01-09 13:19:39.431000,31.2,31.15,31.2,32742590.0
2018-01-09 13:19:43.004000,31.2,31.15,31.2,32742590.0
2018-01-09 13:19:46.878000,31.2,31.15,31.2,32742590.0
2018-01-09 13:19:50.691000,31.15,31.15,31.2,33953590.0
2018-01-09 13:19:54.075000,31.15,31.15,31.2,33953590.0
2018-01-09 13:19:57.548000,31.15,31.15,31.2,33953590.0
2018-01-09 13:20:00.925000,31.15,31.15,31.2,33953590.0
2018-01-09 13:20:04.964000,31.15,31.15,31.2,33953590.0
2018-01-09 13:20:09.438000,31.15,31.15,31.2,33953590.0
2018-01-09 13:20:13.963000,31.15,31.15,31.2,34740590.0
2018-01-09 13:20:17.348000,31.15,31.15,31.2,34740590.0
2018-01-09 13:20:21.034000,31.15,31.15,31.2,34740590.0
2018-01-09 13:20:24.425000,31.15,31.15,31.2,34740590.0
2018-01-09 13:20:28.178000,31.15,31.15,31.2,34740590.0
2018-01-09 13:20:31.880000,31.15,31.15,31.2,34740590.0
2018-01-09 13:20:35.715000,31.15,31.15,31.2,34740590.0
2018-01-09 13:20:39.593000,31.15,31.15,31.2,34740590.0
2018-01-09 13:20:42.941000,31.15,31.15,31.2,34740590.0
2018-01-09 13:20:46.333000,31.15,31.15,31.2,34740590.0
2018-01-09 13:20:49.725000,31.15,31.15,31.2,34740590.0
2018-01-09 13:20:53.365000,31.15,31.15,31.2,34740590.0
2018-01-09 13:20:56.832000,31.15,31.15,31.2,34740590.0
2018-01-09 13:21:00.553000,31.15,31.15,31.2,34740590.0
2018-01-09 13:21:04.328000,31.15,31.15,31.2,34740590.0
2018-01-09 13:21:12.184000,31.15,31.15,31.2,34740590.0
2018-01-09 13:21:18.053000,31.15,31.15,31.2,34903090.0
2018-01-09 13:21:22.111000,31.15,31.15,31.2,34903090.0
2018-01-09 13:21:26.598000,31.15,31.15,31.2,34903090.0
2018-01-09 13:21:29.777000,31.15,31.15,31.2,34903090.0
2018-01-09 13:21:33.777000,31.15,31.15,31.2,34903090.0
2018-01-09 13:21:37.566000,31.15,31.15,31.2,34903090.0
2018-01-09 13:21:41.551000,31.15,31.15,31.2,35414783.0
2018-01-09 13:21:44.185000,31.15,31.15,31.2,35414783.0
2018-01-09 13:21:47.498000,31.15,31.15,31.2,35414783.0
2018-01-09 13:21:51.984000,31.15,31.15,31.2,35414783.0
2018-01-09 13:21:55.688000,31.15,31.15,31.2,35414783.0
2018-01-09 13:21:59.733000,31.15,31.15,31.2,35414783.0
2018-01-09 13:22:03.408000,31.15,31.15,31.2,35414783.0
2018-01-09 13:22:07.313000,31.15,31.15,31.2,35414783.0
2018-01-09 13:22:10.454000,31.15,31.15,31.2,35414783.0
2018-01-09 13:22:13.945000,31.15,31.15,31.2,35414783.0
2018-01-09 13:22:17.539000,31.15,31.15,31.2,35414783.0
2018-01-09 13:22:21.423000,31.15,31.15,31.2,35414783.0
2018-01-09 13:22:24.764000,31.15,31.15,31.2,35414783.0
2018-01-09 13:22:28.067000,31.15,31.15,31.2,35414783.0
2018-01-09 13:22:32.076000,31.15,31.15,31.2,35414783.0
2018-01-09 13:22:35.376000,31.15,31.15,31.2,35414783.0
2018-01-09 13:22:39.270000,31.15,31.15,31.2,35414783.0
2018-01-09 13:22:42.474000,31.15,31.15,31.2,35621783.0
2018-01-09 13:22:45.955000,31.15,31.15,31.2,35621783.0
2018-01-09 13:22:48.881000,31.15,31.15,31.2,35621783.0
2018-01-09 13:22:52.613000,31.15,31.15,31.2,35621783.0
2018-01-09 13:22:56.565000,31.15,31.15,31.2,35621783.0
2018-01-09 13:22:59.635000,31.15,31.15,31.2,35621783.0
2018-01-09 13:23:03.025000,31.15,31.15,31.2,35621783.0
2018-01-09 13:23:06.956000,31.15,31.15,31.2,35621783.0
2018-01-09 13:23:11.016000,31.15,31.15,31.2,35621783.0
2018-01-09 13:23:14.944000,31.15,31.15,31.2,35621783.0
2018-01-09 13:23:19.588000,31.15,31.15,31.2,35621783.0
2018-01-09 13:23:22.905000,31.15,31.15,31.2,35621783.0
2018-01-09 13:23:26.689000,31.15,31.15,31.2,35621783.0
2018-01-09 13:23:30.320000,31.15,31.15,31.2,35621783.0
2018-01-09 13:23:34.124000,31.15,31.15,31.2,35621783.0
2018-01-09 13:23:38.196000,31.15,31.15,31.2,35621783.0
2018-01-09 13:23:42.338000,31.15,31.15,31.2,35621783.0
2018-01-09 13:23:45.753000,31.15,31.15,31.2,35621783.0
2018-01-09 13:23:49.743000,31.15,31.15,31.2,35621783.0
2018-01-09 13:23:53.329000,31.15,31.15,31.2,35621783.0
2018-01-09 13:23:57.025000,31.15,31.15,31.2,35621783.0
2018-01-09 13:24:01.310000,31.15,31.15,31.2,35621783.0
2018-01-09 13:24:04.918000,31.15,31.15,31.2,35621783.0
2018-01-09 13:24:08.867000,31.15,31.15,31.2,35621783.0
2018-01-09 13:24:13.843000,31.15,31.15,31.2,35621783.0
2018-01-09 13:24:18.595000,31.15,31.15,31.2,35637283.0
2018-01-09 13:24:22.502000,31.15,31.15,31.2,35637283.0
2018-01-09 13:24:26.136000,31.15,31.15,31.2,35637283.0
2018-01-09 13:24:30.027000,31.15,31.15,31.2,35637283.0
2018-01-09 13:24:33.530000,31.15,31.15,31.2,35637283.0
2018-01-09 13:24:37.541000,31.15,31.15,31.2,35637283.0
2018-01-09 13:24:41.420000,31.15,31.15,31.2,35637283.0
2018-01-09 13:24:45.781000,31.15,31.15,31.2,35637283.0
2018-01-09 13:24:49.905000,31.15,31.15,31.2,35637283.0
2018-01-09 13:24:53.593000,31.15,31.15,31.2,35637283.0
2018-01-09 13:24:57.237000,31.15,31.15,31.2,35637283.0
2018-01-09 13:25:00.854000,31.15,31.15,31.2,35637283.0
2018-01-09 13:25:06.439000,31.15,31.15,31.2,35637283.0
2018-01-09 13:25:12.380000,31.15,31.15,31.2,35637283.0
2018-01-09 13:25:16.373000,31.15,31.15,31.2,35637283.0
2018-01-09 13:25:20.061000,31.15,31.15,31.2,35637283.0
2018-01-09 13:25:23.864000,31.15,31.15,31.2,35637283.0
2018-01-09 13:25:27.684000,31.15,31.15,31.2,35637283.0
2018-01-09 13:25:31.514000,31.15,31.15,31.2,35637303.0
2018-01-09 13:25:35.058000,31.15,31.15,31.2,35637303.0
2018-01-09 13:25:38.980000,31.15,31.15,31.2,35637303.0
2018-01-09 13:25:42.328000,31.15,31.15,31.2,35637303.0
2018-01-09 13:25:46.053000,31.15,31.15,31.2,35637303.0
2018-01-09 13:25:49.684000,31.15,31.15,31.2,35637303.0
2018-01-09 13:25:52.668000,31.15,31.15,31.2,35637303.0
2018-01-09 13:25:55.975000,31.15,31.15,31.2,35637303.0
2018-01-09 13:25:59.008000,31.15,31.15,31.2,35637303.0
2018-01-09 13:26:03.281000,31.15,31.15,31.2,35637303.0
2018-01-09 13:26:07.113000,31.15,31.15,31.2,35637303.0
2018-01-09 13:26:10.247000,31.15,31.15,31.2,35637303.0
2018-01-09 13:26:14.171000,31.15,31.15,31.2,35637303.0
2018-01-09 13:26:19.752000,31.15,31.15,31.2,35637303.0
2018-01-09 13:26:23.630000,31.15,31.15,31.2,35637303.0
2018-01-09 13:26:27.755000,31.15,31.15,31.2,35637303.0
2018-01-09 13:26:31.649000,31.15,31.15,31.2,35637303.0
2018-01-09 13:26:35.003000,31.15,31.15,31.2,35637303.0
2018-01-09 13:26:38.713000,31.15,31.15,31.2,35637303.0
2018-01-09 13:26:42.335000,31.15,31.15,31.2,35637303.0
2018-01-09 13:26:46.071000,31.15,31.15,31.2,35637303.0
2018-01-09 13:26:50.038000,31.15,31.15,31.2,35637303.0
2018-01-09 13:26:53.612000,31.15,31.15,31.2,35637303.0
2018-01-09 13:26:57.737000,31.2,31.15,31.2,35683303.0
2018-01-09 13:27:01.725000,31.2,31.15,31.2,35683303.0
2018-01-09 13:27:05.095000,31.2,31.15,31.2,35683303.0
2018-01-09 13:27:12.346000,31.2,31.15,31.2,35683303.0
2018-01-09 13:27:17.945000,31.2,31.15,31.2,35683303.0
2018-01-09 13:27:21.843000,31.2,31.15,31.2,35683303.0
2018-01-09 13:27:25.298000,31.2,31.15,31.2,35683303.0
2018-01-09 13:27:29.076000,31.2,31.15,31.2,35683303.0
2018-01-09 13:27:32.479000,31.2,31.15,31.2,35683303.0
2018-01-09 13:27:35.949000,31.2,31.15,31.2,35683303.0
2018-01-09 13:27:39.614000,31.2,31.15,31.2,35683303.0
2018-01-09 13:27:43.167000,31.2,31.15,31.2,35683303.0
2018-01-09 13:27:46.771000,31.2,31.15,31.2,35683303.0
2018-01-09 13:27:50.761000,31.2,31.15,31.2,35683303.0
2018-01-09 13:27:54.743000,31.2,31.15,31.2,35683303.0
2018-01-09 13:27:58.293000,31.2,31.15,31.2,35683303.0
2018-01-09 13:28:06.573000,31.2,31.15,31.2,35683303.0
2018-01-09 13:28:10.387000,31.2,31.15,31.2,35683303.0
2018-01-09 13:28:14.457000,31.2,31.15,31.2,35683303.0
2018-01-09 13:28:20.307000,31.2,31.15,31.2,35683303.0
2018-01-09 13:28:23.850000,31.2,31.15,31.2,35683303.0
2018-01-09 13:28:27.006000,31.2,31.15,31.2,35705803.0
2018-01-09 13:28:30.932000,31.2,31.15,31.2,35705803.0
2018-01-09 13:28:34.838000,31.2,31.15,31.2,35705803.0
2018-01-09 13:28:38.176000,31.2,31.15,31.2,35705803.0
2018-01-09 13:28:42.033000,31.2,31.15,31.2,35705803.0
2018-01-09 13:28:45.182000,31.2,31.15,31.2,35705803.0
2018-01-09 13:28:48.734000,31.2,31.15,31.2,35705803.0
2018-01-09 13:28:52.268000,31.2,31.15,31.2,35705803.0
2018-01-09 13:28:56.110000,31.2,31.15,31.2,35705803.0
2018-01-09 13:28:59.976000,31.2,31.15,31.2,35705803.0
2018-01-09 13:29:03.542000,31.2,31.15,31.2,35705803.0
2018-01-09 13:29:07.401000,31.2,31.15,31.2,35705803.0
2018-01-09 13:29:13.711000,31.2,31.15,31.2,35705803.0
2018-01-09 13:29:17.831000,31.2,31.15,31.2,35705803.0
2018-01-09 13:29:21.416000,31.15,31.15,31.2,35732303.0
2018-01-09 13:29:25.403000,31.15,31.15,31.2,35732303.0
2018-01-09 13:29:28.696000,31.15,31.15,31.2,35732303.0
2018-01-09 13:29:32.147000,31.15,31.15,31.2,35732303.0
2018-01-09 13:29:36.136000,31.15,31.15,31.2,35732303.0
2018-01-09 13:29:39.901000,31.15,31.15,31.2,35732303.0
2018-01-09 13:29:43.758000,31.15,31.15,31.2,35732303.0
2018-01-09 13:29:47.786000,31.15,31.15,31.2,35732303.0
2018-01-09 13:29:51.721000,31.15,31.15,31.2,35732303.0
2018-01-09 13:29:55.057000,31.15,31.15,31.2,35732303.0
2018-01-09 13:29:58.145000,31.15,31.15,31.2,35732303.0
2018-01-09 13:30:01.660000,31.15,31.15,31.2,35732303.0
2018-01-09 13:30:05.888000,31.15,31.15,31.2,35732303.0
2018-01-09 13:30:11.496000,31.15,31.15,31.2,35732303.0
2018-01-09 13:30:14.995000,31.15,31.15,31.2,35767303.0
2018-01-09 13:30:18.633000,31.15,31.15,31.2,35767303.0
2018-01-09 13:30:22.388000,31.15,31.15,31.2,35767303.0
2018-01-09 13:30:26.025000,31.15,31.15,31.2,35767303.0
2018-01-09 13:30:29.465000,31.15,31.15,31.2,35767303.0
2018-01-09 13:30:33.349000,31.15,31.15,31.2,35767303.0
2018-01-09 13:30:36.428000,31.15,31.15,31.2,35767303.0
2018-01-09 13:30:40.089000,31.15,31.15,31.2,35767303.0
2018-01-09 13:30:42.984000,31.15,31.15,31.2,35767303.0
2018-01-09 13:30:46.708000,31.15,31.15,31.2,35767303.0
2018-01-09 13:30:50.394000,31.15,31.15,31.2,35767303.0
2018-01-09 13:30:54.230000,31.15,31.15,31.2,35767303.0
2018-01-09 13:30:58.520000,31.15,31.15,31.2,35767303.0
2018-01-09 13:31:02.343000,31.15,31.15,31.2,35767303.0
2018-01-09 13:31:06.129000,31.15,31.15,31.2,35767303.0
2018-01-09 13:31:10.069000,31.15,31.15,31.2,35767303.0
2018-01-09 13:31:14.068000,31.15,31.15,31.2,35767303.0
2018-01-09 13:31:18.227000,31.15,31.15,31.2,35767303.0
2018-01-09 13:31:21.959000,31.15,31.15,31.2,35774303.0
2018-01-09 13:31:25.617000,31.15,31.15,31.2,35774303.0
2018-01-09 13:31:29.124000,31.15,31.15,31.2,35774303.0
2018-01-09 13:31:32.636000,31.15,31.15,31.2,35774303.0
2018-01-09 13:31:36.262000,31.15,31.15,31.2,35774303.0
2018-01-09 13:31:39.708000,31.15,31.15,31.2,35774303.0
2018-01-09 13:31:43.310000,31.15,31.15,31.2,35774303.0
2018-01-09 13:31:46.920000,31.15,31.15,31.2,35774303.0
2018-01-09 13:31:50.426000,31.15,31.15,31.2,35774303.0
2018-01-09 13:31:53.852000,31.15,31.15,31.2,35774303.0
2018-01-09 13:31:57.834000,31.15,31.15,31.2,35774303.0
2018-01-09 13:32:01.946000,31.15,31.15,31.2,35774303.0
2018-01-09 13:32:05.266000,31.15,31.15,31.2,35774303.0
2018-01-09 13:32:09.085000,31.15,31.15,31.2,35774303.0
2018-01-09 13:32:13.212000,31.2,31.15,31.2,35802303.0
2018-01-09 13:32:17.008000,31.2,31.15,31.2,35802303.0
2018-01-09 13:32:20.368000,31.2,31.15,31.2,35802303.0
2018-01-09 13:32:24.334000,31.2,31.15,31.2,35802303.0
2018-01-09 13:32:28.670000,31.2,31.15,31.2,35802303.0
2018-01-09 13:32:32.119000,31.2,31.15,31.2,35802303.0
2018-01-09 13:32:35.820000,31.2,31.15,31.2,35802303.0
2018-01-09 13:32:39.889000,31.2,31.15,31.2,35802303.0
2018-01-09 13:32:43.939000,31.2,31.15,31.2,35802303.0
2018-01-09 13:32:47.899000,31.2,31.15,31.2,35802303.0
2018-01-09 13:32:51.813000,31.2,31.15,31.2,35802303.0
2018-01-09 13:32:55.408000,31.2,31.15,31.2,35802303.0
2018-01-09 13:32:59.577000,31.2,31.15,31.2,35817303.0
2018-01-09 13:33:03.279000,31.2,31.15,31.2,35817303.0
2018-01-09 13:33:06.992000,31.2,31.15,31.2,35817303.0
2018-01-09 13:33:10.480000,31.2,31.15,31.2,35817303.0
2018-01-09 13:33:13.657000,31.2,31.15,31.2,35817303.0
2018-01-09 13:33:17.027000,31.2,31.15,31.2,35817303.0
2018-01-09 13:33:20.705000,31.2,31.15,31.2,35817303.0
2018-01-09 13:33:24.052000,31.2,31.15,31.2,35817303.0
2018-01-09 13:33:27.795000,31.2,31.15,31.2,35817303.0
2018-01-09 13:33:32.310000,31.2,31.15,31.2,35817303.0
2018-01-09 13:33:35.853000,31.2,31.15,31.2,35817303.0
2018-01-09 13:33:39.714000,31.2,31.15,31.2,35817303.0
2018-01-09 13:33:43.646000,31.2,31.15,31.2,35817303.0
2018-01-09 13:33:47.583000,31.2,31.15,31.2,35817303.0
2018-01-09 13:33:51.152000,31.2,31.15,31.2,35817303.0
2018-01-09 13:33:54.732000,31.2,31.15,31.2,35817303.0
2018-01-09 13:33:58.627000,31.2,31.15,31.2,35817303.0
2018-01-09 13:34:01.784000,31.2,31.15,31.2,35817303.0
2018-01-09 13:34:05.280000,31.2,31.15,31.2,35817303.0
2018-01-09 13:34:09.304000,31.2,31.15,31.2,35817303.0
2018-01-09 13:34:13.203000,31.2,31.15,31.2,35817303.0
2018-01-09 13:34:16.767000,31.2,31.15,31.2,35817303.0
2018-01-09 13:34:21.734000,31.2,31.15,31.2,35907803.0
2018-01-09 13:34:25.589000,31.2,31.15,31.2,35907803.0
2018-01-09 13:34:29.172000,31.2,31.15,31.2,35907803.0
2018-01-09 13:34:32.811000,31.2,31.15,31.2,35907803.0
2018-01-09 13:34:36.421000,31.2,31.15,31.2,35907803.0
2018-01-09 13:34:40.739000,31.2,31.15,31.2,35907803.0
2018-01-09 13:34:44.437000,31.2,31.15,31.2,35907803.0
2018-01-09 13:34:47.427000,31.2,31.15,31.2,35907803.0
2018-01-09 13:34:50.582000,31.2,31.15,31.2,35907803.0
2018-01-09 13:34:54.472000,31.2,31.15,31.2,35907803.0
2018-01-09 13:34:57.968000,31.2,31.15,31.2,35907803.0
2018-01-09 13:35:01.823000,31.2,31.15,31.2,35907803.0
2018-01-09 13:35:05.830000,31.2,31.15,31.2,35907803.0
2018-01-09 13:35:17.554000,31.2,31.15,31.2,35936803.0
2018-01-09 13:35:21.272000,31.2,31.15,31.2,35936803.0
2018-01-09 13:35:25.198000,31.2,31.15,31.2,35936803.0
2018-01-09 13:35:28.925000,31.2,31.15,31.2,35936803.0
2018-01-09 13:35:32.486000,31.2,31.15,31.2,35936803.0
2018-01-09 13:35:35.842000,31.2,31.15,31.2,35936803.0
2018-01-09 13:35:39.270000,31.2,31.15,31.2,35936803.0
2018-01-09 13:35:43.248000,31.2,31.15,31.2,35936803.0
2018-01-09 13:35:46.603000,31.2,31.15,31.2,35936803.0
2018-01-09 13:35:50.328000,31.2,31.15,31.2,35936803.0
2018-01-09 13:35:54.154000,31.2,31.15,31.2,35936803.0
2018-01-09 13:35:58.255000,31.2,31.15,31.2,35936803.0
2018-01-09 13:36:01.497000,31.2,31.15,31.2,35936803.0
2018-01-09 13:36:05.347000,31.2,31.15,31.2,35936803.0
2018-01-09 13:36:08.949000,31.2,31.15,31.2,35936803.0
2018-01-09 13:36:12.869000,31.2,31.15,31.2,35936803.0
2018-01-09 13:36:16.851000,31.2,31.15,31.2,35959303.0
2018-01-09 13:36:20.578000,31.2,31.15,31.2,35959303.0
2018-01-09 13:36:24.044000,31.2,31.15,31.2,35959303.0
2018-01-09 13:36:27.687000,31.2,31.15,31.2,35959303.0
2018-01-09 13:36:31.472000,31.2,31.15,31.2,35959303.0
2018-01-09 13:36:34.849000,31.2,31.15,31.2,35959303.0
2018-01-09 13:36:38.454000,31.2,31.15,31.2,35959303.0
2018-01-09 13:36:41.828000,31.2,31.15,31.2,35959303.0
2018-01-09 13:36:45.809000,31.2,31.15,31.2,35959303.0
2018-01-09 13:36:49.390000,31.2,31.15,31.2,35959303.0
2018-01-09 13:36:53.227000,31.2,31.15,31.2,35959303.0
2018-01-09 13:36:57.003000,31.2,31.15,31.2,35959303.0
2018-01-09 13:37:00.411000,31.2,31.15,31.2,35959303.0
2018-01-09 13:37:03.647000,31.2,31.15,31.2,35959303.0
2018-01-09 13:37:06.977000,31.2,31.15,31.2,35959303.0
2018-01-09 13:37:10.944000,31.2,31.15,31.2,35959303.0
2018-01-09 13:37:15.088000,31.2,31.15,31.2,35959303.0
2018-01-09 13:37:20.068000,31.2,31.15,31.2,35961303.0
2018-01-09 13:37:23.038000,31.2,31.15,31.2,35961303.0
2018-01-09 13:37:26.546000,31.2,31.15,31.2,35961303.0
2018-01-09 13:37:30.564000,31.2,31.15,31.2,35961303.0
2018-01-09 13:37:34.725000,31.2,31.15,31.2,35961303.0
2018-01-09 13:37:38.549000,31.2,31.15,31.2,35961303.0
2018-01-09 13:37:41.539000,31.2,31.15,31.2,35961303.0
2018-01-09 13:37:45.171000,31.2,31.15,31.2,35961303.0
2018-01-09 13:37:48.929000,31.2,31.15,31.2,35961303.0
2018-01-09 13:37:53.086000,31.2,31.15,31.2,35961303.0
2018-01-09 13:37:56.939000,31.2,31.15,31.2,35961303.0
2018-01-09 13:38:00.740000,31.2,31.15,31.2,35961303.0
2018-01-09 13:38:04.380000,31.2,31.15,31.2,35961303.0
2018-01-09 13:38:08.239000,31.2,31.15,31.2,35961303.0
2018-01-09 13:38:11.143000,31.2,31.15,31.2,35961303.0
2018-01-09 13:38:14.821000,31.2,31.15,31.2,35992803.0
2018-01-09 13:38:18.197000,31.2,31.15,31.2,35992803.0
2018-01-09 13:38:21.716000,31.2,31.15,31.2,35992803.0
2018-01-09 13:38:25.740000,31.2,31.15,31.2,35992803.0
2018-01-09 13:38:28.703000,31.2,31.15,31.2,35992803.0
2018-01-09 13:38:31.725000,31.2,31.15,31.2,35992803.0
2018-01-09 13:38:35.995000,31.2,31.15,31.2,35992803.0
2018-01-09 13:38:39.521000,31.2,31.15,31.2,35992803.0
2018-01-09 13:38:42.929000,31.2,31.15,31.2,35992803.0
2018-01-09 13:38:46.804000,31.2,31.15,31.2,35992803.0
2018-01-09 13:38:50.104000,31.2,31.15,31.2,35992803.0
2018-01-09 13:38:54.286000,31.2,31.15,31.2,35992803.0
2018-01-09 13:38:58.221000,31.2,31.15,31.2,35992803.0
2018-01-09 13:39:02.070000,31.2,31.15,31.2,35992803.0
2018-01-09 13:39:11.246000,31.2,31.15,31.2,36134803.0
2018-01-09 13:39:14.257000,31.2,31.15,31.2,36134803.0
2018-01-09 13:39:18.326000,31.2,31.15,31.2,36134803.0
2018-01-09 13:39:21.993000,31.2,31.15,31.2,36134803.0
2018-01-09 13:39:26.027000,31.2,31.15,31.2,36134803.0
2018-01-09 13:39:29.429000,31.2,31.15,31.2,36134803.0
2018-01-09 13:39:33.417000,31.2,31.15,31.2,36134803.0
2018-01-09 13:39:36.789000,31.2,31.15,31.2,36134803.0
2018-01-09 13:39:40.148000,31.2,31.15,31.2,36134803.0
2018-01-09 13:39:44.106000,31.2,31.15,31.2,36134803.0
2018-01-09 13:39:47.610000,31.2,31.15,31.2,36134803.0
2018-01-09 13:39:51.570000,31.2,31.15,31.2,36134803.0
2018-01-09 13:39:54.600000,31.2,31.15,31.2,36134803.0
2018-01-09 13:39:58.648000,31.2,31.15,31.2,36134803.0
2018-01-09 13:40:03.187000,31.2,31.15,31.2,36134803.0
2018-01-09 13:40:07.013000,31.2,31.15,31.2,36134803.0
2018-01-09 13:40:11.759000,31.2,31.15,31.2,36134803.0
2018-01-09 13:40:15.085000,31.2,31.15,31.2,36134803.0
2018-01-09 13:40:18.922000,31.2,31.15,31.2,36134803.0
2018-01-09 13:40:22.403000,31.2,31.15,31.2,36134803.0
2018-01-09 13:40:26.201000,31.2,31.15,31.2,36250303.0
2018-01-09 13:40:29.744000,31.2,31.15,31.2,36250303.0
2018-01-09 13:40:33.298000,31.2,31.15,31.2,36250303.0
2018-01-09 13:40:37.407000,31.2,31.15,31.2,36250303.0
2018-01-09 13:40:41.157000,31.2,31.15,31.2,36250303.0
2018-01-09 13:40:45.048000,31.2,31.15,31.2,36250303.0
2018-01-09 13:40:49.138000,31.2,31.15,31.2,36250303.0
2018-01-09 13:40:53.082000,31.2,31.15,31.2,36250303.0
2018-01-09 13:40:56.431000,31.2,31.15,31.2,36250303.0
2018-01-09 13:41:00.031000,31.2,31.15,31.2,36250303.0
2018-01-09 13:41:03.481000,31.2,31.15,31.2,36250303.0
2018-01-09 13:41:07.857000,31.2,31.15,31.2,36250303.0
2018-01-09 13:41:11.722000,31.2,31.15,31.2,36250303.0
2018-01-09 13:41:16.260000,31.2,31.15,31.2,36250303.0
2018-01-09 13:41:19.983000,31.2,31.15,31.2,36250303.0
2018-01-09 13:41:24.022000,31.2,31.15,31.2,36250303.0
2018-01-09 13:41:27.031000,31.2,31.15,31.2,36279803.0
2018-01-09 13:41:31.024000,31.2,31.15,31.2,36279803.0
2018-01-09 13:41:34.417000,31.2,31.15,31.2,36279803.0
2018-01-09 13:41:38.372000,31.2,31.15,31.2,36279803.0
2018-01-09 13:41:41.830000,31.2,31.15,31.2,36279803.0
2018-01-09 13:41:46.106000,31.2,31.15,31.2,36279803.0
2018-01-09 13:41:49.198000,31.2,31.15,31.2,36279803.0
2018-01-09 13:41:52.851000,31.2,31.15,31.2,36279803.0
2018-01-09 13:41:56.789000,31.2,31.15,31.2,36279803.0
2018-01-09 13:42:00.307000,31.2,31.15,31.2,36279803.0
2018-01-09 13:42:03.959000,31.2,31.15,31.2,36279803.0
2018-01-09 13:42:10.976000,31.2,31.15,31.2,36279803.0
2018-01-09 13:42:16.381000,31.2,31.15,31.2,36279803.0
2018-01-09 13:42:19.945000,31.2,31.15,31.2,36279803.0
2018-01-09 13:42:23.240000,31.2,31.15,31.2,36279803.0
2018-01-09 13:42:27.153000,31.2,31.15,31.2,36279803.0
2018-01-09 13:42:30.392000,31.2,31.15,31.2,36445043.0
2018-01-09 13:42:33.554000,31.2,31.15,31.2,36445043.0
2018-01-09 13:42:37.622000,31.2,31.15,31.2,36445043.0
2018-01-09 13:42:40.867000,31.2,31.15,31.2,36445043.0
2018-01-09 13:42:44.357000,31.2,31.15,31.2,36445043.0
2018-01-09 13:42:48.607000,31.2,31.15,31.2,36445043.0
2018-01-09 13:42:52.544000,31.2,31.15,31.2,36445043.0
2018-01-09 13:42:56.471000,31.2,31.15,31.2,36445043.0
2018-01-09 13:43:00.199000,31.2,31.15,31.2,36445043.0
2018-01-09 13:43:03.384000,31.2,31.15,31.2,36445043.0
2018-01-09 13:43:12.913000,31.2,31.15,31.2,36445043.0
2018-01-09 13:43:16.459000,31.2,31.15,31.2,36445043.0
2018-01-09 13:43:22.081000,31.2,31.15,31.2,36445043.0
2018-01-09 13:43:25.502000,31.2,31.15,31.2,36465043.0
2018-01-09 13:43:29.299000,31.2,31.15,31.2,36465043.0
2018-01-09 13:43:33.339000,31.2,31.15,31.2,36465043.0
2018-01-09 13:43:36.866000,31.2,31.15,31.2,36465043.0
2018-01-09 13:43:40.758000,31.2,31.15,31.2,36465043.0
2018-01-09 13:43:44.386000,31.2,31.15,31.2,36465043.0
2018-01-09 13:43:48.151000,31.2,31.15,31.2,36465043.0
2018-01-09 13:43:52.153000,31.2,31.15,31.2,36465043.0
2018-01-09 13:43:55.644000,31.2,31.15,31.2,36465043.0
2018-01-09 13:43:59.386000,31.2,31.15,31.2,36465043.0
2018-01-09 13:44:03.593000,31.2,31.15,31.2,36465043.0
2018-01-09 13:44:09.339000,31.2,31.15,31.2,36465043.0
2018-01-09 13:44:15.056000,31.2,31.15,31.2,36465043.0
2018-01-09 13:44:20.301000,31.2,31.15,31.2,36465043.0
2018-01-09 13:44:23.822000,31.2,31.15,31.2,36465043.0
2018-01-09 13:44:26.962000,31.2,31.15,31.2,36558543.0
2018-01-09 13:44:30.281000,31.2,31.15,31.2,36558543.0
2018-01-09 13:44:33.931000,31.2,31.15,31.2,36558543.0
2018-01-09 13:44:37.620000,31.2,31.15,31.2,36558543.0
2018-01-09 13:44:41.613000,31.2,31.15,31.2,36558543.0
2018-01-09 13:44:44.887000,31.2,31.15,31.2,36558543.0
2018-01-09 13:44:48.601000,31.2,31.15,31.2,36558543.0
2018-01-09 13:44:52.292000,31.2,31.15,31.2,36558543.0
2018-01-09 13:44:55.703000,31.2,31.15,31.2,36558543.0
2018-01-09 13:44:59.443000,31.2,31.15,31.2,36558543.0
2018-01-09 13:45:03.886000,31.2,31.15,31.2,36558543.0
2018-01-09 13:45:07.714000,31.2,31.15,31.2,36558543.0
2018-01-09 13:45:11.640000,31.2,31.15,31.2,36558543.0
2018-01-09 13:45:15.425000,31.2,31.15,31.2,36558543.0
2018-01-09 13:45:21.842000,31.2,31.15,31.2,36558543.0
2018-01-09 13:45:25.831000,31.2,31.15,31.2,36558543.0
2018-01-09 13:45:29.310000,31.2,31.15,31.2,36589043.0
2018-01-09 13:45:32.856000,31.2,31.15,31.2,36589043.0
2018-01-09 13:45:37.199000,31.2,31.15,31.2,36589043.0
2018-01-09 13:45:40.847000,31.2,31.15,31.2,36589043.0
2018-01-09 13:45:44.682000,31.2,31.15,31.2,36589043.0
2018-01-09 13:45:48.072000,31.2,31.15,31.2,36589043.0
2018-01-09 13:45:52.019000,31.2,31.15,31.2,36589043.0
2018-01-09 13:45:55.738000,31.2,31.15,31.2,36589043.0
2018-01-09 13:45:59.831000,31.2,31.15,31.2,36589043.0
2018-01-09 13:46:05.746000,31.2,31.15,31.2,36589043.0
2018-01-09 13:46:12.293000,31.2,31.15,31.2,36589043.0
2018-01-09 13:46:15.737000,31.2,31.15,31.2,36589043.0
2018-01-09 13:46:19.327000,31.2,31.15,31.2,36589043.0
2018-01-09 13:46:23.408000,31.2,31.15,31.2,36589043.0
2018-01-09 13:46:27.279000,31.2,31.15,31.2,36589043.0
2018-01-09 13:46:30.596000,31.2,31.15,31.2,36589043.0
2018-01-09 13:46:34.502000,31.2,31.15,31.2,36589043.0
2018-01-09 13:46:38.448000,31.2,31.15,31.2,36589043.0
2018-01-09 13:46:42.351000,31.2,31.15,31.2,36589043.0
2018-01-09 13:46:46.221000,31.2,31.15,31.2,36589043.0
2018-01-09 13:46:50.329000,31.2,31.15,31.2,36589043.0
2018-01-09 13:46:53.701000,31.2,31.15,31.2,36613043.0
2018-01-09 13:46:57.754000,31.2,31.15,31.2,36613043.0
2018-01-09 13:47:01.627000,31.2,31.15,31.2,36613043.0
2018-01-09 13:47:05.383000,31.2,31.15,31.2,36613043.0
2018-01-09 13:47:09.008000,31.2,31.15,31.2,36613043.0
2018-01-09 13:47:13.248000,31.2,31.15,31.2,36613043.0
2018-01-09 13:47:18.054000,31.2,31.15,31.2,36613043.0
2018-01-09 13:47:22.045000,31.2,31.15,31.2,36613043.0
2018-01-09 13:47:25.488000,31.2,31.15,31.2,36613043.0
2018-01-09 13:47:29.363000,31.2,31.15,31.2,36613043.0
2018-01-09 13:47:33.100000,31.2,31.15,31.2,36613043.0
2018-01-09 13:47:35.967000,31.2,31.15,31.2,36613043.0
2018-01-09 13:47:39.425000,31.2,31.15,31.2,36613043.0
2018-01-09 13:47:43.379000,31.2,31.15,31.2,36613043.0
2018-01-09 13:47:46.771000,31.2,31.15,31.2,36721543.0
2018-01-09 13:47:50.457000,31.2,31.15,31.2,36721543.0
2018-01-09 13:47:54.555000,31.2,31.15,31.2,36721543.0
2018-01-09 13:47:58.527000,31.2,31.15,31.2,36721543.0
2018-01-09 13:48:02.676000,31.2,31.15,31.2,36721543.0
2018-01-09 13:48:06.747000,31.2,31.15,31.2,36721543.0
2018-01-09 13:48:10.262000,31.2,31.15,31.2,36721543.0
2018-01-09 13:48:13.624000,31.2,31.15,31.2,36721543.0
2018-01-09 13:48:17.450000,31.2,31.15,31.2,36721543.0
2018-01-09 13:48:21.277000,31.2,31.15,31.2,36721543.0
2018-01-09 13:48:24.870000,31.2,31.15,31.2,36721543.0
2018-01-09 13:48:28.911000,31.2,31.15,31.2,36721543.0
2018-01-09 13:48:32.935000,31.2,31.15,31.2,36721543.0
2018-01-09 13:48:37.380000,31.15,31.15,31.2,36751043.0
2018-01-09 13:48:41.478000,31.15,31.15,31.2,36751043.0
2018-01-09 13:48:45.238000,31.15,31.15,31.2,36751043.0
2018-01-09 13:48:49.490000,31.15,31.15,31.2,36751043.0
2018-01-09 13:48:53.692000,31.15,31.15,31.2,36751043.0
2018-01-09 13:48:57.781000,31.15,31.15,31.2,36751043.0
2018-01-09 13:49:01.463000,31.15,31.15,31.2,36751043.0
2018-01-09 13:49:05.240000,31.15,31.15,31.2,36751043.0
2018-01-09 13:49:11.065000,31.15,31.15,31.2,36751043.0
2018-01-09 13:49:14.799000,31.15,31.15,31.2,36751043.0
2018-01-09 13:49:18.816000,31.15,31.15,31.2,36751043.0
2018-01-09 13:49:22.494000,31.15,31.15,31.2,36836043.0
2018-01-09 13:49:25.783000,31.15,31.15,31.2,36836043.0
2018-01-09 13:49:29.670000,31.15,31.15,31.2,36836043.0
2018-01-09 13:49:34.073000,31.15,31.15,31.2,36836043.0
2018-01-09 13:49:37.596000,31.15,31.15,31.2,36836043.0
2018-01-09 13:49:40.970000,31.15,31.15,31.2,36836043.0
2018-01-09 13:49:44.178000,31.15,31.15,31.2,36836043.0
2018-01-09 13:49:48.361000,31.15,31.15,31.2,36836043.0
2018-01-09 13:49:51.968000,31.15,31.15,31.2,36836043.0
2018-01-09 13:49:55.877000,31.15,31.15,31.2,36836043.0
2018-01-09 13:49:59.605000,31.15,31.15,31.2,36836043.0
2018-01-09 13:50:07.611000,31.15,31.15,31.2,36836043.0
2018-01-09 13:50:10.997000,31.15,31.15,31.2,36836043.0
2018-01-09 13:50:17.230000,31.15,31.15,31.2,36836043.0
2018-01-09 13:50:21.308000,31.15,31.15,31.2,36836043.0
2018-01-09 13:50:25.101000,31.15,31.15,31.2,36836043.0
2018-01-09 13:50:28.570000,31.15,31.15,31.2,36836043.0
2018-01-09 13:50:32.351000,31.15,31.15,31.2,36836043.0
2018-01-09 13:50:36.439000,31.2,31.15,31.2,36864543.0
2018-01-09 13:50:39.942000,31.2,31.15,31.2,36864543.0
2018-01-09 13:50:43.306000,31.2,31.15,31.2,36864543.0
2018-01-09 13:50:46.965000,31.2,31.15,31.2,36864543.0
2018-01-09 13:50:50.462000,31.2,31.15,31.2,36864543.0
2018-01-09 13:50:54.399000,31.2,31.15,31.2,36864543.0
2018-01-09 13:50:58.031000,31.2,31.15,31.2,36864543.0
2018-01-09 13:51:01.368000,31.2,31.15,31.2,36864543.0
2018-01-09 13:51:05.885000,31.2,31.15,31.2,36864543.0
2018-01-09 13:51:09.680000,31.2,31.15,31.2,36864543.0
2018-01-09 13:51:13.580000,31.2,31.15,31.2,36864543.0
2018-01-09 13:51:17.310000,31.2,31.15,31.2,36864543.0
2018-01-09 13:51:21.059000,31.2,31.15,31.2,36981043.0
2018-01-09 13:51:24.205000,31.2,31.15,31.2,36981043.0
2018-01-09 13:51:28.353000,31.2,31.15,31.2,36981043.0
2018-01-09 13:51:32.092000,31.2,31.15,31.2,36981043.0
2018-01-09 13:51:35.633000,31.2,31.15,31.2,36981043.0
2018-01-09 13:51:39.244000,31.2,31.15,31.2,36981043.0
2018-01-09 13:51:43.857000,31.2,31.15,31.2,36981043.0
2018-01-09 13:51:47.442000,31.2,31.15,31.2,36981043.0
2018-01-09 13:51:51.819000,31.2,31.15,31.2,36981043.0
2018-01-09 13:51:55.769000,31.2,31.15,31.2,36981043.0
2018-01-09 13:52:00.244000,31.2,31.15,31.2,36981043.0
2018-01-09 13:52:07.065000,31.2,31.15,31.2,36981043.0
2018-01-09 13:52:11.333000,31.2,31.15,31.2,36981043.0
2018-01-09 13:52:18.738000,31.2,31.15,31.2,36981043.0
2018-01-09 13:52:22.402000,31.2,31.15,31.2,36981043.0
2018-01-09 13:52:26.193000,31.2,31.15,31.2,36994043.0
2018-01-09 13:52:30.527000,31.2,31.15,31.2,36994043.0
2018-01-09 13:52:33.897000,31.2,31.15,31.2,36994043.0
2018-01-09 13:52:37.808000,31.2,31.15,31.2,36994043.0
2018-01-09 13:52:41.511000,31.2,31.15,31.2,36994043.0
2018-01-09 13:52:45.791000,31.2,31.15,31.2,36994043.0
2018-01-09 13:52:49.663000,31.2,31.15,31.2,36994043.0
2018-01-09 13:52:53.500000,31.2,31.15,31.2,36994043.0
2018-01-09 13:52:57.645000,31.2,31.15,31.2,36994043.0
2018-01-09 13:53:01.283000,31.2,31.15,31.2,36994043.0
2018-01-09 13:53:04.872000,31.2,31.15,31.2,36994043.0
2018-01-09 13:53:08.835000,31.2,31.15,31.2,36994043.0
2018-01-09 13:53:14.418000,31.2,31.15,31.2,36994043.0
2018-01-09 13:53:18.403000,31.2,31.15,31.2,36994043.0
2018-01-09 13:53:22.351000,31.2,31.15,31.2,37093543.0
2018-01-09 13:53:26.363000,31.2,31.15,31.2,37093543.0
2018-01-09 13:53:29.657000,31.2,31.15,31.2,37093543.0
2018-01-09 13:53:33.679000,31.2,31.15,31.2,37093543.0
2018-01-09 13:53:36.685000,31.2,31.15,31.2,37093543.0
2018-01-09 13:53:40.939000,31.2,31.15,31.2,37093543.0
2018-01-09 13:53:44.774000,31.2,31.15,31.2,37093543.0
2018-01-09 13:53:48.914000,31.2,31.15,31.2,37093543.0
2018-01-09 13:53:52.513000,31.2,31.15,31.2,37093543.0
2018-01-09 13:53:56.477000,31.2,31.15,31.2,37093543.0
2018-01-09 13:54:00.418000,31.2,31.15,31.2,37093543.0
2018-01-09 13:54:04.278000,31.2,31.15,31.2,37093543.0
2018-01-09 13:54:10.575000,31.2,31.15,31.2,37093543.0
2018-01-09 13:54:17.509000,31.2,31.15,31.2,37093543.0
2018-01-09 13:54:21.306000,31.2,31.15,31.2,37143283.0
2018-01-09 13:54:25.383000,31.2,31.15,31.2,37143283.0
2018-01-09 13:54:29.112000,31.2,31.15,31.2,37143283.0
2018-01-09 13:54:32.948000,31.2,31.15,31.2,37143283.0
2018-01-09 13:54:36.865000,31.2,31.15,31.2,37143283.0
2018-01-09 13:54:40.846000,31.2,31.15,31.2,37143283.0
2018-01-09 13:54:44.718000,31.2,31.15,31.2,37143283.0
2018-01-09 13:54:48.134000,31.2,31.15,31.2,37143283.0
2018-01-09 13:54:51.956000,31.2,31.15,31.2,37143283.0
2018-01-09 13:54:55.654000,31.2,31.15,31.2,37143283.0
2018-01-09 13:54:59.369000,31.2,31.15,31.2,37143283.0
2018-01-09 13:55:03.137000,31.2,31.15,31.2,37143283.0
2018-01-09 13:55:06.912000,31.2,31.15,31.2,37143283.0
2018-01-09 13:55:14.097000,31.2,31.15,31.2,37143283.0
2018-01-09 13:55:19.160000,31.15,31.15,31.2,37164783.0
2018-01-09 13:55:24.211000,31.15,31.15,31.2,37164783.0
2018-01-09 13:55:28.167000,31.15,31.15,31.2,37164783.0
2018-01-09 13:55:32.004000,31.15,31.15,31.2,37164783.0
2018-01-09 13:55:35.728000,31.15,31.15,31.2,37164783.0
2018-01-09 13:55:39.328000,31.15,31.15,31.2,37164783.0
2018-01-09 13:55:43.386000,31.15,31.15,31.2,37164783.0
2018-01-09 13:55:47.289000,31.15,31.15,31.2,37164783.0
2018-01-09 13:55:50.687000,31.15,31.15,31.2,37164783.0
2018-01-09 13:55:54.656000,31.15,31.15,31.2,37164783.0
2018-01-09 13:55:57.743000,31.15,31.15,31.2,37164783.0
2018-01-09 13:56:01.545000,31.15,31.15,31.2,37164783.0
2018-01-09 13:56:05.582000,31.15,31.15,31.2,37164783.0
2018-01-09 13:56:09.312000,31.15,31.15,31.2,37164783.0
2018-01-09 13:56:12.958000,31.15,31.15,31.2,37164783.0
2018-01-09 13:56:17.040000,31.15,31.15,31.2,37164783.0
2018-01-09 13:56:20.810000,31.2,31.15,31.2,37236857.0
2018-01-09 13:56:24.626000,31.2,31.15,31.2,37236857.0
2018-01-09 13:56:28.654000,31.2,31.15,31.2,37236857.0
2018-01-09 13:56:32.627000,31.2,31.15,31.2,37236857.0
2018-01-09 13:56:35.856000,31.2,31.15,31.2,37236857.0
2018-01-09 13:56:40.014000,31.2,31.15,31.2,37236857.0
2018-01-09 13:56:43.813000,31.2,31.15,31.2,37236857.0
2018-01-09 13:56:47.331000,31.2,31.15,31.2,37236857.0
2018-01-09 13:56:50.689000,31.2,31.15,31.2,37236857.0
2018-01-09 13:56:54.724000,31.2,31.15,31.2,37236857.0
2018-01-09 13:56:58.701000,31.2,31.15,31.2,37236857.0
2018-01-09 13:57:03.424000,31.2,31.15,31.2,37236857.0
2018-01-09 13:57:10.967000,31.2,31.15,31.2,37236857.0
2018-01-09 13:57:14.841000,31.2,31.15,31.2,37236857.0
2018-01-09 13:57:19.378000,31.2,31.15,31.2,37236857.0
2018-01-09 13:57:22.549000,31.2,31.15,31.2,37236857.0
2018-01-09 13:57:26.562000,31.2,31.15,31.2,37260857.0
2018-01-09 13:57:29.821000,31.2,31.15,31.2,37260857.0
2018-01-09 13:57:33.378000,31.2,31.15,31.2,37260857.0
2018-01-09 13:57:37.724000,31.2,31.15,31.2,37260857.0
2018-01-09 13:57:41.404000,31.2,31.15,31.2,37260857.0
2018-01-09 13:57:45.542000,31.2,31.15,31.2,37260857.0
2018-01-09 13:57:49.012000,31.2,31.15,31.2,37260857.0
2018-01-09 13:57:52.867000,31.2,31.15,31.2,37260857.0
2018-01-09 13:57:56.055000,31.2,31.15,31.2,37260857.0
2018-01-09 13:57:59.477000,31.2,31.15,31.2,37260857.0
2018-01-09 13:58:03.279000,31.2,31.15,31.2,37260857.0
2018-01-09 13:58:07.458000,31.2,31.15,31.2,37260857.0
2018-01-09 13:58:11.596000,31.2,31.15,31.2,37260857.0
2018-01-09 13:58:17.886000,31.15,31.15,31.2,37335857.0
2018-01-09 13:58:21.897000,31.15,31.15,31.2,37335857.0
2018-01-09 13:58:25.496000,31.15,31.15,31.2,37335857.0
2018-01-09 13:58:29.682000,31.15,31.15,31.2,37335857.0
2018-01-09 13:58:33.708000,31.15,31.15,31.2,37335857.0
2018-01-09 13:58:37.231000,31.15,31.15,31.2,37335857.0
2018-01-09 13:58:41.153000,31.15,31.15,31.2,37335857.0
2018-01-09 13:58:45.227000,31.15,31.15,31.2,37335857.0
2018-01-09 13:58:49.206000,31.15,31.15,31.2,37335857.0
2018-01-09 13:58:52.439000,31.15,31.15,31.2,37335857.0
2018-01-09 13:58:56.522000,31.15,31.15,31.2,37335857.0
2018-01-09 13:59:00.049000,31.15,31.15,31.2,37335857.0
2018-01-09 13:59:04.298000,31.15,31.15,31.2,37335857.0
2018-01-09 13:59:09.452000,31.15,31.15,31.2,37335857.0
2018-01-09 13:59:14.659000,31.15,31.15,31.2,37335857.0
2018-01-09 13:59:19.026000,31.15,31.15,31.2,37335857.0
2018-01-09 13:59:22.815000,31.15,31.15,31.2,37390357.0
2018-01-09 13:59:26.694000,31.15,31.15,31.2,37390357.0
2018-01-09 13:59:30.173000,31.15,31.15,31.2,37390357.0
2018-01-09 13:59:33.820000,31.15,31.15,31.2,37390357.0
2018-01-09 13:59:37.838000,31.15,31.15,31.2,37390357.0
2018-01-09 13:59:41.729000,31.15,31.15,31.2,37390357.0
2018-01-09 13:59:45.236000,31.15,31.15,31.2,37390357.0
2018-01-09 13:59:49.048000,31.15,31.15,31.2,37390357.0
2018-01-09 13:59:52.746000,31.15,31.15,31.2,37390357.0
2018-01-09 13:59:56.816000,31.15,31.15,31.2,37390357.0
2018-01-09 14:00:00.961000,31.15,31.15,31.2,37390357.0
2018-01-09 14:00:04.770000,31.15,31.15,31.2,37390357.0
2018-01-09 14:00:12.174000,31.15,31.15,31.2,37390357.0
2018-01-09 14:00:17.971000,31.2,31.15,31.2,37416357.0
2018-01-09 14:00:21.603000,31.2,31.15,31.2,37416357.0
2018-01-09 14:00:25.685000,31.2,31.15,31.2,37416357.0
2018-01-09 14:00:29.573000,31.2,31.15,31.2,37416357.0
2018-01-09 14:00:32.926000,31.2,31.15,31.2,37416357.0
2018-01-09 14:00:36.640000,31.2,31.15,31.2,37416357.0
2018-01-09 14:00:40.571000,31.2,31.15,31.2,37416357.0
2018-01-09 14:00:44.717000,31.2,31.15,31.2,37416357.0
2018-01-09 14:00:48.371000,31.2,31.15,31.2,37416357.0
2018-01-09 14:00:52.204000,31.2,31.15,31.2,37416357.0
2018-01-09 14:00:55.600000,31.2,31.15,31.2,37416357.0
2018-01-09 14:00:59.158000,31.2,31.15,31.2,37416357.0
2018-01-09 14:01:02.352000,31.2,31.15,31.2,37416357.0
2018-01-09 14:01:06.179000,31.2,31.15,31.2,37416357.0
2018-01-09 14:01:11.926000,31.15,31.15,31.2,37528357.0
2018-01-09 14:01:15.743000,31.15,31.15,31.2,37528357.0
2018-01-09 14:01:19.697000,31.15,31.15,31.2,37528357.0
2018-01-09 14:01:22.803000,31.15,31.15,31.2,37528357.0
2018-01-09 14:01:26.653000,31.15,31.15,31.2,37528357.0
2018-01-09 14:01:30.498000,31.15,31.15,31.2,37528357.0
2018-01-09 14:01:33.816000,31.15,31.15,31.2,37528357.0
2018-01-09 14:01:37.613000,31.15,31.15,31.2,37528357.0
2018-01-09 14:01:41.610000,31.15,31.15,31.2,37528357.0
2018-01-09 14:01:45.833000,31.15,31.15,31.2,37528357.0
2018-01-09 14:01:49.175000,31.15,31.15,31.2,37528357.0
2018-01-09 14:01:52.864000,31.15,31.15,31.2,37528357.0
2018-01-09 14:01:57.203000,31.15,31.15,31.2,37528357.0
2018-01-09 14:02:00.717000,31.15,31.15,31.2,37528357.0
2018-01-09 14:02:05.567000,31.15,31.15,31.2,37528357.0
2018-01-09 14:02:11.850000,31.15,31.15,31.2,37528357.0
2018-01-09 14:02:14.942000,31.15,31.15,31.2,37528357.0
2018-01-09 14:02:19.983000,31.15,31.15,31.2,37528357.0
2018-01-09 14:02:23.985000,31.15,31.15,31.2,37528357.0
2018-01-09 14:02:27.997000,31.15,31.15,31.2,37528357.0
2018-01-09 14:02:31.987000,31.15,31.15,31.2,37528357.0
2018-01-09 14:02:35.497000,31.15,31.15,31.2,37528357.0
2018-01-09 14:02:39.485000,31.15,31.15,31.2,37552857.0
2018-01-09 14:02:43.326000,31.15,31.15,31.2,37552857.0
2018-01-09 14:02:47.328000,31.15,31.15,31.2,37552857.0
2018-01-09 14:02:50.879000,31.15,31.15,31.2,37552857.0
2018-01-09 14:02:55.231000,31.15,31.15,31.2,37552857.0
2018-01-09 14:02:59.016000,31.15,31.15,31.2,37552857.0
2018-01-09 14:03:04.387000,31.15,31.15,31.2,37552857.0
2018-01-09 14:03:08.194000,31.15,31.15,31.2,37552857.0
2018-01-09 14:03:14.812000,31.15,31.15,31.2,37552857.0
2018-01-09 14:03:19.246000,31.15,31.15,31.2,37552857.0
2018-01-09 14:03:22.910000,31.15,31.15,31.2,37552857.0
2018-01-09 14:03:26.911000,31.15,31.15,31.2,37552857.0
2018-01-09 14:03:30.049000,31.15,31.15,31.2,37552857.0
2018-01-09 14:03:33.236000,31.15,31.15,31.2,37552857.0
2018-01-09 14:03:36.775000,31.15,31.15,31.2,37552857.0
2018-01-09 14:03:40.441000,31.15,31.15,31.2,37552857.0
2018-01-09 14:03:44.294000,31.2,31.15,31.2,37655857.0
2018-01-09 14:03:48.395000,31.2,31.15,31.2,37655857.0
2018-01-09 14:03:52.232000,31.2,31.15,31.2,37655857.0
2018-01-09 14:03:56.247000,31.2,31.15,31.2,37655857.0
2018-01-09 14:04:00.446000,31.2,31.15,31.2,37655857.0
2018-01-09 14:04:05.695000,31.2,31.15,31.2,37655857.0
2018-01-09 14:04:09.576000,31.2,31.15,31.2,37655857.0
2018-01-09 14:04:13.880000,31.2,31.15,31.2,37655857.0
2018-01-09 14:04:17.833000,31.2,31.15,31.2,37655857.0
2018-01-09 14:04:22.249000,31.2,31.15,31.2,37655857.0
2018-01-09 14:04:25.870000,31.2,31.15,31.2,37655857.0
2018-01-09 14:04:28.987000,31.2,31.15,31.2,37655857.0
2018-01-09 14:04:32.390000,31.2,31.15,31.2,37655857.0
2018-01-09 14:04:35.775000,31.2,31.15,31.2,37655857.0
2018-01-09 14:04:39.870000,31.2,31.15,31.2,37655857.0
2018-01-09 14:04:43.885000,31.2,31.15,31.2,37655857.0
2018-01-09 14:04:47.749000,31.2,31.15,31.2,37655857.0
2018-01-09 14:04:51.597000,31.2,31.15,31.2,37655857.0
2018-01-09 14:04:55.648000,31.2,31.15,31.2,37655857.0
2018-01-09 14:04:59.871000,31.2,31.15,31.2,37655857.0
2018-01-09 14:05:03.578000,31.2,31.15,31.2,37655857.0
2018-01-09 14:05:07.104000,31.15,31.15,31.2,37681357.0
2018-01-09 14:05:12.104000,31.15,31.15,31.2,37681357.0
2018-01-09 14:05:17.772000,31.15,31.15,31.2,37681357.0
2018-01-09 14:05:21.582000,31.15,31.15,31.2,37681357.0
2018-01-09 14:05:25.441000,31.15,31.15,31.2,37681357.0
2018-01-09 14:05:29.447000,31.15,31.15,31.2,37681357.0
2018-01-09 14:05:33.273000,31.15,31.15,31.2,37681357.0
2018-01-09 14:05:37.214000,31.15,31.15,31.2,37681357.0
2018-01-09 14:05:41.222000,31.15,31.15,31.2,37681357.0
2018-01-09 14:05:45.160000,31.15,31.15,31.2,37681357.0
2018-01-09 14:05:49.235000,31.15,31.15,31.2,37681357.0
2018-01-09 14:05:53.188000,31.15,31.15,31.2,37681357.0
2018-01-09 14:05:57.150000,31.15,31.15,31.2,37681357.0
2018-01-09 14:06:01.040000,31.15,31.15,31.2,37681357.0
2018-01-09 14:06:04.449000,31.15,31.15,31.2,37681357.0
2018-01-09 14:06:08.036000,31.15,31.15,31.2,37681357.0
2018-01-09 14:06:12.002000,31.15,31.15,31.2,37681357.0
2018-01-09 14:06:15.595000,31.15,31.15,31.2,37681357.0
2018-01-09 14:06:19.559000,31.15,31.15,31.2,37681357.0
2018-01-09 14:06:23.578000,31.2,31.15,31.2,37781357.0
2018-01-09 14:06:27.247000,31.2,31.15,31.2,37781357.0
2018-01-09 14:06:30.635000,31.2,31.15,31.2,37781357.0
2018-01-09 14:06:34.609000,31.2,31.15,31.2,37781357.0
2018-01-09 14:06:38.081000,31.2,31.15,31.2,37781357.0
2018-01-09 14:06:41.031000,31.2,31.15,31.2,37781357.0
2018-01-09 14:06:45.169000,31.2,31.15,31.2,37781357.0
2018-01-09 14:06:49.116000,31.2,31.15,31.2,37781357.0
2018-01-09 14:06:52.490000,31.2,31.15,31.2,37781357.0
2018-01-09 14:06:56.090000,31.2,31.15,31.2,37781357.0
2018-01-09 14:07:00.190000,31.2,31.15,31.2,37781357.0
2018-01-09 14:07:03.612000,31.2,31.15,31.2,37781357.0
2018-01-09 14:07:07.508000,31.2,31.15,31.2,37781357.0
2018-01-09 14:07:11.012000,31.2,31.15,31.2,37781357.0
2018-01-09 14:07:14.526000,31.2,31.15,31.2,37781357.0
2018-01-09 14:07:21.141000,31.2,31.15,31.2,37781357.0
2018-01-09 14:07:25.007000,31.2,31.15,31.2,37882000.0
2018-01-09 14:07:28.998000,31.2,31.15,31.2,37882000.0
2018-01-09 14:07:32.996000,31.2,31.15,31.2,37882000.0
2018-01-09 14:07:36.958000,31.2,31.15,31.2,37882000.0
2018-01-09 14:07:40.554000,31.2,31.15,31.2,37882000.0
2018-01-09 14:07:44.234000,31.2,31.15,31.2,37882000.0
2018-01-09 14:07:48.055000,31.2,31.15,31.2,37882000.0
2018-01-09 14:07:51.737000,31.2,31.15,31.2,37882000.0
2018-01-09 14:07:55.457000,31.2,31.15,31.2,37882000.0
2018-01-09 14:07:59.350000,31.2,31.15,31.2,37882000.0
2018-01-09 14:08:03.533000,31.2,31.15,31.2,37882000.0
2018-01-09 14:08:07.627000,31.2,31.15,31.2,37882000.0
2018-01-09 14:08:11.266000,31.2,31.15,31.2,37882000.0
2018-01-09 14:08:15.239000,31.2,31.15,31.2,37882000.0
2018-01-09 14:08:19.843000,31.2,31.15,31.2,37882000.0
2018-01-09 14:08:23.936000,31.2,31.15,31.2,37882000.0
2018-01-09 14:08:27.521000,31.2,31.15,31.2,37882000.0
2018-01-09 14:08:31.360000,31.2,31.15,31.2,37882000.0
2018-01-09 14:08:35.319000,31.2,31.15,31.2,37906500.0
2018-01-09 14:08:39.784000,31.2,31.15,31.2,37906500.0
2018-01-09 14:08:43.730000,31.2,31.15,31.2,37906500.0
2018-01-09 14:08:47.813000,31.2,31.15,31.2,37906500.0
2018-01-09 14:08:51.568000,31.2,31.15,31.2,37906500.0
2018-01-09 14:08:55.474000,31.2,31.15,31.2,37906500.0
2018-01-09 14:08:59.208000,31.2,31.15,31.2,37906500.0
2018-01-09 14:09:03.286000,31.2,31.15,31.2,37906500.0
2018-01-09 14:09:10.859000,31.2,31.15,31.2,38014500.0
2018-01-09 14:09:14.954000,31.2,31.15,31.2,38014500.0
2018-01-09 14:09:18.350000,31.2,31.15,31.2,38014500.0
2018-01-09 14:09:22.330000,31.2,31.15,31.2,38014500.0
2018-01-09 14:09:26.477000,31.2,31.15,31.2,38014500.0
2018-01-09 14:09:30.536000,31.2,31.15,31.2,38014500.0
2018-01-09 14:09:34.865000,31.2,31.15,31.2,38014500.0
2018-01-09 14:09:38.756000,31.2,31.15,31.2,38014500.0
2018-01-09 14:09:42.266000,31.2,31.15,31.2,38014500.0
2018-01-09 14:09:46.334000,31.2,31.15,31.2,38014500.0
2018-01-09 14:09:50.444000,31.2,31.15,31.2,38014500.0
2018-01-09 14:09:54.288000,31.2,31.15,31.2,38014500.0
2018-01-09 14:09:58.453000,31.2,31.15,31.2,38014500.0
2018-01-09 14:10:02.542000,31.2,31.15,31.2,38014500.0
2018-01-09 14:10:06.931000,31.2,31.15,31.2,38014500.0
2018-01-09 14:10:12.066000,31.2,31.15,31.2,38014500.0
2018-01-09 14:10:16.162000,31.2,31.15,31.2,38014500.0
2018-01-09 14:10:20.539000,31.2,31.15,31.2,38014500.0
2018-01-09 14:10:24.430000,31.2,31.15,31.2,38029480.0
2018-01-09 14:10:27.959000,31.2,31.15,31.2,38029480.0
2018-01-09 14:10:31.699000,31.2,31.15,31.2,38029480.0
2018-01-09 14:10:35.500000,31.2,31.15,31.2,38029480.0
2018-01-09 14:10:39.080000,31.2,31.15,31.2,38029480.0
2018-01-09 14:10:42.303000,31.2,31.15,31.2,38029480.0
2018-01-09 14:10:45.954000,31.2,31.15,31.2,38029480.0
2018-01-09 14:10:49.783000,31.2,31.15,31.2,38029480.0
2018-01-09 14:10:53.160000,31.2,31.15,31.2,38029480.0
2018-01-09 14:10:57.258000,31.2,31.15,31.2,38029480.0
2018-01-09 14:11:01.206000,31.2,31.15,31.2,38029480.0
2018-01-09 14:11:04.575000,31.2,31.15,31.2,38029480.0
2018-01-09 14:11:11.303000,31.2,31.15,31.2,38029480.0
2018-01-09 14:11:15.740000,31.2,31.15,31.2,38029480.0
2018-01-09 14:11:18.813000,31.2,31.15,31.2,38029480.0
2018-01-09 14:11:22.712000,31.2,31.15,31.2,38029480.0
2018-01-09 14:11:26.159000,31.2,31.15,31.2,38029480.0
2018-01-09 14:11:29.880000,31.2,31.15,31.2,38029480.0
2018-01-09 14:11:33.866000,31.15,31.15,31.2,38141480.0
2018-01-09 14:11:37.526000,31.15,31.15,31.2,38141480.0
2018-01-09 14:11:41.042000,31.15,31.15,31.2,38141480.0
2018-01-09 14:11:45.018000,31.15,31.15,31.2,38141480.0
2018-01-09 14:11:48.723000,31.15,31.15,31.2,38141480.0
2018-01-09 14:11:52.676000,31.15,31.15,31.2,38141480.0
2018-01-09 14:11:57.150000,31.15,31.15,31.2,38141480.0
2018-01-09 14:12:01.047000,31.15,31.15,31.2,38141480.0
2018-01-09 14:12:06.248000,31.15,31.15,31.2,38141480.0
2018-01-09 14:12:10.326000,31.15,31.15,31.2,38141480.0
2018-01-09 14:12:14.035000,31.15,31.15,31.2,38141480.0
2018-01-09 14:12:18.083000,31.15,31.15,31.2,38141480.0
2018-01-09 14:12:21.848000,31.15,31.15,31.2,38141480.0
2018-01-09 14:12:25.418000,31.15,31.15,31.2,38141480.0
2018-01-09 14:12:28.811000,31.15,31.15,31.2,38141480.0
2018-01-09 14:12:32.555000,31.15,31.15,31.2,38141480.0
2018-01-09 14:12:36.218000,31.15,31.15,31.2,38141480.0
2018-01-09 14:12:39.658000,31.15,31.15,31.2,38141480.0
2018-01-09 14:12:43.481000,31.2,31.15,31.2,38223980.0
2018-01-09 14:12:47.057000,31.2,31.15,31.2,38223980.0
2018-01-09 14:12:51.059000,31.2,31.15,31.2,38223980.0
2018-01-09 14:12:54.219000,31.2,31.15,31.2,38223980.0
2018-01-09 14:12:57.941000,31.2,31.15,31.2,38223980.0
2018-01-09 14:13:01.738000,31.2,31.15,31.2,38223980.0
2018-01-09 14:13:10.698000,31.2,31.15,31.2,38223980.0
2018-01-09 14:13:14.259000,31.2,31.15,31.2,38223980.0
2018-01-09 14:13:18.082000,31.2,31.15,31.2,38223980.0
2018-01-09 14:13:21.594000,31.2,31.15,31.2,38223980.0
2018-01-09 14:13:25.402000,31.2,31.15,31.2,38223980.0
2018-01-09 14:13:29.237000,31.2,31.15,31.2,38271980.0
2018-01-09 14:13:32.330000,31.2,31.15,31.2,38271980.0
2018-01-09 14:13:35.846000,31.2,31.15,31.2,38271980.0
2018-01-09 14:13:39.815000,31.2,31.15,31.2,38271980.0
2018-01-09 14:13:42.625000,31.2,31.15,31.2,38271980.0
2018-01-09 14:13:46.332000,31.2,31.15,31.2,38271980.0
2018-01-09 14:13:49.879000,31.2,31.15,31.2,38271980.0
2018-01-09 14:13:53.835000,31.2,31.15,31.2,38271980.0
2018-01-09 14:13:57.571000,31.2,31.15,31.2,38271980.0
2018-01-09 14:14:00.849000,31.2,31.15,31.2,38271980.0
2018-01-09 14:14:05.717000,31.2,31.15,31.2,38271980.0
2018-01-09 14:14:10.107000,31.2,31.15,31.2,38271980.0
2018-01-09 14:14:13.996000,31.2,31.15,31.2,38271980.0
2018-01-09 14:14:21.231000,31.2,31.15,31.2,38271980.0
2018-01-09 14:14:24.619000,31.2,31.15,31.2,38271980.0
2018-01-09 14:14:28.206000,31.2,31.15,31.2,38338980.0
2018-01-09 14:14:32.052000,31.2,31.15,31.2,38338980.0
2018-01-09 14:14:35.845000,31.2,31.15,31.2,38338980.0
2018-01-09 14:14:39.862000,31.2,31.15,31.2,38338980.0
2018-01-09 14:14:43.268000,31.2,31.15,31.2,38338980.0
2018-01-09 14:14:47.248000,31.2,31.15,31.2,38338980.0
2018-01-09 14:14:50.707000,31.2,31.15,31.2,38338980.0
2018-01-09 14:14:54.454000,31.2,31.15,31.2,38338980.0
2018-01-09 14:14:58.113000,31.2,31.15,31.2,38338980.0
2018-01-09 14:15:01.775000,31.2,31.15,31.2,38338980.0
2018-01-09 14:15:06.179000,31.2,31.15,31.2,38338980.0
2018-01-09 14:15:14.307000,31.2,31.15,31.2,38338980.0
2018-01-09 14:15:18.354000,31.2,31.15,31.2,38338980.0
2018-01-09 14:15:22.429000,31.2,31.15,31.2,38338980.0
2018-01-09 14:15:26.143000,31.2,31.15,31.2,38338980.0
2018-01-09 14:15:29.622000,31.2,31.15,31.2,38369747.0
2018-01-09 14:15:33.731000,31.2,31.15,31.2,38369747.0
2018-01-09 14:15:37.378000,31.2,31.15,31.2,38369747.0
2018-01-09 14:15:40.483000,31.2,31.15,31.2,38369747.0
2018-01-09 14:15:44.246000,31.2,31.15,31.2,38369747.0
2018-01-09 14:15:47.416000,31.2,31.15,31.2,38369747.0
2018-01-09 14:15:50.683000,31.2,31.15,31.2,38369747.0
2018-01-09 14:15:53.953000,31.2,31.15,31.2,38369747.0
2018-01-09 14:15:57.877000,31.2,31.15,31.2,38369747.0
2018-01-09 14:16:01.207000,31.2,31.15,31.2,38369747.0
2018-01-09 14:16:04.863000,31.2,31.15,31.2,38369747.0
2018-01-09 14:16:08.029000,31.2,31.15,31.2,38369747.0
2018-01-09 14:16:11.989000,31.2,31.15,31.2,38369747.0
2018-01-09 14:16:15.430000,31.2,31.15,31.2,38369747.0
2018-01-09 14:16:18.470000,31.2,31.15,31.2,38369747.0
2018-01-09 14:16:21.957000,31.2,31.15,31.2,38369747.0
2018-01-09 14:16:25.588000,31.2,31.15,31.2,38369747.0
2018-01-09 14:16:29.624000,31.2,31.15,31.2,38369747.0
2018-01-09 14:16:33.454000,31.2,31.15,31.2,38369747.0
2018-01-09 14:16:37.046000,31.2,31.15,31.2,38369747.0
2018-01-09 14:16:40.844000,31.2,31.15,31.2,38523747.0
2018-01-09 14:16:43.755000,31.2,31.15,31.2,38523747.0
2018-01-09 14:16:47.527000,31.2,31.15,31.2,38523747.0
2018-01-09 14:16:51.125000,31.2,31.15,31.2,38523747.0
2018-01-09 14:16:54.937000,31.2,31.15,31.2,38523747.0
2018-01-09 14:16:58.198000,31.2,31.15,31.2,38523747.0
2018-01-09 14:17:01.778000,31.2,31.15,31.2,38523747.0
2018-01-09 14:17:05.145000,31.2,31.15,31.2,38523747.0
2018-01-09 14:17:08.929000,31.2,31.15,31.2,38523747.0
2018-01-09 14:17:13.218000,31.2,31.15,31.2,38523747.0
2018-01-09 14:17:17.023000,31.2,31.15,31.2,38523747.0
2018-01-09 14:17:20.804000,31.2,31.15,31.2,38523747.0
2018-01-09 14:17:24.401000,31.2,31.15,31.2,38523747.0
2018-01-09 14:17:28.228000,31.2,31.15,31.2,38523747.0
2018-01-09 14:17:32.356000,31.2,31.15,31.2,38523747.0
2018-01-09 14:17:35.484000,31.2,31.15,31.2,38523747.0
2018-01-09 14:17:39.214000,31.15,31.15,31.2,38556247.0
2018-01-09 14:17:42.834000,31.15,31.15,31.2,38556247.0
2018-01-09 14:17:46.503000,31.15,31.15,31.2,38556247.0
2018-01-09 14:17:49.652000,31.15,31.15,31.2,38556247.0
2018-01-09 14:17:53.565000,31.15,31.15,31.2,38556247.0
2018-01-09 14:17:56.744000,31.15,31.15,31.2,38556247.0
2018-01-09 14:17:59.880000,31.15,31.15,31.2,38556247.0
2018-01-09 14:18:03.715000,31.15,31.15,31.2,38556247.0
2018-01-09 14:18:10.637000,31.15,31.15,31.2,38556247.0
2018-01-09 14:18:13.939000,31.15,31.15,31.2,38556247.0
2018-01-09 14:18:18.211000,31.15,31.15,31.2,38556247.0
2018-01-09 14:18:21.882000,31.15,31.15,31.2,38556247.0
2018-01-09 14:18:25.695000,31.15,31.15,31.2,38556247.0
2018-01-09 14:18:29.299000,31.15,31.15,31.2,38556247.0
2018-01-09 14:18:32.597000,31.15,31.15,31.2,38556247.0
2018-01-09 14:18:36.377000,31.15,31.15,31.2,38556247.0
2018-01-09 14:18:39.697000,31.15,31.15,31.2,38556247.0
2018-01-09 14:18:43.362000,31.15,31.15,31.2,38556247.0
2018-01-09 14:18:47.315000,31.2,31.15,31.2,38704747.0
2018-01-09 14:18:51.061000,31.2,31.15,31.2,38704747.0
2018-01-09 14:18:54.574000,31.2,31.15,31.2,38704747.0
2018-01-09 14:18:57.839000,31.2,31.15,31.2,38704747.0
2018-01-09 14:19:01.268000,31.2,31.15,31.2,38704747.0
2018-01-09 14:19:05.067000,31.2,31.15,31.2,38704747.0
2018-01-09 14:19:13.112000,31.2,31.15,31.2,38704747.0
2018-01-09 14:19:16.257000,31.2,31.15,31.2,38704747.0
2018-01-09 14:19:20.320000,31.2,31.15,31.2,38704747.0
2018-01-09 14:19:24.104000,31.2,31.15,31.2,38704747.0
2018-01-09 14:19:27.601000,31.2,31.15,31.2,38704747.0
2018-01-09 14:19:31.426000,31.2,31.15,31.2,38704747.0
2018-01-09 14:19:35.138000,31.2,31.15,31.2,38704747.0
2018-01-09 14:19:38.158000,31.2,31.15,31.2,38704747.0
2018-01-09 14:19:41.670000,31.2,31.15,31.2,38704747.0
2018-01-09 14:19:45.064000,31.2,31.15,31.2,38704747.0
2018-01-09 14:19:49.033000,31.2,31.15,31.2,38704747.0
2018-01-09 14:19:52.935000,31.2,31.15,31.2,38704747.0
2018-01-09 14:19:56.811000,31.2,31.15,31.2,38704747.0
2018-01-09 14:20:00.510000,31.2,31.15,31.2,38722247.0
2018-01-09 14:20:04.500000,31.2,31.15,31.2,38722247.0
2018-01-09 14:20:10.518000,31.2,31.15,31.2,38722247.0
2018-01-09 14:20:13.730000,31.2,31.15,31.2,38722247.0
2018-01-09 14:20:20.755000,31.2,31.15,31.2,38722247.0
2018-01-09 14:20:25.133000,31.2,31.15,31.2,38722247.0
2018-01-09 14:20:29.065000,31.2,31.15,31.2,38722247.0
2018-01-09 14:20:32.330000,31.2,31.15,31.2,38722247.0
2018-01-09 14:20:36.117000,31.2,31.15,31.2,38722247.0
2018-01-09 14:20:40.352000,31.2,31.15,31.2,38722247.0
2018-01-09 14:20:44.496000,31.2,31.15,31.2,38803747.0
2018-01-09 14:20:48.332000,31.2,31.15,31.2,38803747.0
2018-01-09 14:20:52.218000,31.2,31.15,31.2,38803747.0
2018-01-09 14:20:55.807000,31.2,31.15,31.2,38803747.0
2018-01-09 14:20:59.509000,31.2,31.15,31.2,38803747.0
2018-01-09 14:21:03.353000,31.2,31.15,31.2,38803747.0
2018-01-09 14:21:07.355000,31.2,31.15,31.2,38803747.0
2018-01-09 14:21:12.350000,31.2,31.15,31.2,38803747.0
2018-01-09 14:21:16.830000,31.2,31.15,31.2,38803747.0
2018-01-09 14:21:20.965000,31.2,31.15,31.2,38803747.0
2018-01-09 14:21:25.160000,31.2,31.15,31.2,38803747.0
2018-01-09 14:21:29.165000,31.2,31.15,31.2,38803747.0
2018-01-09 14:21:32.270000,31.2,31.15,31.2,38803747.0
2018-01-09 14:21:35.515000,31.2,31.15,31.2,38803747.0
2018-01-09 14:21:39.419000,31.2,31.15,31.2,38809247.0
2018-01-09 14:21:43.554000,31.2,31.15,31.2,38809247.0
2018-01-09 14:21:47.551000,31.2,31.15,31.2,38809247.0
2018-01-09 14:21:51.666000,31.2,31.15,31.2,38809247.0
2018-01-09 14:21:55.433000,31.2,31.15,31.2,38809247.0
2018-01-09 14:21:58.862000,31.2,31.15,31.2,38809247.0
2018-01-09 14:22:04.586000,31.2,31.15,31.2,38809247.0
2018-01-09 14:22:11.554000,31.2,31.15,31.2,38809247.0
2018-01-09 14:22:15.050000,31.2,31.15,31.2,38809247.0
2018-01-09 14:22:18.931000,31.2,31.15,31.2,38809247.0
2018-01-09 14:22:22.709000,31.2,31.15,31.2,38809247.0
2018-01-09 14:22:25.625000,31.2,31.15,31.2,38809247.0
2018-01-09 14:22:29.491000,31.2,31.15,31.2,38817747.0
2018-01-09 14:22:33.398000,31.2,31.15,31.2,38817747.0
2018-01-09 14:22:36.986000,31.2,31.15,31.2,38817747.0
2018-01-09 14:22:40.417000,31.2,31.15,31.2,38817747.0
2018-01-09 14:22:44.281000,31.2,31.15,31.2,38817747.0
2018-01-09 14:22:47.738000,31.2,31.15,31.2,38817747.0
2018-01-09 14:22:52.111000,31.2,31.15,31.2,38817747.0
2018-01-09 14:22:56.046000,31.2,31.15,31.2,38817747.0
2018-01-09 14:22:59.832000,31.2,31.15,31.2,38817747.0
2018-01-09 14:23:03.601000,31.2,31.15,31.2,38817747.0
2018-01-09 14:23:06.869000,31.2,31.15,31.2,38817747.0
2018-01-09 14:23:10.742000,31.2,31.15,31.2,38817747.0
2018-01-09 14:23:14.827000,31.2,31.15,31.2,38817747.0
2018-01-09 14:23:18.564000,31.2,31.15,31.2,38817747.0
2018-01-09 14:23:22.498000,31.2,31.15,31.2,38817747.0
2018-01-09 14:23:27.027000,31.15,31.15,31.2,38841247.0
2018-01-09 14:23:30.604000,31.15,31.15,31.2,38841247.0
2018-01-09 14:23:34.824000,31.15,31.15,31.2,38841247.0
2018-01-09 14:23:38.670000,31.15,31.15,31.2,38841247.0
2018-01-09 14:23:42.456000,31.15,31.15,31.2,38841247.0
2018-01-09 14:23:46.364000,31.15,31.15,31.2,38841247.0
2018-01-09 14:23:50.479000,31.15,31.15,31.2,38841247.0
2018-01-09 14:23:54.718000,31.15,31.15,31.2,38841247.0
2018-01-09 14:23:58.234000,31.15,31.15,31.2,38841247.0
2018-01-09 14:24:01.693000,31.15,31.15,31.2,38841247.0
2018-01-09 14:24:05.286000,31.15,31.15,31.2,38841247.0
2018-01-09 14:24:08.527000,31.15,31.15,31.2,38841247.0
2018-01-09 14:24:16.049000,31.15,31.15,31.2,38841247.0
2018-01-09 14:24:19.890000,31.15,31.15,31.2,38841247.0
2018-01-09 14:24:23.368000,31.15,31.15,31.2,38841247.0
2018-01-09 14:24:26.650000,31.15,31.15,31.2,38841247.0
2018-01-09 14:24:29.766000,31.15,31.15,31.2,38841247.0
2018-01-09 14:24:33.235000,31.15,31.15,31.2,38841247.0
2018-01-09 14:24:36.960000,31.15,31.15,31.2,38841247.0
2018-01-09 14:24:41.064000,31.15,31.15,31.2,38841247.0
2018-01-09 14:24:44.905000,31.15,31.15,31.2,38841247.0
2018-01-09 14:24:48.731000,31.15,31.15,31.2,38899747.0
2018-01-09 14:24:52.230000,31.15,31.15,31.2,38899747.0
2018-01-09 14:24:56.574000,31.15,31.15,31.2,38899747.0
2018-01-09 14:25:00.486000,31.15,31.15,31.2,38899747.0
2018-01-09 14:25:04.600000,31.15,31.15,31.2,38899747.0
2018-01-09 14:25:09.458000,31.15,31.15,31.2,38899747.0
2018-01-09 14:25:12.995000,31.15,31.15,31.2,38899747.0
2018-01-09 14:25:20.092000,31.15,31.15,31.2,38899747.0
2018-01-09 14:25:24.154000,31.15,31.15,31.2,38899747.0
2018-01-09 14:25:28.144000,31.15,31.15,31.2,38899747.0
2018-01-09 14:25:31.622000,31.15,31.15,31.2,38899747.0
2018-01-09 14:25:36.036000,31.15,31.15,31.2,38899747.0
2018-01-09 14:25:40.105000,31.15,31.15,31.2,38899747.0
2018-01-09 14:25:43.937000,31.15,31.15,31.2,38899747.0
2018-01-09 14:25:47.880000,31.2,31.15,31.2,38948247.0
2018-01-09 14:25:51.517000,31.2,31.15,31.2,38948247.0
2018-01-09 14:25:55.354000,31.2,31.15,31.2,38948247.0
2018-01-09 14:25:58.840000,31.2,31.15,31.2,38948247.0
2018-01-09 14:26:02.499000,31.2,31.15,31.2,38948247.0
2018-01-09 14:26:05.810000,31.2,31.15,31.2,38948247.0
2018-01-09 14:26:09.646000,31.2,31.15,31.2,38948247.0
2018-01-09 14:26:13.543000,31.2,31.15,31.2,38948247.0
2018-01-09 14:26:17.483000,31.2,31.15,31.2,38948247.0
2018-01-09 14:26:21.373000,31.2,31.15,31.2,38948247.0
2018-01-09 14:26:25.169000,31.2,31.15,31.2,38948247.0
2018-01-09 14:26:29.317000,31.2,31.15,31.2,38948247.0
2018-01-09 14:26:32.734000,31.2,31.15,31.2,38948247.0
2018-01-09 14:26:36.032000,31.2,31.15,31.2,38948247.0
2018-01-09 14:26:40.919000,31.15,31.15,31.2,39002747.0
2018-01-09 14:26:44.924000,31.15,31.15,31.2,39002747.0
2018-01-09 14:26:48.882000,31.15,31.15,31.2,39002747.0
2018-01-09 14:26:52.350000,31.15,31.15,31.2,39002747.0
2018-01-09 14:26:56.013000,31.15,31.15,31.2,39002747.0
2018-01-09 14:26:59.767000,31.15,31.15,31.2,39002747.0
2018-01-09 14:27:03.688000,31.15,31.15,31.2,39002747.0
2018-01-09 14:27:10.663000,31.15,31.15,31.2,39002747.0
2018-01-09 14:27:14.342000,31.15,31.15,31.2,39002747.0
2018-01-09 14:27:18.421000,31.15,31.15,31.2,39002747.0
2018-01-09 14:27:22.558000,31.15,31.15,31.2,39002747.0
2018-01-09 14:27:26.323000,31.15,31.15,31.2,39002747.0
2018-01-09 14:27:30.040000,31.15,31.15,31.2,39002747.0
2018-01-09 14:27:34.214000,31.15,31.15,31.2,39002747.0
2018-01-09 14:27:38.193000,31.15,31.15,31.2,39002747.0
2018-01-09 14:27:42.534000,31.15,31.15,31.2,39002747.0
2018-01-09 14:27:46.573000,31.15,31.15,31.2,39002747.0
2018-01-09 14:27:50.810000,31.15,31.15,31.2,39015247.0
2018-01-09 14:27:54.295000,31.15,31.15,31.2,39015247.0
2018-01-09 14:27:57.550000,31.15,31.15,31.2,39015247.0
2018-01-09 14:28:01.271000,31.15,31.15,31.2,39015247.0
2018-01-09 14:28:07.595000,31.15,31.15,31.2,39015247.0
2018-01-09 14:28:11.077000,31.15,31.15,31.2,39015247.0
2018-01-09 14:28:18.218000,31.15,31.15,31.2,39015247.0
2018-01-09 14:28:21.703000,31.15,31.15,31.2,39015247.0
2018-01-09 14:28:25.651000,31.15,31.15,31.2,39015247.0
2018-01-09 14:28:29.461000,31.15,31.15,31.2,39015247.0
2018-01-09 14:28:33.440000,31.15,31.15,31.2,39015247.0
2018-01-09 14:28:36.812000,31.15,31.15,31.2,39015247.0
2018-01-09 14:28:41.187000,31.15,31.15,31.2,39015247.0
2018-01-09 14:28:45.432000,31.15,31.15,31.2,39015247.0
2018-01-09 14:28:49.350000,31.15,31.15,31.2,39015247.0
2018-01-09 14:28:53.151000,31.2,31.15,31.2,39071747.0
2018-01-09 14:28:57.368000,31.2,31.15,31.2,39071747.0
2018-01-09 14:29:01.142000,31.2,31.15,31.2,39071747.0
2018-01-09 14:29:05.274000,31.2,31.15,31.2,39071747.0
2018-01-09 14:29:08.858000,31.2,31.15,31.2,39071747.0
2018-01-09 14:29:12.369000,31.2,31.15,31.2,39071747.0
2018-01-09 14:29:16.341000,31.2,31.15,31.2,39071747.0
2018-01-09 14:29:19.281000,31.2,31.15,31.2,39071747.0
2018-01-09 14:29:22.686000,31.2,31.15,31.2,39071747.0
2018-01-09 14:29:26.018000,31.2,31.15,31.2,39071747.0
2018-01-09 14:29:29.737000,31.2,31.15,31.2,39071747.0
2018-01-09 14:29:33.360000,31.2,31.15,31.2,39071747.0
2018-01-09 14:29:37.141000,31.2,31.15,31.2,39071747.0
2018-01-09 14:29:40.907000,31.2,31.15,31.2,39071747.0
2018-01-09 14:29:44.398000,31.2,31.15,31.2,39071747.0
2018-01-09 14:29:47.409000,31.2,31.15,31.2,39071747.0
2018-01-09 14:29:51.427000,31.2,31.15,31.2,39071747.0
2018-01-09 14:29:55.480000,31.2,31.15,31.2,39071747.0
2018-01-09 14:29:59.629000,31.2,31.15,31.2,39071747.0
2018-01-09 14:30:03.660000,31.2,31.15,31.2,39081247.0
2018-01-09 14:30:07.553000,31.2,31.15,31.2,39081247.0
2018-01-09 14:30:15.111000,31.2,31.15,31.2,39081247.0
2018-01-09 14:30:18.620000,31.2,31.15,31.2,39081247.0
2018-01-09 14:30:22.902000,31.2,31.15,31.2,39081247.0
2018-01-09 14:30:26.329000,31.2,31.15,31.2,39081247.0
2018-01-09 14:30:30.910000,31.2,31.15,31.2,39081247.0
2018-01-09 14:30:34.815000,31.2,31.15,31.2,39081247.0
2018-01-09 14:30:38.596000,31.2,31.15,31.2,39081247.0
2018-01-09 14:30:42.227000,31.2,31.15,31.2,39081247.0
2018-01-09 14:30:45.817000,31.2,31.15,31.2,39081247.0
2018-01-09 14:30:49.444000,31.2,31.15,31.2,39081247.0
2018-01-09 14:30:53.145000,31.2,31.15,31.2,39081247.0
2018-01-09 14:30:56.750000,31.2,31.15,31.2,39081247.0
2018-01-09 14:31:01.115000,31.2,31.15,31.2,39081247.0
2018-01-09 14:31:04.932000,31.2,31.15,31.2,39081247.0
2018-01-09 14:31:10.186000,31.2,31.15,31.2,39081247.0
2018-01-09 14:31:14.393000,31.2,31.15,31.2,39139247.0
2018-01-09 14:31:18.535000,31.2,31.15,31.2,39139247.0
2018-01-09 14:31:22.678000,31.2,31.15,31.2,39139247.0
2018-01-09 14:31:26.472000,31.2,31.15,31.2,39139247.0
2018-01-09 14:31:29.770000,31.2,31.15,31.2,39139247.0
2018-01-09 14:31:33.117000,31.2,31.15,31.2,39139247.0
2018-01-09 14:31:36.676000,31.2,31.15,31.2,39139247.0
2018-01-09 14:31:40.413000,31.2,31.15,31.2,39139247.0
2018-01-09 14:31:44.206000,31.2,31.15,31.2,39139247.0
2018-01-09 14:31:47.477000,31.2,31.15,31.2,39139247.0
2018-01-09 14:31:50.566000,31.2,31.15,31.2,39139247.0
2018-01-09 14:31:54.112000,31.2,31.15,31.2,39139247.0
2018-01-09 14:31:58.386000,31.2,31.15,31.2,39139247.0
2018-01-09 14:32:02.256000,31.2,31.15,31.2,39139247.0
2018-01-09 14:32:05.458000,31.2,31.15,31.2,39139247.0
2018-01-09 14:32:08.982000,31.2,31.15,31.2,39139247.0
2018-01-09 14:32:14.520000,31.2,31.15,31.2,39139247.0
2018-01-09 14:32:21.067000,31.2,31.15,31.2,39139247.0
2018-01-09 14:32:24.961000,31.2,31.15,31.2,39148747.0
2018-01-09 14:32:28.786000,31.2,31.15,31.2,39148747.0
2018-01-09 14:32:32.352000,31.2,31.15,31.2,39148747.0
2018-01-09 14:32:36.432000,31.2,31.15,31.2,39148747.0
2018-01-09 14:32:40.446000,31.2,31.15,31.2,39148747.0
2018-01-09 14:32:43.444000,31.2,31.15,31.2,39148747.0
2018-01-09 14:32:47.649000,31.2,31.15,31.2,39148747.0
2018-01-09 14:32:51.224000,31.2,31.15,31.2,39148747.0
2018-01-09 14:32:55.132000,31.2,31.15,31.2,39148747.0
2018-01-09 14:32:59.052000,31.2,31.15,31.2,39148747.0
2018-01-09 14:33:02.717000,31.2,31.15,31.2,39148747.0
2018-01-09 14:33:06.428000,31.2,31.15,31.2,39148747.0
2018-01-09 14:33:14.261000,31.2,31.15,31.2,39148747.0
2018-01-09 14:33:17.588000,31.2,31.15,31.2,39148747.0
2018-01-09 14:33:21.537000,31.2,31.15,31.2,39148747.0
2018-01-09 14:33:25.455000,31.2,31.15,31.2,39148747.0
2018-01-09 14:33:28.631000,31.2,31.15,31.2,39148747.0
2018-01-09 14:33:32.896000,31.2,31.15,31.2,39148747.0
2018-01-09 14:33:36.913000,31.2,31.15,31.2,39148747.0
2018-01-09 14:33:40.850000,31.2,31.15,31.2,39169247.0
2018-01-09 14:33:44.569000,31.2,31.15,31.2,39169247.0
2018-01-09 14:33:48.667000,31.2,31.15,31.2,39169247.0
2018-01-09 14:33:52.256000,31.2,31.15,31.2,39169247.0
2018-01-09 14:33:55.664000,31.2,31.15,31.2,39169247.0
2018-01-09 14:33:59.022000,31.2,31.15,31.2,39169247.0
2018-01-09 14:34:06.760000,31.2,31.15,31.2,39169247.0
2018-01-09 14:34:10.907000,31.2,31.15,31.2,39169247.0
2018-01-09 14:34:18.759000,31.2,31.15,31.2,39169247.0
2018-01-09 14:34:22.008000,31.2,31.15,31.2,39169247.0
2018-01-09 14:34:25.668000,31.2,31.15,31.2,39169247.0
2018-01-09 14:34:29.008000,31.2,31.15,31.2,39169247.0
2018-01-09 14:34:32.288000,31.2,31.15,31.2,39169247.0
2018-01-09 14:34:35.769000,31.2,31.15,31.2,39169247.0
2018-01-09 14:34:39.242000,31.2,31.15,31.2,39169247.0
2018-01-09 14:34:43.266000,31.2,31.15,31.2,39246747.0
2018-01-09 14:34:46.776000,31.2,31.15,31.2,39246747.0
2018-01-09 14:34:50.539000,31.2,31.15,31.2,39246747.0
2018-01-09 14:34:54.961000,31.2,31.15,31.2,39246747.0
2018-01-09 14:34:58.820000,31.2,31.2,31.25,41963747.0
2018-01-09 14:35:02.852000,31.2,31.2,31.25,41963747.0
2018-01-09 14:35:06.627000,31.2,31.2,31.25,41963747.0
2018-01-09 14:35:10.399000,31.2,31.2,31.25,41963747.0
2018-01-09 14:35:17.197000,31.2,31.2,31.25,41963747.0
2018-01-09 14:35:21.141000,31.2,31.2,31.25,41963747.0
2018-01-09 14:35:24.606000,31.2,31.2,31.25,41963747.0
2018-01-09 14:35:27.942000,31.2,31.2,31.25,41963747.0
2018-01-09 14:35:31.899000,31.2,31.2,31.25,41963747.0
2018-01-09 14:35:35.557000,31.2,31.2,31.25,41963747.0
2018-01-09 14:35:39.028000,31.2,31.2,31.25,41963747.0
2018-01-09 14:35:42.185000,31.2,31.2,31.25,41963747.0
2018-01-09 14:35:46.120000,31.2,31.2,31.25,41963747.0
2018-01-09 14:35:49.682000,31.2,31.2,31.25,41963747.0
2018-01-09 14:35:53.438000,31.2,31.2,31.25,41963747.0
2018-01-09 14:35:57.574000,31.2,31.2,31.25,41963747.0
2018-01-09 14:36:01.501000,31.2,31.2,31.25,41963747.0
2018-01-09 14:36:05.154000,31.2,31.2,31.25,41963747.0
2018-01-09 14:36:12.135000,31.2,31.2,31.25,41963747.0
2018-01-09 14:36:15.825000,31.2,31.15,31.2,42694747.0
2018-01-09 14:36:20.041000,31.2,31.15,31.2,42694747.0
2018-01-09 14:36:23.387000,31.2,31.15,31.2,42694747.0
2018-01-09 14:36:27.562000,31.2,31.15,31.2,42694747.0
2018-01-09 14:36:31.688000,31.2,31.15,31.2,42694747.0
2018-01-09 14:36:35.505000,31.2,31.15,31.2,42694747.0
2018-01-09 14:36:38.839000,31.2,31.15,31.2,42694747.0
2018-01-09 14:36:42.657000,31.2,31.15,31.2,42694747.0
2018-01-09 14:36:46.575000,31.2,31.15,31.2,42694747.0
2018-01-09 14:36:50.324000,31.2,31.15,31.2,42694747.0
2018-01-09 14:36:54.141000,31.2,31.15,31.2,42694747.0
2018-01-09 14:36:57.951000,31.2,31.15,31.2,42694747.0
2018-01-09 14:37:01.247000,31.2,31.15,31.2,42694747.0
2018-01-09 14:37:05.140000,31.2,31.15,31.2,42694747.0
2018-01-09 14:37:12.210000,31.2,31.15,31.2,42694747.0
2018-01-09 14:37:18.109000,31.2,31.15,31.2,42696247.0
2018-01-09 14:37:22.343000,31.2,31.15,31.2,42696247.0
2018-01-09 14:37:26.595000,31.2,31.15,31.2,42696247.0
2018-01-09 14:37:30.417000,31.2,31.15,31.2,42696247.0
2018-01-09 14:37:34.096000,31.2,31.15,31.2,42696247.0
2018-01-09 14:37:37.565000,31.2,31.15,31.2,42696247.0
2018-01-09 14:37:41.571000,31.2,31.15,31.2,42696247.0
2018-01-09 14:37:45.139000,31.2,31.15,31.2,42696247.0
2018-01-09 14:37:49.185000,31.2,31.15,31.2,42696247.0
2018-01-09 14:37:53.124000,31.2,31.15,31.2,42696247.0
2018-01-09 14:37:57.357000,31.2,31.15,31.2,42696247.0
2018-01-09 14:38:01.467000,31.2,31.15,31.2,42696247.0
2018-01-09 14:38:05.232000,31.2,31.15,31.2,42696247.0
2018-01-09 14:38:08.903000,31.2,31.15,31.2,42696247.0
2018-01-09 14:38:13.346000,31.2,31.15,31.2,42696247.0
2018-01-09 14:38:17.423000,31.2,31.15,31.2,42697747.0
2018-01-09 14:38:21.314000,31.2,31.15,31.2,42697747.0
2018-01-09 14:38:26.196000,31.2,31.15,31.2,42697747.0
2018-01-09 14:38:30.404000,31.2,31.15,31.2,42697747.0
2018-01-09 14:38:34.890000,31.2,31.15,31.2,42697747.0
2018-01-09 14:38:38.157000,31.2,31.15,31.2,42697747.0
2018-01-09 14:38:41.494000,31.2,31.15,31.2,42697747.0
2018-01-09 14:38:45.749000,31.2,31.15,31.2,42697747.0
2018-01-09 14:38:49.970000,31.2,31.15,31.2,42697747.0
2018-01-09 14:38:53.829000,31.2,31.15,31.2,42697747.0
2018-01-09 14:38:57.686000,31.2,31.15,31.2,42697747.0
2018-01-09 14:39:01.424000,31.2,31.15,31.2,42697747.0
2018-01-09 14:39:05.016000,31.2,31.15,31.2,42697747.0
2018-01-09 14:39:10.390000,31.2,31.15,31.2,42697747.0
2018-01-09 14:39:14.296000,31.2,31.15,31.2,42717990.0
2018-01-09 14:39:18.017000,31.2,31.15,31.2,42717990.0
2018-01-09 14:39:21.874000,31.2,31.15,31.2,42717990.0
2018-01-09 14:39:25.766000,31.2,31.15,31.2,42717990.0
2018-01-09 14:39:29.859000,31.2,31.15,31.2,42717990.0
2018-01-09 14:39:33.536000,31.2,31.15,31.2,42717990.0
2018-01-09 14:39:37.143000,31.2,31.15,31.2,42717990.0
2018-01-09 14:39:41.125000,31.2,31.15,31.2,42717990.0
2018-01-09 14:39:45.504000,31.2,31.15,31.2,42717990.0
2018-01-09 14:39:48.721000,31.2,31.15,31.2,42717990.0
2018-01-09 14:39:51.978000,31.2,31.15,31.2,42717990.0
2018-01-09 14:39:55.877000,31.2,31.15,31.2,42717990.0
2018-01-09 14:39:59.022000,31.2,31.15,31.2,42717990.0
2018-01-09 14:40:03.629000,31.2,31.15,31.2,42717990.0
2018-01-09 14:40:07.665000,31.2,31.15,31.2,42717990.0
2018-01-09 14:40:13.088000,31.2,31.15,31.2,42717990.0
2018-01-09 14:40:16.757000,31.2,31.15,31.2,42734490.0
2018-01-09 14:40:20.753000,31.2,31.15,31.2,42734490.0
2018-01-09 14:40:24.338000,31.2,31.15,31.2,42734490.0
2018-01-09 14:40:28.070000,31.2,31.15,31.2,42734490.0
2018-01-09 14:40:31.082000,31.2,31.15,31.2,42734490.0
2018-01-09 14:40:34.486000,31.2,31.15,31.2,42734490.0
2018-01-09 14:40:38.118000,31.2,31.15,31.2,42734490.0
2018-01-09 14:40:42.004000,31.2,31.15,31.2,42734490.0
2018-01-09 14:40:45.486000,31.2,31.15,31.2,42734490.0
2018-01-09 14:40:49.049000,31.2,31.15,31.2,42734490.0
2018-01-09 14:40:52.206000,31.2,31.15,31.2,42734490.0
2018-01-09 14:40:56.136000,31.2,31.15,31.2,42734490.0
2018-01-09 14:40:59.945000,31.2,31.15,31.2,42746110.0
2018-01-09 14:41:03.317000,31.2,31.15,31.2,42746110.0
2018-01-09 14:41:07.502000,31.2,31.15,31.2,42746110.0
2018-01-09 14:41:10.455000,31.2,31.15,31.2,42746110.0
2018-01-09 14:41:13.381000,31.2,31.15,31.2,42746110.0
2018-01-09 14:41:20.215000,31.2,31.15,31.2,42746110.0
2018-01-09 14:41:24.174000,31.2,31.15,31.2,42746110.0
2018-01-09 14:41:27.994000,31.2,31.15,31.2,42746110.0
2018-01-09 14:41:31.902000,31.2,31.15,31.2,42746110.0
2018-01-09 14:41:35.651000,31.2,31.15,31.2,42746110.0
2018-01-09 14:41:39.337000,31.2,31.15,31.2,42746110.0
2018-01-09 14:41:42.989000,31.2,31.15,31.2,42746110.0
2018-01-09 14:41:46.489000,31.2,31.15,31.2,42746110.0
2018-01-09 14:41:49.988000,31.2,31.15,31.2,42746110.0
2018-01-09 14:41:53.972000,31.2,31.15,31.2,42746110.0
2018-01-09 14:41:57.996000,31.2,31.15,31.2,42746110.0
2018-01-09 14:42:01.538000,31.2,31.15,31.2,42746110.0
2018-01-09 14:42:05.583000,31.2,31.15,31.2,42771110.0
2018-01-09 14:42:09.021000,31.2,31.15,31.2,42771110.0
2018-01-09 14:42:12.316000,31.2,31.15,31.2,42771110.0
2018-01-09 14:42:16.210000,31.2,31.15,31.2,42771110.0
2018-01-09 14:42:20.202000,31.2,31.15,31.2,42771110.0
2018-01-09 14:42:24.459000,31.2,31.15,31.2,42771110.0
2018-01-09 14:42:28.492000,31.2,31.15,31.2,42771110.0
2018-01-09 14:42:33.020000,31.2,31.15,31.2,42771110.0
2018-01-09 14:42:36.989000,31.2,31.15,31.2,42771110.0
2018-01-09 14:42:40.896000,31.2,31.15,31.2,42771110.0
2018-01-09 14:42:44.630000,31.2,31.15,31.2,42771110.0
2018-01-09 14:42:48.301000,31.2,31.15,31.2,42771110.0
2018-01-09 14:42:54.161000,31.2,31.15,31.2,42771110.0
2018-01-09 14:42:57.536000,31.2,31.15,31.2,42771110.0
2018-01-09 14:43:01.335000,31.2,31.15,31.2,42771110.0
2018-01-09 14:43:05.167000,31.2,31.15,31.2,42771110.0
2018-01-09 14:43:08.963000,31.2,31.15,31.2,42771110.0
2018-01-09 14:43:12.130000,31.2,31.15,31.2,42771110.0
2018-01-09 14:43:16.195000,31.2,31.15,31.2,42782646.0
2018-01-09 14:43:20.365000,31.2,31.15,31.2,42782646.0
2018-01-09 14:43:24.161000,31.2,31.15,31.2,42782646.0
2018-01-09 14:43:28.173000,31.2,31.15,31.2,42782646.0
2018-01-09 14:43:32.101000,31.2,31.15,31.2,42782646.0
2018-01-09 14:43:35.974000,31.2,31.15,31.2,42782646.0
2018-01-09 14:43:40.147000,31.2,31.15,31.2,42782646.0
2018-01-09 14:43:43.805000,31.2,31.15,31.2,42782646.0
2018-01-09 14:43:47.263000,31.2,31.15,31.2,42782646.0
2018-01-09 14:43:50.487000,31.2,31.15,31.2,42782646.0
2018-01-09 14:43:54.445000,31.2,31.15,31.2,42782646.0
2018-01-09 14:43:57.633000,31.2,31.15,31.2,42782646.0
2018-01-09 14:44:01.751000,31.2,31.15,31.2,42782646.0
2018-01-09 14:44:05.460000,31.2,31.15,31.2,42782646.0
2018-01-09 14:44:09.545000,31.2,31.15,31.2,42782646.0
2018-01-09 14:44:14.970000,31.2,31.15,31.2,42795646.0
2018-01-09 14:44:18.465000,31.2,31.15,31.2,42795646.0
2018-01-09 14:44:21.851000,31.2,31.15,31.2,42795646.0
2018-01-09 14:44:25.039000,31.2,31.15,31.2,42795646.0
2018-01-09 14:44:28.905000,31.2,31.15,31.2,42795646.0
2018-01-09 14:44:32.529000,31.2,31.15,31.2,42795646.0
2018-01-09 14:44:36.395000,31.2,31.15,31.2,42795646.0
2018-01-09 14:44:39.948000,31.2,31.15,31.2,42795646.0
2018-01-09 14:44:43.394000,31.2,31.15,31.2,42795646.0
2018-01-09 14:44:46.964000,31.2,31.15,31.2,42795646.0
2018-01-09 14:44:50.805000,31.2,31.15,31.2,42795646.0
2018-01-09 14:44:54.549000,31.2,31.15,31.2,42795646.0
2018-01-09 14:44:58.588000,31.2,31.15,31.2,42795646.0
2018-01-09 14:45:02.715000,31.2,31.15,31.2,42795646.0
2018-01-09 14:45:08.438000,31.2,31.15,31.2,42810646.0
2018-01-09 14:45:11.649000,31.2,31.15,31.2,42810646.0
2018-01-09 14:45:18.469000,31.2,31.15,31.2,42810646.0
2018-01-09 14:45:22.142000,31.2,31.15,31.2,42810646.0
2018-01-09 14:45:26.134000,31.2,31.15,31.2,42810646.0
2018-01-09 14:45:30.009000,31.2,31.15,31.2,42810646.0
2018-01-09 14:45:35.087000,31.2,31.15,31.2,42810646.0
2018-01-09 14:45:38.853000,31.2,31.15,31.2,42810646.0
2018-01-09 14:45:42.996000,31.2,31.15,31.2,42810646.0
2018-01-09 14:45:46.668000,31.2,31.15,31.2,42810646.0
2018-01-09 14:45:49.688000,31.2,31.15,31.2,42810646.0
2018-01-09 14:45:53.968000,31.2,31.15,31.2,42810646.0
2018-01-09 14:45:57.627000,31.2,31.15,31.2,42810646.0
2018-01-09 14:46:01.592000,31.2,31.15,31.2,42810646.0
2018-01-09 14:46:04.321000,31.2,31.15,31.2,42810646.0
2018-01-09 14:46:12.029000,31.2,31.15,31.2,42828146.0
2018-01-09 14:46:19.135000,31.2,31.15,31.2,42828146.0
2018-01-09 14:46:23.009000,31.2,31.15,31.2,42828146.0
2018-01-09 14:46:27.104000,31.2,31.15,31.2,42828146.0
2018-01-09 14:46:30.738000,31.2,31.15,31.2,42828146.0
2018-01-09 14:46:35.066000,31.2,31.15,31.2,42828146.0
2018-01-09 14:46:38.749000,31.2,31.15,31.2,42828146.0
2018-01-09 14:46:42.510000,31.2,31.15,31.2,42828146.0
2018-01-09 14:46:46.153000,31.2,31.15,31.2,42828146.0
2018-01-09 14:46:57.668000,31.2,31.15,31.2,42828146.0
2018-01-09 14:47:04.418000,31.2,31.15,31.2,43131146.0
2018-01-09 14:47:13.748000,31.2,31.15,31.2,43657146.0
2018-01-09 14:47:24.214000,31.2,31.15,31.2,43657146.0
2018-01-09 14:47:30.762000,31.2,31.15,31.2,43657146.0
2018-01-09 14:47:43.122000,31.2,31.15,31.2,43657146.0
2018-01-09 14:48:05.716000,31.2,31.15,31.2,43657146.0
2018-01-09 14:48:15.513000,31.2,31.15,31.2,44343146.0
2018-01-09 14:48:26.624000,31.2,31.15,31.2,44343146.0
2018-01-09 14:48:30.531000,31.2,31.15,31.2,44343146.0
2018-01-09 14:48:34.646000,31.2,31.15,31.2,44343146.0
2018-01-09 14:48:38.330000,31.2,31.15,31.2,44343146.0
2018-01-09 14:48:42.358000,31.2,31.15,31.2,44343146.0
2018-01-09 14:48:46.435000,31.2,31.15,31.2,44343146.0
2018-01-09 14:48:50.031000,31.2,31.15,31.2,44343146.0
2018-01-09 14:48:54.548000,31.2,31.15,31.2,44343146.0
2018-01-09 14:48:58.530000,31.2,31.15,31.2,44343146.0
2018-01-09 14:49:01.991000,31.2,31.15,31.2,44343146.0
2018-01-09 14:49:06.002000,31.2,31.15,31.2,44343146.0
2018-01-09 14:49:10.327000,31.2,31.15,31.2,44343146.0
2018-01-09 14:49:14.188000,31.2,31.15,31.2,44363646.0
2018-01-09 14:49:20.723000,31.2,31.15,31.2,44363646.0
2018-01-09 14:49:23.792000,31.2,31.15,31.2,44363646.0
2018-01-09 14:49:27.399000,31.2,31.15,31.2,44363646.0
2018-01-09 14:49:30.972000,31.2,31.15,31.2,44363646.0
2018-01-09 14:49:34.859000,31.2,31.15,31.2,44363646.0
2018-01-09 14:49:38.140000,31.2,31.15,31.2,44363646.0
2018-01-09 14:49:41.767000,31.2,31.15,31.2,44363646.0
2018-01-09 14:49:45.627000,31.2,31.15,31.2,44363646.0
2018-01-09 14:49:49.003000,31.2,31.15,31.2,44363646.0
2018-01-09 14:49:52.937000,31.2,31.15,31.2,44363646.0
2018-01-09 14:49:56.558000,31.2,31.15,31.2,44363646.0
2018-01-09 14:50:00.225000,31.2,31.15,31.2,44363646.0
2018-01-09 14:50:03.609000,31.2,31.15,31.2,44363646.0
2018-01-09 14:50:09.051000,31.2,31.15,31.2,44363646.0
2018-01-09 14:50:12.788000,31.2,31.15,31.2,44363646.0
2018-01-09 14:50:19.784000,31.2,31.15,31.2,44381646.0
2018-01-09 14:50:23.284000,31.2,31.15,31.2,44381646.0
2018-01-09 14:50:28.146000,31.2,31.15,31.2,44381646.0
2018-01-09 14:50:32.044000,31.2,31.15,31.2,44381646.0
2018-01-09 14:50:36.189000,31.2,31.15,31.2,44381646.0
2018-01-09 14:50:40.314000,31.2,31.15,31.2,44381646.0
2018-01-09 14:50:44.040000,31.2,31.15,31.2,44381646.0
2018-01-09 14:50:47.554000,31.2,31.15,31.2,44381646.0
2018-01-09 14:50:51.580000,31.2,31.15,31.2,44381646.0
2018-01-09 14:50:55.561000,31.2,31.15,31.2,44381646.0
2018-01-09 14:50:59.253000,31.2,31.15,31.2,44381646.0
2018-01-09 14:51:03.143000,31.2,31.15,31.2,44381646.0
2018-01-09 14:51:06.893000,31.2,31.15,31.2,44381646.0
2018-01-09 14:51:10.425000,31.2,31.15,31.2,44381646.0
2018-01-09 14:51:14.395000,31.2,31.15,31.2,44406646.0
2018-01-09 14:51:20.721000,31.2,31.15,31.2,44406646.0
2018-01-09 14:51:24.738000,31.2,31.15,31.2,44406646.0
2018-01-09 14:51:28.582000,31.2,31.15,31.2,44406646.0
2018-01-09 14:51:32.411000,31.2,31.15,31.2,44406646.0
2018-01-09 14:51:36.144000,31.2,31.15,31.2,44406646.0
2018-01-09 14:51:40.119000,31.2,31.15,31.2,44406646.0
2018-01-09 14:51:44.334000,31.2,31.15,31.2,44406646.0
2018-01-09 14:51:48.408000,31.2,31.15,31.2,44406646.0
2018-01-09 14:51:52.239000,31.2,31.15,31.2,44406646.0
2018-01-09 14:51:56.426000,31.2,31.15,31.2,44406646.0
2018-01-09 14:52:00.133000,31.2,31.15,31.2,44406646.0
2018-01-09 14:52:03.101000,31.2,31.15,31.2,44406646.0
2018-01-09 14:52:06.563000,31.2,31.15,31.2,44406646.0
2018-01-09 14:52:09.847000,31.2,31.15,31.2,44406646.0
2018-01-09 14:52:13.602000,31.2,31.15,31.2,44440646.0
2018-01-09 14:52:17.750000,31.2,31.15,31.2,44440646.0
2018-01-09 14:52:21.411000,31.2,31.15,31.2,45733646.0
2018-01-09 14:52:25.161000,31.2,31.15,31.2,45733646.0
2018-01-09 14:52:28.263000,31.2,31.15,31.2,45733646.0
2018-01-09 14:52:32.242000,31.2,31.15,31.2,45733646.0
2018-01-09 14:52:36.411000,31.2,31.15,31.2,45733646.0
2018-01-09 14:52:40.990000,31.2,31.15,31.2,45733646.0
2018-01-09 14:52:44.398000,31.2,31.15,31.2,45733646.0
2018-01-09 14:52:48.662000,31.2,31.15,31.2,45733646.0
2018-01-09 14:52:52.445000,31.2,31.15,31.2,45733646.0
2018-01-09 14:52:56.146000,31.2,31.15,31.2,45733646.0
2018-01-09 14:53:00.021000,31.2,31.15,31.2,45733646.0
2018-01-09 14:53:03.768000,31.2,31.15,31.2,45733646.0
2018-01-09 14:53:13.427000,31.2,31.15,31.2,45733646.0
2018-01-09 14:53:17.302000,31.2,31.15,31.2,45733646.0
2018-01-09 14:53:21.429000,31.2,31.15,31.2,45733646.0
2018-01-09 14:53:25.037000,31.2,31.15,31.2,45733646.0
2018-01-09 14:53:29.092000,31.2,31.15,31.2,45733646.0
2018-01-09 14:53:33.061000,31.2,31.15,31.2,45733646.0
2018-01-09 14:53:37.431000,31.25,31.2,31.25,46055646.0
2018-01-09 14:53:41.306000,31.25,31.2,31.25,46055646.0
2018-01-09 14:53:45.633000,31.25,31.2,31.25,46055646.0
2018-01-09 14:53:49.541000,31.25,31.2,31.25,46055646.0
2018-01-09 14:53:53.538000,31.25,31.2,31.25,46055646.0
2018-01-09 14:53:57.352000,31.25,31.2,31.25,46055646.0
2018-01-09 14:54:01.069000,31.25,31.2,31.25,46055646.0
2018-01-09 14:54:04.975000,31.25,31.2,31.25,46055646.0
2018-01-09 14:54:08.742000,31.25,31.2,31.25,46055646.0
2018-01-09 14:54:12.648000,31.25,31.2,31.25,46055646.0
2018-01-09 14:54:20.232000,31.25,31.2,31.25,46055646.0
2018-01-09 14:54:24.164000,31.25,31.2,31.25,46055646.0
2018-01-09 14:54:27.398000,31.25,31.2,31.25,46055646.0
2018-01-09 14:54:30.932000,31.25,31.2,31.25,46055646.0
2018-01-09 14:54:34.883000,31.25,31.2,31.25,46055646.0
2018-01-09 14:54:38.804000,31.25,31.2,31.25,46055646.0
2018-01-09 14:54:42.064000,31.25,31.2,31.25,46055646.0
2018-01-09 14:54:45.196000,31.25,31.2,31.25,46055646.0
2018-01-09 14:54:49.176000,31.25,31.2,31.25,46062146.0
2018-01-09 14:54:52.763000,31.25,31.2,31.25,46062146.0
2018-01-09 14:54:56.399000,31.25,31.2,31.25,46062146.0
2018-01-09 14:55:00.103000,31.25,31.2,31.25,46062146.0
2018-01-09 14:55:04.244000,31.25,31.2,31.25,46062146.0
2018-01-09 14:55:11.759000,31.25,31.2,31.25,46062146.0
2018-01-09 14:55:16.487000,31.25,31.2,31.25,46062146.0
2018-01-09 14:55:21.207000,31.25,31.2,31.25,46062146.0
2018-01-09 14:55:24.684000,31.25,31.2,31.25,46062146.0
2018-01-09 14:55:28.259000,31.25,31.2,31.25,46062146.0
2018-01-09 14:55:31.897000,31.25,31.2,31.25,46062146.0
2018-01-09 14:55:36.041000,31.25,31.2,31.25,46062146.0
2018-01-09 14:55:40.064000,31.25,31.2,31.25,46062146.0
2018-01-09 14:55:44.341000,31.25,31.2,31.25,46065146.0
2018-01-09 14:55:47.834000,31.25,31.2,31.25,46065146.0
2018-01-09 14:55:51.986000,31.25,31.2,31.25,46065146.0
2018-01-09 14:55:55.531000,31.25,31.2,31.25,46065146.0
2018-01-09 14:55:59.292000,31.25,31.2,31.25,46065146.0
2018-01-09 14:56:03.058000,31.25,31.2,31.25,46065146.0
2018-01-09 14:56:09.258000,31.25,31.2,31.25,46065146.0
2018-01-09 14:56:13.449000,31.25,31.2,31.25,46065146.0
2018-01-09 14:56:17.710000,31.25,31.2,31.25,46065146.0
2018-01-09 14:56:21.204000,31.25,31.2,31.25,46065146.0
2018-01-09 14:56:25.109000,31.25,31.2,31.25,46065146.0
2018-01-09 14:56:28.685000,31.25,31.2,31.25,46065146.0
2018-01-09 14:56:32.620000,31.25,31.2,31.25,46065146.0
2018-01-09 14:56:36.824000,31.25,31.2,31.25,46065146.0
2018-01-09 14:56:40.780000,31.25,31.2,31.25,46065146.0
2018-01-09 14:56:44.542000,31.25,31.2,31.25,46065146.0
2018-01-09 14:56:48.445000,31.25,31.2,31.25,46065146.0
2018-01-09 14:56:52.059000,31.25,31.2,31.25,46065146.0
2018-01-09 14:56:56.083000,31.25,31.2,31.25,46065146.0
2018-01-09 14:56:59.701000,31.25,31.2,31.25,46065146.0
2018-01-09 14:57:03.825000,31.25,31.2,31.25,46065146.0
2018-01-09 14:57:11.450000,31.25,31.2,31.25,46065146.0
2018-01-09 14:57:15.262000,31.2,31.2,31.25,46089646.0
2018-01-09 14:57:19.340000,31.2,31.2,31.25,46089646.0
2018-01-09 14:57:22.688000,31.2,31.2,31.25,46089646.0
2018-01-09 14:57:26.392000,31.2,31.2,31.25,46089646.0
2018-01-09 14:57:30.140000,31.2,31.2,31.25,46089646.0
2018-01-09 14:57:34.359000,31.2,31.2,31.25,46089646.0
2018-01-09 14:57:38.491000,31.2,31.2,31.25,46089646.0
2018-01-09 14:57:41.982000,31.2,31.2,31.25,46089646.0
2018-01-09 14:57:46.310000,31.2,31.2,31.25,46089646.0
2018-01-09 14:57:50.393000,31.2,31.2,31.25,46089646.0
2018-01-09 14:57:53.867000,31.2,31.2,31.25,46089646.0
2018-01-09 14:57:57.591000,31.2,31.2,31.25,46089646.0
2018-01-09 14:58:01.249000,31.2,31.2,31.25,46173646.0
2018-01-09 14:58:05.707000,31.2,31.2,31.25,46173646.0
2018-01-09 14:58:09.278000,31.2,31.2,31.25,46173646.0
2018-01-09 14:58:15.764000,31.2,31.2,31.25,46173646.0
2018-01-09 14:58:19.722000,31.2,31.2,31.25,46173646.0
2018-01-09 14:58:23.906000,31.2,31.2,31.25,46173646.0
2018-01-09 14:58:27.795000,31.2,31.2,31.25,46173646.0
2018-01-09 14:58:31.481000,31.2,31.2,31.25,46173646.0
2018-01-09 14:58:35.455000,31.2,31.2,31.25,46173646.0
2018-01-09 14:58:38.936000,31.2,31.2,31.25,46173646.0
2018-01-09 14:58:42.749000,31.2,31.2,31.25,46173646.0
2018-01-09 14:58:46.284000,31.2,31.2,31.25,46173646.0
2018-01-09 14:58:50.358000,31.2,31.2,31.25,46173646.0
2018-01-09 14:58:54.598000,31.2,31.2,31.25,46173646.0
2018-01-09 14:58:58.561000,31.2,31.2,31.25,46173646.0
2018-01-09 14:59:02.343000,31.2,31.2,31.25,46173646.0
2018-01-09 14:59:06.621000,31.2,31.2,31.25,46173646.0
2018-01-09 14:59:14.683000,31.25,31.2,31.25,46192146.0
2018-01-09 14:59:18.986000,31.25,31.2,31.25,46192146.0
2018-01-09 14:59:23.207000,31.25,31.2,31.25,46192146.0
2018-01-09 14:59:27.463000,31.25,31.2,31.25,46192146.0
2018-01-09 14:59:31.547000,31.25,31.2,31.25,46192146.0
2018-01-09 14:59:35.489000,31.25,31.2,31.25,46192146.0
2018-01-09 14:59:39.500000,31.25,31.2,31.25,46192146.0
2018-01-09 14:59:43.550000,31.25,31.2,31.25,46192146.0
2018-01-09 14:59:47.184000,31.25,31.2,31.25,46192146.0
2018-01-09 14:59:51.103000,31.25,31.2,31.25,46192146.0
2018-01-09 14:59:54.719000,31.25,31.2,31.25,46192146.0
2018-01-09 14:59:58.220000,31.25,31.2,31.25,46192146.0
2018-01-09 15:00:02.095000,31.25,31.2,31.25,46192146.0
2018-01-09 15:00:07.412000,31.25,31.2,31.25,46282146.0
2018-01-09 15:00:11.298000,31.25,31.2,31.25,46282146.0
2018-01-09 15:00:14.792000,31.25,31.2,31.25,46282146.0
2018-01-09 15:00:22.283000,31.25,31.2,31.25,46282146.0
2018-01-09 15:00:25.640000,31.25,31.2,31.25,46282146.0
