time,price,bid,ask,volume
2018-01-09 13:00:57.870000,5.29,5.28,5.3,3106500.0
2018-01-09 13:01:01.148000,5.29,5.28,5.3,3106500.0
2018-01-09 13:01:05.040000,5.29,5.28,5.3,3106500.0
2018-01-09 13:01:08.528000,5.29,5.28,5.3,3106500.0
2018-01-09 13:01:12.452000,5.29,5.28,5.3,3106500.0
2018-01-09 13:01:16.220000,5.3,5.29,5.3,3131500.0
2018-01-09 13:01:20.496000,5.3,5.29,5.3,3131500.0
2018-01-09 13:01:24.185000,5.3,5.29,5.3,3131500.0
2018-01-09 13:01:27.278000,5.3,5.29,5.3,3131500.0
2018-01-09 13:01:31.008000,5.3,5.29,5.3,3131500.0
2018-01-09 13:01:34.786000,5.3,5.29,5.3,3131500.0
2018-01-09 13:01:38.680000,5.3,5.29,5.3,3131500.0
2018-01-09 13:01:42.828000,5.3,5.29,5.3,3131500.0
2018-01-09 13:01:46.464000,5.3,5.29,5.3,3131500.0
2018-01-09 13:01:49.840000,5.3,5.29,5.3,3131500.0
2018-01-09 13:01:53.504000,5.3,5.29,5.3,3131500.0
2018-01-09 13:01:56.960000,5.3,5.29,5.3,3131500.0
2018-01-09 13:02:00.486000,5.3,5.29,5.3,3131500.0
2018-01-09 13:02:05.267000,5.3,5.29,5.3,3131500.0
2018-01-09 13:02:08.469000,5.3,5.29,5.3,3131500.0
2018-01-09 13:02:11.715000,5.3,5.29,5.3,3131500.0
2018-01-09 13:02:15.192000,5.3,5.29,5.3,3131500.0
2018-01-09 13:02:18.785000,5.3,5.29,5.3,3131500.0
2018-01-09 13:02:22.549000,5.3,5.29,5.3,3131500.0
2018-01-09 13:02:26.339000,5.3,5.29,5.3,3131500.0
2018-01-09 13:02:29.631000,5.3,5.29,5.3,3131500.0
2018-01-09 13:02:32.488000,5.3,5.29,5.3,3131500.0
2018-01-09 13:02:35.783000,5.3,5.29,5.3,3131500.0
2018-01-09 13:02:39.334000,5.3,5.29,5.3,3131500.0
2018-01-09 13:02:43.034000,5.3,5.29,5.3,3131500.0
2018-01-09 13:02:46.915000,5.3,5.29,5.3,3131500.0
2018-01-09 13:02:50.366000,5.3,5.29,5.3,3131500.0
2018-01-09 13:02:53.942000,5.3,5.29,5.3,3131500.0
2018-01-09 13:02:57.688000,5.3,5.29,5.3,3131500.0
2018-01-09 13:03:01.259000,5.3,5.29,5.3,3131500.0
2018-01-09 13:03:04.999000,5.3,5.29,5.3,3131500.0
2018-01-09 13:03:08.752000,5.3,5.29,5.3,3131500.0
2018-01-09 13:03:13.568000,5.3,5.29,5.3,3131500.0
2018-01-09 13:03:16.914000,5.3,5.29,5.3,3131500.0
2018-01-09 13:03:20.719000,5.3,5.29,5.3,3131500.0
2018-01-09 13:03:24.778000,5.3,5.29,5.3,3131500.0
2018-01-09 13:03:28.141000,5.3,5.29,5.3,3131500.0
2018-01-09 13:03:30.864000,5.3,5.29,5.3,3131500.0
2018-01-09 13:03:34.464000,5.3,5.29,5.3,3131500.0
2018-01-09 13:03:38.141000,5.3,5.29,5.3,3131500.0
2018-01-09 13:03:42.021000,5.3,5.29,5.3,3131500.0
2018-01-09 13:03:45.529000,5.3,5.29,5.3,3131500.0
2018-01-09 13:03:49.349000,5.3,5.29,5.3,3131500.0
2018-01-09 13:03:52.930000,5.3,5.29,5.3,3131500.0
2018-01-09 13:03:56.738000,5.3,5.29,5.3,3131500.0
2018-01-09 13:04:00.662000,5.3,5.29,5.3,3131500.0
2018-01-09 13:04:04.641000,5.3,5.29,5.3,3131500.0
2018-01-09 13:04:08.110000,5.3,5.29,5.3,3131500.0
2018-01-09 13:04:11.574000,5.3,5.29,5.3,3131500.0
2018-01-09 13:04:19.054000,5.3,5.29,5.3,3131500.0
2018-01-09 13:04:22.195000,5.3,5.29,5.3,3131500.0
2018-01-09 13:04:25.304000,5.3,5.29,5.3,3131500.0
2018-01-09 13:04:28.854000,5.3,5.29,5.3,3131500.0
2018-01-09 13:04:32.586000,5.3,5.29,5.3,3131500.0
2018-01-09 13:04:36.166000,5.3,5.29,5.3,3131500.0
2018-01-09 13:04:39.751000,5.3,5.29,5.3,3131500.0
2018-01-09 13:04:43.053000,5.3,5.29,5.3,3131500.0
2018-01-09 13:04:46.372000,5.3,5.29,5.3,3131500.0
2018-01-09 13:04:49.843000,5.3,5.29,5.3,3131500.0
2018-01-09 13:04:53.615000,5.3,5.29,5.3,3131500.0
2018-01-09 13:04:57.002000,5.3,5.29,5.3,3131500.0
2018-01-09 13:05:00.569000,5.3,5.29,5.3,3131500.0
2018-01-09 13:05:05.320000,5.3,5.29,5.3,3131500.0
2018-01-09 13:05:12.575000,5.3,5.29,5.3,3131500.0
2018-01-09 13:05:19.601000,5.3,5.29,5.3,3131500.0
2018-01-09 13:05:22.958000,5.3,5.29,5.3,3131500.0
2018-01-09 13:05:26.612000,5.3,5.29,5.3,3131500.0
2018-01-09 13:05:30.520000,5.3,5.29,5.3,3131500.0
2018-01-09 13:05:33.166000,5.3,5.29,5.3,3131500.0
2018-01-09 13:05:37.034000,5.3,5.29,5.3,3131500.0
2018-01-09 13:05:40.924000,5.3,5.29,5.3,3131500.0
2018-01-09 13:05:44.316000,5.3,5.29,5.3,3131500.0
2018-01-09 13:05:47.781000,5.3,5.29,5.3,3131500.0
2018-01-09 13:05:51.235000,5.3,5.29,5.3,3131500.0
2018-01-09 13:05:54.424000,5.3,5.29,5.3,3131500.0
2018-01-09 13:05:57.710000,5.3,5.29,5.3,3131500.0
2018-01-09 13:06:01.521000,5.3,5.29,5.3,3131500.0
2018-01-09 13:06:05.677000,5.3,5.29,5.3,3131500.0
2018-01-09 13:06:11.840000,5.3,5.29,5.3,3131500.0
2018-01-09 13:06:15.187000,5.3,5.29,5.3,3131500.0
2018-01-09 13:06:19.107000,5.3,5.29,5.3,3131500.0
2018-01-09 13:06:22.909000,5.3,5.29,5.3,3131500.0
2018-01-09 13:06:26.405000,5.3,5.29,5.3,3131500.0
2018-01-09 13:06:30.328000,5.3,5.29,5.3,3131500.0
2018-01-09 13:06:33.958000,5.3,5.29,5.3,3131500.0
2018-01-09 13:06:37.186000,5.3,5.29,5.3,3131500.0
2018-01-09 13:06:41.073000,5.3,5.29,5.3,3131500.0
2018-01-09 13:06:44.396000,5.3,5.29,5.3,3131500.0
2018-01-09 13:06:48.019000,5.3,5.29,5.3,3131500.0
2018-01-09 13:06:51.171000,5.3,5.29,5.3,3131500.0
2018-01-09 13:06:55.151000,5.3,5.29,5.3,3131500.0
2018-01-09 13:06:58.767000,5.3,5.29,5.3,3131500.0
2018-01-09 13:07:02.362000,5.3,5.29,5.3,3131500.0
2018-01-09 13:07:05.719000,5.3,5.29,5.3,3131500.0
2018-01-09 13:07:09.457000,5.3,5.29,5.3,3131500.0
2018-01-09 13:07:12.838000,5.3,5.29,5.3,3131500.0
2018-01-09 13:07:17.244000,5.3,5.29,5.3,3131500.0
2018-01-09 13:07:20.600000,5.3,5.29,5.3,3131500.0
2018-01-09 13:07:24.238000,5.3,5.29,5.3,3131500.0
2018-01-09 13:07:28.266000,5.3,5.29,5.3,3131500.0
2018-01-09 13:07:31.441000,5.3,5.29,5.3,3131500.0
2018-01-09 13:07:35.094000,5.3,5.29,5.3,3131500.0
2018-01-09 13:07:38.182000,5.3,5.29,5.3,3131500.0
2018-01-09 13:07:41.669000,5.3,5.29,5.3,3131500.0
2018-01-09 13:07:45.040000,5.3,5.29,5.3,3131500.0
2018-01-09 13:07:48.832000,5.3,5.29,5.3,3131500.0
2018-01-09 13:07:52.697000,5.3,5.29,5.3,3131500.0
2018-01-09 13:07:56.146000,5.3,5.29,5.3,3131500.0
2018-01-09 13:07:59.622000,5.3,5.29,5.3,3131500.0
2018-01-09 13:08:03.228000,5.3,5.29,5.3,3131500.0
2018-01-09 13:08:06.779000,5.3,5.29,5.3,3131500.0
2018-01-09 13:08:10.179000,5.3,5.29,5.3,3131500.0
2018-01-09 13:08:17.192000,5.3,5.29,5.3,3131500.0
2018-01-09 13:08:20.449000,5.3,5.29,5.3,3131500.0
2018-01-09 13:08:24.116000,5.3,5.29,5.3,3131500.0
2018-01-09 13:08:28.104000,5.3,5.29,5.3,3131500.0
2018-01-09 13:08:31.698000,5.3,5.29,5.3,3131500.0
2018-01-09 13:08:34.884000,5.3,5.29,5.3,3131500.0
2018-01-09 13:08:38.843000,5.3,5.29,5.3,3131500.0
2018-01-09 13:08:42.944000,5.3,5.29,5.3,3131500.0
2018-01-09 13:08:46.529000,5.3,5.29,5.3,3131500.0
2018-01-09 13:08:50.148000,5.3,5.29,5.3,3131500.0
2018-01-09 13:08:53.356000,5.3,5.29,5.3,3131500.0
2018-01-09 13:08:56.917000,5.3,5.29,5.3,3131500.0
2018-01-09 13:09:00.356000,5.3,5.29,5.3,3131500.0
2018-01-09 13:09:03.753000,5.3,5.29,5.3,3131500.0
2018-01-09 13:09:08.951000,5.3,5.29,5.3,3136500.0
2018-01-09 13:09:15.319000,5.3,5.29,5.3,3136500.0
2018-01-09 13:09:21.034000,5.3,5.29,5.3,3136500.0
2018-01-09 13:09:24.524000,5.3,5.29,5.3,3136500.0
2018-01-09 13:09:28.173000,5.3,5.29,5.3,3136500.0
2018-01-09 13:09:31.248000,5.3,5.29,5.3,3136500.0
2018-01-09 13:09:34.363000,5.3,5.29,5.3,3136500.0
2018-01-09 13:09:38.119000,5.3,5.29,5.3,3136500.0
2018-01-09 13:09:41.864000,5.3,5.29,5.3,3136500.0
2018-01-09 13:09:45.420000,5.3,5.29,5.3,3136500.0
2018-01-09 13:09:48.813000,5.3,5.29,5.3,3136500.0
2018-01-09 13:09:52.387000,5.3,5.29,5.3,3136500.0
2018-01-09 13:09:56.011000,5.3,5.29,5.3,3136500.0
2018-01-09 13:09:59.550000,5.3,5.29,5.3,3136500.0
2018-01-09 13:10:02.817000,5.3,5.29,5.3,3136500.0
2018-01-09 13:10:06.028000,5.3,5.29,5.3,3136500.0
2018-01-09 13:10:11.347000,5.3,5.29,5.3,3136500.0
2018-01-09 13:10:16.663000,5.3,5.29,5.3,3136500.0
2018-01-09 13:10:20.530000,5.3,5.29,5.3,3136500.0
2018-01-09 13:10:23.590000,5.3,5.29,5.3,3136500.0
2018-01-09 13:10:27.462000,5.3,5.29,5.3,3136500.0
2018-01-09 13:10:31.412000,5.3,5.29,5.3,3136500.0
2018-01-09 13:10:35.070000,5.3,5.29,5.3,3136500.0
2018-01-09 13:10:38.589000,5.3,5.29,5.3,3136500.0
2018-01-09 13:10:42.050000,5.3,5.29,5.3,3136500.0
2018-01-09 13:10:45.581000,5.3,5.29,5.3,3136500.0
2018-01-09 13:10:49.239000,5.3,5.29,5.3,3136500.0
2018-01-09 13:10:52.952000,5.3,5.29,5.3,3136500.0
2018-01-09 13:10:56.588000,5.3,5.29,5.3,3136500.0
2018-01-09 13:11:00.187000,5.3,5.29,5.3,3136500.0
2018-01-09 13:11:03.922000,5.3,5.29,5.3,3136500.0
2018-01-09 13:11:07.276000,5.3,5.29,5.3,3136500.0
2018-01-09 13:11:10.565000,5.3,5.29,5.3,3136500.0
2018-01-09 13:11:15.091000,5.3,5.29,5.3,3136500.0
2018-01-09 13:11:20.960000,5.3,5.29,5.3,3136500.0
2018-01-09 13:11:24.952000,5.3,5.29,5.3,3136500.0
2018-01-09 13:11:27.968000,5.3,5.29,5.3,3136500.0
2018-01-09 13:11:31.856000,5.3,5.29,5.3,3136500.0
2018-01-09 13:11:35.601000,5.3,5.29,5.3,3136500.0
2018-01-09 13:11:39.320000,5.3,5.29,5.3,3136500.0
2018-01-09 13:11:43.514000,5.3,5.29,5.3,3136500.0
2018-01-09 13:11:47.254000,5.3,5.29,5.3,3136500.0
2018-01-09 13:11:51.018000,5.3,5.29,5.3,3136500.0
2018-01-09 13:11:54.863000,5.3,5.29,5.3,3136500.0
2018-01-09 13:11:58.278000,5.3,5.29,5.3,3136500.0
2018-01-09 13:12:01.140000,5.3,5.29,5.3,3136500.0
2018-01-09 13:12:04.642000,5.3,5.29,5.3,3136500.0
2018-01-09 13:12:08.672000,5.3,5.29,5.3,3136500.0
2018-01-09 13:12:13.743000,5.3,5.29,5.3,3136500.0
2018-01-09 13:12:18.246000,5.3,5.29,5.3,3136500.0
2018-01-09 13:12:21.445000,5.3,5.29,5.3,3136500.0
2018-01-09 13:12:24.718000,5.3,5.29,5.3,3136500.0
2018-01-09 13:12:27.593000,5.3,5.29,5.3,3136500.0
2018-01-09 13:12:31.700000,5.3,5.29,5.3,3136500.0
2018-01-09 13:12:36.430000,5.3,5.29,5.3,3136500.0
2018-01-09 13:12:40.369000,5.3,5.29,5.3,3136500.0
2018-01-09 13:12:44.065000,5.3,5.29,5.3,3136500.0
2018-01-09 13:12:47.466000,5.3,5.29,5.3,3136500.0
2018-01-09 13:12:51.197000,5.3,5.29,5.3,3136500.0
2018-01-09 13:12:54.800000,5.3,5.29,5.3,3136500.0
2018-01-09 13:12:58.273000,5.3,5.29,5.3,3136500.0
2018-01-09 13:13:02.092000,5.3,5.29,5.3,3136500.0
2018-01-09 13:13:05.768000,5.3,5.29,5.3,3136500.0
2018-01-09 13:13:11.534000,5.3,5.29,5.3,3136500.0
2018-01-09 13:13:15.397000,5.3,5.29,5.3,3136500.0
2018-01-09 13:13:19.562000,5.3,5.29,5.3,3136500.0
2018-01-09 13:13:23.752000,5.3,5.29,5.3,3136500.0
2018-01-09 13:13:27.003000,5.3,5.29,5.3,3136500.0
2018-01-09 13:13:29.968000,5.3,5.29,5.3,3136500.0
2018-01-09 13:13:34.948000,5.3,5.29,5.3,3136500.0
2018-01-09 13:13:38.428000,5.3,5.29,5.3,3136500.0
2018-01-09 13:13:42.096000,5.3,5.29,5.3,3136500.0
2018-01-09 13:13:45.455000,5.3,5.29,5.3,3136500.0
2018-01-09 13:13:49.129000,5.3,5.29,5.3,3136500.0
2018-01-09 13:13:53.050000,5.3,5.29,5.3,3136500.0
2018-01-09 13:13:56.703000,5.3,5.29,5.3,3136500.0
2018-01-09 13:13:59.630000,5.3,5.29,5.3,3166500.0
2018-01-09 13:14:03.362000,5.3,5.29,5.3,3166500.0
2018-01-09 13:14:06.514000,5.3,5.29,5.3,3166500.0
2018-01-09 13:14:12.637000,5.3,5.29,5.3,3166500.0
2018-01-09 13:14:18.394000,5.3,5.29,5.3,3166500.0
2018-01-09 13:14:21.926000,5.3,5.29,5.3,3166500.0
2018-01-09 13:14:26.063000,5.3,5.29,5.3,3166500.0
2018-01-09 13:14:30.215000,5.3,5.29,5.3,3166500.0
2018-01-09 13:14:33.738000,5.3,5.29,5.3,3166500.0
2018-01-09 13:14:37.557000,5.3,5.29,5.3,3166500.0
2018-01-09 13:14:40.488000,5.3,5.29,5.3,3166500.0
2018-01-09 13:14:44.500000,5.3,5.29,5.3,3166500.0
2018-01-09 13:14:48.278000,5.3,5.29,5.3,3166500.0
2018-01-09 13:14:52.103000,5.3,5.29,5.3,3166500.0
2018-01-09 13:14:55.988000,5.3,5.29,5.3,3166500.0
2018-01-09 13:15:00.119000,5.3,5.29,5.3,3166500.0
2018-01-09 13:15:04.114000,5.3,5.29,5.3,3166500.0
2018-01-09 13:15:06.992000,5.3,5.29,5.3,3166500.0
2018-01-09 13:15:14.309000,5.3,5.29,5.3,3166500.0
2018-01-09 13:15:18.131000,5.3,5.29,5.3,3166500.0
2018-01-09 13:15:21.615000,5.3,5.29,5.3,3166500.0
2018-01-09 13:15:25.555000,5.3,5.29,5.3,3166500.0
2018-01-09 13:15:29.233000,5.3,5.29,5.3,3166500.0
2018-01-09 13:15:32.522000,5.3,5.29,5.3,3166500.0
2018-01-09 13:15:35.751000,5.3,5.29,5.3,3166500.0
2018-01-09 13:15:39.944000,5.3,5.29,5.3,3166500.0
2018-01-09 13:15:43.569000,5.3,5.29,5.3,3199700.0
2018-01-09 13:15:47.107000,5.3,5.29,5.3,3199700.0
2018-01-09 13:15:50.367000,5.3,5.29,5.3,3199700.0
2018-01-09 13:15:54.137000,5.3,5.29,5.3,3199700.0
2018-01-09 13:15:58.042000,5.3,5.29,5.3,3199700.0
2018-01-09 13:16:01.914000,5.3,5.29,5.3,3199700.0
2018-01-09 13:16:05.456000,5.3,5.29,5.3,3199700.0
2018-01-09 13:16:09.381000,5.3,5.29,5.3,3199700.0
2018-01-09 13:16:13.333000,5.3,5.29,5.3,3199700.0
2018-01-09 13:16:16.585000,5.3,5.29,5.3,3199700.0
2018-01-09 13:16:19.944000,5.3,5.29,5.3,3199700.0
2018-01-09 13:16:23.552000,5.3,5.29,5.31,3229800.0
2018-01-09 13:16:27.699000,5.3,5.29,5.31,3229800.0
2018-01-09 13:16:31.592000,5.3,5.29,5.31,3229800.0
2018-01-09 13:16:34.801000,5.3,5.29,5.31,3229800.0
2018-01-09 13:16:38.346000,5.3,5.29,5.31,3229800.0
2018-01-09 13:16:42.191000,5.3,5.29,5.31,3229800.0
2018-01-09 13:16:46.056000,5.3,5.29,5.31,3229800.0
2018-01-09 13:16:49.412000,5.3,5.29,5.31,3259800.0
2018-01-09 13:16:53.026000,5.3,5.29,5.31,3259800.0
2018-01-09 13:16:55.707000,5.3,5.29,5.31,3259800.0
2018-01-09 13:16:59.491000,5.3,5.29,5.31,3259800.0
2018-01-09 13:17:03.606000,5.3,5.29,5.31,3259800.0
2018-01-09 13:17:06.939000,5.3,5.29,5.31,3259800.0
2018-01-09 13:17:12.539000,5.3,5.29,5.31,3259800.0
2018-01-09 13:17:16.212000,5.3,5.29,5.31,3259800.0
2018-01-09 13:17:20.134000,5.3,5.29,5.31,3259800.0
2018-01-09 13:17:23.974000,5.3,5.29,5.31,3259800.0
2018-01-09 13:17:27.512000,5.3,5.29,5.31,3259800.0
2018-01-09 13:17:31.095000,5.3,5.29,5.31,3259800.0
2018-01-09 13:17:34.746000,5.3,5.29,5.31,3259800.0
2018-01-09 13:17:38.419000,5.3,5.29,5.31,3259800.0
2018-01-09 13:17:41.658000,5.3,5.29,5.31,3259800.0
2018-01-09 13:17:45.371000,5.3,5.29,5.31,3259800.0
2018-01-09 13:17:49.503000,5.3,5.29,5.3,3299800.0
2018-01-09 13:17:52.525000,5.3,5.29,5.3,3299800.0
2018-01-09 13:17:56.590000,5.3,5.29,5.3,3299800.0
2018-01-09 13:18:00.400000,5.3,5.29,5.3,3299800.0
2018-01-09 13:18:03.528000,5.3,5.29,5.3,3299800.0
2018-01-09 13:18:07.039000,5.3,5.29,5.3,3299800.0
2018-01-09 13:18:11.224000,5.3,5.29,5.3,3299800.0
2018-01-09 13:18:14.921000,5.3,5.29,5.3,3299800.0
2018-01-09 13:18:18.751000,5.3,5.29,5.3,3299800.0
2018-01-09 13:18:22.440000,5.3,5.29,5.3,3299800.0
2018-01-09 13:18:25.994000,5.3,5.29,5.3,3299800.0
2018-01-09 13:18:29.758000,5.3,5.29,5.3,3299800.0
2018-01-09 13:18:33.714000,5.3,5.29,5.3,3299800.0
2018-01-09 13:18:37.466000,5.3,5.29,5.3,3299800.0
2018-01-09 13:18:41.230000,5.3,5.29,5.3,3299800.0
2018-01-09 13:18:44.792000,5.3,5.29,5.3,3299800.0
2018-01-09 13:18:48.611000,5.3,5.29,5.3,3299800.0
2018-01-09 13:18:52.448000,5.3,5.29,5.3,3299800.0
2018-01-09 13:18:56.110000,5.3,5.29,5.31,3319800.0
2018-01-09 13:18:59.576000,5.3,5.29,5.31,3319800.0
2018-01-09 13:19:02.750000,5.3,5.29,5.31,3319800.0
2018-01-09 13:19:08.132000,5.3,5.29,5.31,3319800.0
2018-01-09 13:19:13.132000,5.3,5.29,5.31,3319800.0
2018-01-09 13:19:18.727000,5.3,5.29,5.31,3319800.0
2018-01-09 13:19:22.599000,5.3,5.29,5.31,3319800.0
2018-01-09 13:19:26.325000,5.3,5.29,5.31,3319800.0
2018-01-09 13:19:29.771000,5.3,5.29,5.31,3319800.0
2018-01-09 13:19:33.492000,5.3,5.29,5.31,3319800.0
2018-01-09 13:19:37.425000,5.3,5.29,5.31,3319800.0
2018-01-09 13:19:41.197000,5.3,5.29,5.31,3319800.0
2018-01-09 13:19:44.928000,5.3,5.29,5.31,3319800.0
2018-01-09 13:19:48.739000,5.3,5.29,5.31,3319800.0
2018-01-09 13:19:52.110000,5.3,5.29,5.31,3319800.0
2018-01-09 13:19:55.952000,5.3,5.29,5.31,3319800.0
2018-01-09 13:19:59.012000,5.3,5.29,5.31,3319800.0
2018-01-09 13:20:02.764000,5.3,5.29,5.31,3319800.0
2018-01-09 13:20:07.765000,5.3,5.29,5.31,3319800.0
2018-01-09 13:20:12.566000,5.3,5.29,5.31,3319800.0
2018-01-09 13:20:15.384000,5.3,5.29,5.31,3319800.0
2018-01-09 13:20:19.294000,5.3,5.29,5.31,3319800.0
2018-01-09 13:20:22.959000,5.3,5.29,5.31,3319800.0
2018-01-09 13:20:26.112000,5.3,5.29,5.31,3319800.0
2018-01-09 13:20:29.969000,5.3,5.29,5.31,3319800.0
2018-01-09 13:20:33.643000,5.3,5.29,5.31,3319800.0
2018-01-09 13:20:37.428000,5.3,5.29,5.31,3319800.0
2018-01-09 13:20:41.316000,5.3,5.29,5.31,3319800.0
2018-01-09 13:20:44.275000,5.3,5.29,5.31,3319800.0
2018-01-09 13:20:47.919000,5.3,5.29,5.31,3319800.0
2018-01-09 13:20:51.672000,5.3,5.29,5.31,3319800.0
2018-01-09 13:20:55.062000,5.3,5.29,5.31,3319800.0
2018-01-09 13:20:58.631000,5.3,5.29,5.31,3319800.0
2018-01-09 13:21:02.389000,5.3,5.29,5.31,3319800.0
2018-01-09 13:21:05.691000,5.3,5.29,5.31,3319800.0
2018-01-09 13:21:13.918000,5.3,5.29,5.31,3319800.0
2018-01-09 13:21:20.093000,5.3,5.29,5.31,3319800.0
2018-01-09 13:21:24.375000,5.3,5.29,5.31,3319800.0
2018-01-09 13:21:28.404000,5.3,5.29,5.31,3319800.0
2018-01-09 13:21:31.570000,5.3,5.29,5.31,3319800.0
2018-01-09 13:21:35.140000,5.3,5.29,5.31,3319800.0
2018-01-09 13:21:39.377000,5.3,5.29,5.31,3319800.0
2018-01-09 13:21:42.719000,5.3,5.29,5.31,3319800.0
2018-01-09 13:21:46.015000,5.3,5.29,5.31,3319800.0
2018-01-09 13:21:49.617000,5.3,5.29,5.31,3319800.0
2018-01-09 13:21:53.850000,5.3,5.29,5.31,3319800.0
2018-01-09 13:21:57.610000,5.3,5.29,5.31,3319800.0
2018-01-09 13:22:01.329000,5.3,5.29,5.31,3319800.0
2018-01-09 13:22:05.337000,5.3,5.29,5.31,3319800.0
2018-01-09 13:22:08.634000,5.3,5.29,5.31,3319800.0
2018-01-09 13:22:12.191000,5.3,5.29,5.31,3319800.0
2018-01-09 13:22:15.438000,5.3,5.29,5.31,3319800.0
2018-01-09 13:22:19.470000,5.3,5.29,5.31,3319800.0
2018-01-09 13:22:22.931000,5.3,5.29,5.31,3319800.0
2018-01-09 13:22:26.245000,5.3,5.29,5.31,3319800.0
2018-01-09 13:22:30.111000,5.3,5.29,5.31,3319800.0
2018-01-09 13:22:33.996000,5.3,5.29,5.31,3319800.0
2018-01-09 13:22:37.281000,5.3,5.29,5.31,3319800.0
2018-01-09 13:22:41.146000,5.3,5.29,5.31,3319800.0
2018-01-09 13:22:44.064000,5.3,5.29,5.31,3319800.0
2018-01-09 13:22:47.447000,5.3,5.29,5.31,3319800.0
2018-01-09 13:22:50.659000,5.3,5.29,5.31,3319800.0
2018-01-09 13:22:54.345000,5.3,5.29,5.31,3319800.0
2018-01-09 13:22:58.168000,5.3,5.29,5.31,3319800.0
2018-01-09 13:23:01.446000,5.3,5.29,5.31,3319800.0
2018-01-09 13:23:04.955000,5.3,5.29,5.31,3319800.0
2018-01-09 13:23:08.655000,5.3,5.3,5.31,3324800.0
2018-01-09 13:23:12.912000,5.3,5.3,5.31,3324800.0
2018-01-09 13:23:17.533000,5.3,5.3,5.31,3324800.0
2018-01-09 13:23:21.080000,5.3,5.3,5.31,3324800.0
2018-01-09 13:23:24.837000,5.3,5.3,5.31,3324800.0
2018-01-09 13:23:28.655000,5.3,5.3,5.31,3324800.0
2018-01-09 13:23:32.394000,5.3,5.3,5.31,3324800.0
2018-01-09 13:23:36.101000,5.3,5.3,5.31,3324800.0
2018-01-09 13:23:40.257000,5.3,5.3,5.31,3324800.0
2018-01-09 13:23:43.735000,5.3,5.3,5.31,3324800.0
2018-01-09 13:23:47.610000,5.3,5.3,5.31,3324800.0
2018-01-09 13:23:51.213000,5.3,5.3,5.31,3324800.0
2018-01-09 13:23:55.459000,5.3,5.3,5.31,3324800.0
2018-01-09 13:23:59.332000,5.3,5.3,5.31,3324800.0
2018-01-09 13:24:03.176000,5.3,5.3,5.31,3324800.0
2018-01-09 13:24:06.809000,5.3,5.3,5.31,3324800.0
2018-01-09 13:24:12.176000,5.3,5.3,5.31,3324800.0
2018-01-09 13:24:15.743000,5.3,5.3,5.31,3324800.0
2018-01-09 13:24:20.191000,5.3,5.3,5.31,3324800.0
2018-01-09 13:24:24.406000,5.3,5.3,5.31,3324800.0
2018-01-09 13:24:28.267000,5.3,5.3,5.31,3324800.0
2018-01-09 13:24:31.730000,5.3,5.3,5.31,3324800.0
2018-01-09 13:24:35.539000,5.3,5.3,5.31,3324800.0
2018-01-09 13:24:39.719000,5.3,5.3,5.31,3324800.0
2018-01-09 13:24:43.609000,5.3,5.3,5.31,3324800.0
2018-01-09 13:24:47.775000,5.3,5.3,5.31,3324800.0
2018-01-09 13:24:51.552000,5.3,5.3,5.31,3324800.0
2018-01-09 13:24:55.727000,5.3,5.3,5.31,3324800.0
2018-01-09 13:24:58.758000,5.3,5.3,5.31,3324800.0
2018-01-09 13:25:02.747000,5.3,5.3,5.31,3324800.0
2018-01-09 13:25:08.215000,5.3,5.3,5.31,3324800.0
2018-01-09 13:25:14.421000,5.3,5.3,5.31,3324800.0
2018-01-09 13:25:18.487000,5.3,5.3,5.31,3324800.0
2018-01-09 13:25:21.606000,5.3,5.3,5.31,3324800.0
2018-01-09 13:25:25.541000,5.3,5.3,5.31,3324800.0
2018-01-09 13:25:29.557000,5.3,5.3,5.31,3324800.0
2018-01-09 13:25:33.045000,5.3,5.3,5.31,3324800.0
2018-01-09 13:25:37.209000,5.3,5.3,5.31,3324800.0
2018-01-09 13:25:40.756000,5.3,5.3,5.31,3324800.0
2018-01-09 13:25:44.004000,5.3,5.3,5.31,3324800.0
2018-01-09 13:25:47.647000,5.3,5.3,5.31,3324800.0
2018-01-09 13:25:51.142000,5.3,5.3,5.31,3324800.0
2018-01-09 13:25:54.605000,5.3,5.3,5.31,3324800.0
2018-01-09 13:25:57.319000,5.3,5.3,5.31,3324800.0
2018-01-09 13:26:01.132000,5.3,5.3,5.31,3324800.0
2018-01-09 13:26:05.008000,5.3,5.3,5.31,3324800.0
2018-01-09 13:26:08.551000,5.3,5.3,5.31,3324800.0
2018-01-09 13:26:12.028000,5.3,5.3,5.31,3324800.0
2018-01-09 13:26:16.190000,5.3,5.3,5.31,3324800.0
2018-01-09 13:26:21.654000,5.3,5.3,5.31,3324800.0
2018-01-09 13:26:25.661000,5.3,5.3,5.31,3324800.0
2018-01-09 13:26:29.360000,5.3,5.3,5.31,3324800.0
2018-01-09 13:26:33.174000,5.3,5.29,5.3,3420500.0
2018-01-09 13:26:36.724000,5.3,5.29,5.3,3420500.0
2018-01-09 13:26:40.286000,5.3,5.29,5.3,3420500.0
2018-01-09 13:26:44.168000,5.3,5.29,5.3,3420500.0
2018-01-09 13:26:47.904000,5.3,5.29,5.3,3420500.0
2018-01-09 13:26:51.597000,5.3,5.29,5.3,3420500.0
2018-01-09 13:26:55.640000,5.3,5.29,5.3,3420500.0
2018-01-09 13:26:59.629000,5.3,5.29,5.3,3420500.0
2018-01-09 13:27:03.433000,5.3,5.29,5.3,3420500.0
2018-01-09 13:27:10.853000,5.3,5.29,5.3,3420500.0
2018-01-09 13:27:16.168000,5.3,5.29,5.3,3420500.0
2018-01-09 13:27:20.034000,5.3,5.29,5.3,3420500.0
2018-01-09 13:27:23.935000,5.3,5.29,5.3,3420500.0
2018-01-09 13:27:26.878000,5.3,5.29,5.3,3420500.0
2018-01-09 13:27:30.538000,5.3,5.29,5.3,3420500.0
2018-01-09 13:27:33.909000,5.3,5.29,5.3,3420500.0
2018-01-09 13:27:37.666000,5.3,5.29,5.3,3420500.0
2018-01-09 13:27:41.427000,5.3,5.29,5.3,3420500.0
2018-01-09 13:27:45.025000,5.3,5.29,5.3,3420500.0
2018-01-09 13:27:48.755000,5.3,5.29,5.3,3423400.0
2018-01-09 13:27:52.645000,5.3,5.29,5.3,3423400.0
2018-01-09 13:27:56.309000,5.3,5.29,5.3,3423400.0
2018-01-09 13:28:00.248000,5.3,5.29,5.3,3423400.0
2018-01-09 13:28:08.457000,5.3,5.29,5.3,3423400.0
2018-01-09 13:28:12.213000,5.3,5.29,5.3,3423400.0
2018-01-09 13:28:16.323000,5.3,5.29,5.3,3423400.0
2018-01-09 13:28:21.790000,5.3,5.29,5.3,3423400.0
2018-01-09 13:28:25.325000,5.3,5.29,5.3,3423400.0
2018-01-09 13:28:29.007000,5.3,5.29,5.3,3423400.0
2018-01-09 13:28:32.612000,5.3,5.29,5.3,3423400.0
2018-01-09 13:28:36.764000,5.3,5.29,5.3,3423400.0
2018-01-09 13:28:40.022000,5.3,5.29,5.3,3423400.0
2018-01-09 13:28:43.632000,5.3,5.29,5.3,3423400.0
2018-01-09 13:28:47.195000,5.3,5.29,5.3,3423400.0
2018-01-09 13:28:50.644000,5.3,5.29,5.3,3423400.0
2018-01-09 13:28:54.219000,5.3,5.29,5.3,3423400.0
2018-01-09 13:28:57.850000,5.3,5.29,5.3,3423400.0
2018-01-09 13:29:01.503000,5.3,5.29,5.3,3423400.0
2018-01-09 13:29:05.487000,5.3,5.29,5.3,3423400.0
2018-01-09 13:29:11.579000,5.3,5.29,5.3,3423400.0
2018-01-09 13:29:15.156000,5.3,5.29,5.3,3423400.0
2018-01-09 13:29:19.540000,5.3,5.29,5.3,3423400.0
2018-01-09 13:29:23.416000,5.3,5.29,5.3,3423400.0
2018-01-09 13:29:27.319000,5.3,5.29,5.3,3423400.0
2018-01-09 13:29:30.592000,5.3,5.29,5.3,3423400.0
2018-01-09 13:29:34.011000,5.3,5.29,5.3,3423400.0
2018-01-09 13:29:37.940000,5.3,5.29,5.3,3423400.0
2018-01-09 13:29:41.714000,5.3,5.29,5.3,3423400.0
2018-01-09 13:29:45.767000,5.3,5.29,5.3,3423400.0
2018-01-09 13:29:49.727000,5.3,5.29,5.3,3423400.0
2018-01-09 13:29:53.181000,5.3,5.29,5.3,3423400.0
2018-01-09 13:29:56.484000,5.3,5.29,5.3,3423400.0
2018-01-09 13:30:00.064000,5.3,5.29,5.3,3423400.0
2018-01-09 13:30:03.840000,5.3,5.29,5.3,3423400.0
2018-01-09 13:30:07.366000,5.3,5.29,5.3,3423400.0
2018-01-09 13:30:13.347000,5.3,5.29,5.3,3423400.0
2018-01-09 13:30:16.922000,5.3,5.29,5.3,3423400.0
2018-01-09 13:30:20.268000,5.3,5.29,5.3,3423400.0
2018-01-09 13:30:23.825000,5.3,5.29,5.3,3423400.0
2018-01-09 13:30:27.523000,5.3,5.29,5.3,3423400.0
2018-01-09 13:30:31.369000,5.3,5.29,5.3,3423400.0
2018-01-09 13:30:34.959000,5.3,5.29,5.3,3423400.0
2018-01-09 13:30:38.043000,5.3,5.29,5.3,3423400.0
2018-01-09 13:30:41.504000,5.3,5.29,5.3,3423400.0
2018-01-09 13:30:44.692000,5.3,5.29,5.3,3423400.0
2018-01-09 13:30:48.435000,5.3,5.29,5.3,3423400.0
2018-01-09 13:30:52.221000,5.3,5.29,5.3,3423400.0
2018-01-09 13:30:56.245000,5.3,5.29,5.3,3423400.0
2018-01-09 13:31:00.478000,5.3,5.29,5.3,3423400.0
2018-01-09 13:31:04.346000,5.3,5.29,5.3,3423400.0
2018-01-09 13:31:08.028000,5.3,5.29,5.3,3423400.0
2018-01-09 13:31:12.124000,5.3,5.29,5.3,3423400.0
2018-01-09 13:31:16.018000,5.3,5.29,5.3,3423400.0
2018-01-09 13:31:20.003000,5.3,5.29,5.3,3423400.0
2018-01-09 13:31:23.575000,5.3,5.29,5.3,3423400.0
2018-01-09 13:31:27.595000,5.3,5.29,5.3,3423400.0
2018-01-09 13:31:30.953000,5.3,5.29,5.3,3423400.0
2018-01-09 13:31:34.159000,5.3,5.29,5.3,3423400.0
2018-01-09 13:31:37.938000,5.3,5.29,5.3,3423400.0
2018-01-09 13:31:41.375000,5.3,5.29,5.3,3423400.0
2018-01-09 13:31:44.994000,5.3,5.29,5.3,3423400.0
2018-01-09 13:31:48.781000,5.3,5.29,5.3,3423400.0
2018-01-09 13:31:52.094000,5.3,5.29,5.3,3423400.0
2018-01-09 13:31:55.636000,5.3,5.29,5.3,3423400.0
2018-01-09 13:31:59.736000,5.3,5.29,5.3,3423400.0
2018-01-09 13:32:03.779000,5.3,5.29,5.3,3423400.0
2018-01-09 13:32:07.222000,5.3,5.29,5.3,3423400.0
2018-01-09 13:32:11.036000,5.3,5.29,5.3,3423400.0
2018-01-09 13:32:15.170000,5.3,5.29,5.3,3423400.0
2018-01-09 13:32:18.652000,5.3,5.29,5.3,3423400.0
2018-01-09 13:32:22.302000,5.3,5.29,5.3,3423400.0
2018-01-09 13:32:26.481000,5.3,5.29,5.3,3423400.0
2018-01-09 13:32:30.278000,5.3,5.29,5.3,3423400.0
2018-01-09 13:32:34.027000,5.3,5.29,5.3,3423400.0
2018-01-09 13:32:37.696000,5.3,5.29,5.3,3423400.0
2018-01-09 13:32:41.838000,5.3,5.29,5.3,3423400.0
2018-01-09 13:32:45.829000,5.3,5.29,5.3,3423400.0
2018-01-09 13:32:49.793000,5.3,5.29,5.3,3423400.0
2018-01-09 13:32:53.425000,5.3,5.29,5.3,3423400.0
2018-01-09 13:32:57.500000,5.3,5.29,5.3,3423400.0
2018-01-09 13:33:01.322000,5.3,5.29,5.3,3423400.0
2018-01-09 13:33:04.716000,5.3,5.29,5.3,3423400.0
2018-01-09 13:33:08.988000,5.3,5.29,5.3,3423400.0
2018-01-09 13:33:11.718000,5.3,5.29,5.3,3423400.0
2018-01-09 13:33:15.308000,5.3,5.29,5.3,3423400.0
2018-01-09 13:33:18.549000,5.3,5.29,5.3,3423400.0
2018-01-09 13:33:22.094000,5.3,5.29,5.3,3423400.0
2018-01-09 13:33:26.101000,5.3,5.29,5.3,3423400.0
2018-01-09 13:33:29.332000,5.3,5.29,5.3,3423400.0
2018-01-09 13:33:34.162000,5.3,5.29,5.3,3423400.0
2018-01-09 13:33:37.847000,5.3,5.29,5.3,3423400.0
2018-01-09 13:33:41.495000,5.3,5.29,5.3,3423400.0
2018-01-09 13:33:45.814000,5.3,5.29,5.3,3423400.0
2018-01-09 13:33:49.204000,5.3,5.29,5.3,3423400.0
2018-01-09 13:33:52.833000,5.3,5.29,5.3,3423400.0
2018-01-09 13:33:56.708000,5.3,5.29,5.3,3423400.0
2018-01-09 13:34:00.330000,5.3,5.29,5.3,3423400.0
2018-01-09 13:34:03.707000,5.3,5.29,5.3,3423400.0
2018-01-09 13:34:07.292000,5.3,5.29,5.3,3423400.0
2018-01-09 13:34:11.128000,5.3,5.29,5.3,3423400.0
2018-01-09 13:34:14.875000,5.3,5.29,5.3,3423400.0
2018-01-09 13:34:19.701000,5.3,5.29,5.3,3423400.0
2018-01-09 13:34:23.510000,5.3,5.29,5.3,3423400.0
2018-01-09 13:34:27.324000,5.3,5.29,5.3,3423400.0
2018-01-09 13:34:31.155000,5.3,5.29,5.3,3423400.0
2018-01-09 13:34:34.494000,5.3,5.29,5.3,3423400.0
2018-01-09 13:34:38.603000,5.3,5.29,5.3,3423400.0
2018-01-09 13:34:42.582000,5.3,5.29,5.3,3423400.0
2018-01-09 13:34:45.741000,5.3,5.29,5.3,3423400.0
2018-01-09 13:34:48.918000,5.3,5.29,5.3,3423400.0
2018-01-09 13:34:52.444000,5.3,5.29,5.3,3423400.0
2018-01-09 13:34:56.427000,5.3,5.29,5.3,3423400.0
2018-01-09 13:34:59.799000,5.3,5.29,5.3,3423400.0
2018-01-09 13:35:04.344000,5.3,5.29,5.3,3423400.0
2018-01-09 13:35:11.426000,5.3,5.29,5.3,3423400.0
2018-01-09 13:35:19.378000,5.3,5.29,5.3,3423400.0
2018-01-09 13:35:23.047000,5.3,5.29,5.3,3423400.0
2018-01-09 13:35:27.094000,5.3,5.29,5.3,3423400.0
2018-01-09 13:35:30.291000,5.3,5.29,5.3,3423400.0
2018-01-09 13:35:34.375000,5.3,5.29,5.3,3423400.0
2018-01-09 13:35:37.044000,5.3,5.29,5.3,3423400.0
2018-01-09 13:35:41.196000,5.3,5.29,5.3,3423400.0
2018-01-09 13:35:44.589000,5.3,5.29,5.3,3433400.0
2018-01-09 13:35:48.418000,5.3,5.29,5.3,3433400.0
2018-01-09 13:35:52.050000,5.3,5.29,5.3,3433400.0
2018-01-09 13:35:56.122000,5.3,5.29,5.3,3433400.0
2018-01-09 13:35:59.773000,5.3,5.29,5.3,3433400.0
2018-01-09 13:36:03.357000,5.3,5.29,5.3,3433400.0
2018-01-09 13:36:07.255000,5.3,5.29,5.3,3433400.0
2018-01-09 13:36:10.571000,5.3,5.29,5.3,3433400.0
2018-01-09 13:36:14.853000,5.3,5.29,5.3,3433400.0
2018-01-09 13:36:18.697000,5.3,5.29,5.3,3433400.0
2018-01-09 13:36:21.913000,5.3,5.29,5.3,3433400.0
2018-01-09 13:36:25.886000,5.3,5.29,5.3,3433400.0
2018-01-09 13:36:29.589000,5.3,5.29,5.3,3433400.0
2018-01-09 13:36:32.835000,5.3,5.29,5.3,3433400.0
2018-01-09 13:36:36.375000,5.3,5.29,5.3,3433400.0
2018-01-09 13:36:39.854000,5.3,5.29,5.3,3433400.0
2018-01-09 13:36:43.783000,5.3,5.29,5.3,3433400.0
2018-01-09 13:36:47.389000,5.3,5.29,5.3,3433400.0
2018-01-09 13:36:51.211000,5.3,5.29,5.3,3433400.0
2018-01-09 13:36:54.951000,5.3,5.29,5.3,3433400.0
2018-01-09 13:36:58.363000,5.3,5.29,5.3,3433400.0
2018-01-09 13:37:02.242000,5.3,5.29,5.3,3433400.0
2018-01-09 13:37:05.549000,5.3,5.29,5.3,3433400.0
2018-01-09 13:37:09.122000,5.3,5.29,5.3,3433400.0
2018-01-09 13:37:13.077000,5.3,5.29,5.3,3433400.0
2018-01-09 13:37:18.213000,5.3,5.29,5.3,3433400.0
2018-01-09 13:37:21.278000,5.3,5.29,5.3,3433400.0
2018-01-09 13:37:24.788000,5.3,5.29,5.3,3433400.0
2018-01-09 13:37:28.531000,5.3,5.29,5.3,3433400.0
2018-01-09 13:37:32.322000,5.3,5.29,5.3,3433400.0
2018-01-09 13:37:36.530000,5.3,5.29,5.3,3433400.0
2018-01-09 13:37:40.159000,5.3,5.29,5.3,3433400.0
2018-01-09 13:37:43.278000,5.3,5.29,5.3,3433400.0
2018-01-09 13:37:46.993000,5.3,5.29,5.3,3433400.0
2018-01-09 13:37:50.902000,5.3,5.29,5.3,3433400.0
2018-01-09 13:37:54.993000,5.3,5.29,5.3,3433400.0
2018-01-09 13:37:58.816000,5.3,5.29,5.3,3433400.0
2018-01-09 13:38:02.333000,5.3,5.29,5.3,3433400.0
2018-01-09 13:38:06.385000,5.3,5.29,5.3,3433400.0
2018-01-09 13:38:09.507000,5.3,5.29,5.3,3433400.0
2018-01-09 13:38:13.103000,5.3,5.29,5.3,3433400.0
2018-01-09 13:38:16.694000,5.3,5.29,5.3,3433400.0
2018-01-09 13:38:19.506000,5.3,5.29,5.3,3433400.0
2018-01-09 13:38:23.850000,5.3,5.29,5.3,3433400.0
2018-01-09 13:38:27.270000,5.3,5.29,5.3,3433400.0
2018-01-09 13:38:30.145000,5.3,5.29,5.3,3433400.0
2018-01-09 13:38:33.794000,5.3,5.29,5.3,3433400.0
2018-01-09 13:38:37.427000,5.3,5.29,5.3,3433400.0
2018-01-09 13:38:41.420000,5.3,5.29,5.3,3433400.0
2018-01-09 13:38:44.720000,5.3,5.29,5.3,3433400.0
2018-01-09 13:38:48.154000,5.3,5.29,5.3,3433400.0
2018-01-09 13:38:52.279000,5.3,5.29,5.3,3433400.0
2018-01-09 13:38:55.995000,5.3,5.29,5.3,3433400.0
2018-01-09 13:38:59.724000,5.3,5.29,5.3,3433400.0
2018-01-09 13:39:06.467000,5.3,5.29,5.3,3433400.0
2018-01-09 13:39:12.674000,5.3,5.29,5.3,3433400.0
2018-01-09 13:39:16.273000,5.3,5.29,5.3,3433400.0
2018-01-09 13:39:20.121000,5.3,5.29,5.3,3433400.0
2018-01-09 13:39:23.965000,5.3,5.29,5.3,3433400.0
2018-01-09 13:39:27.306000,5.3,5.29,5.3,3433400.0
2018-01-09 13:39:31.372000,5.3,5.29,5.3,3433400.0
2018-01-09 13:39:34.781000,5.3,5.29,5.3,3433400.0
2018-01-09 13:39:38.653000,5.3,5.29,5.3,3433400.0
2018-01-09 13:39:42.117000,5.3,5.29,5.3,3433400.0
2018-01-09 13:39:45.993000,5.3,5.29,5.3,3433400.0
2018-01-09 13:39:49.632000,5.3,5.29,5.3,3433400.0
2018-01-09 13:39:53.010000,5.3,5.29,5.3,3433400.0
2018-01-09 13:39:56.501000,5.3,5.29,5.3,3433400.0
2018-01-09 13:40:00.666000,5.3,5.29,5.3,3433400.0
2018-01-09 13:40:05.072000,5.3,5.29,5.3,3433400.0
2018-01-09 13:40:08.842000,5.3,5.29,5.3,3433400.0
2018-01-09 13:40:13.740000,5.3,5.29,5.3,3433400.0
2018-01-09 13:40:17.029000,5.3,5.29,5.3,3433400.0
2018-01-09 13:40:20.823000,5.3,5.29,5.3,3433400.0
2018-01-09 13:40:24.236000,5.3,5.29,5.3,3433400.0
2018-01-09 13:40:28.014000,5.3,5.29,5.3,3433400.0
2018-01-09 13:40:31.544000,5.3,5.29,5.3,3433400.0
2018-01-09 13:40:35.235000,5.3,5.29,5.3,3433400.0
2018-01-09 13:40:39.233000,5.3,5.29,5.3,3433400.0
2018-01-09 13:40:42.880000,5.3,5.29,5.3,3433400.0
2018-01-09 13:40:47.092000,5.3,5.29,5.3,3433400.0
2018-01-09 13:40:50.997000,5.3,5.29,5.3,3433400.0
2018-01-09 13:40:54.880000,5.3,5.29,5.3,3433400.0
2018-01-09 13:40:58.278000,5.3,5.29,5.3,3433400.0
2018-01-09 13:41:01.855000,5.3,5.29,5.3,3433400.0
2018-01-09 13:41:05.958000,5.3,5.29,5.3,3433400.0
2018-01-09 13:41:09.650000,5.3,5.29,5.3,3433400.0
2018-01-09 13:41:14.211000,5.3,5.29,5.3,3433400.0
2018-01-09 13:41:18.126000,5.3,5.29,5.3,3433400.0
2018-01-09 13:41:21.925000,5.3,5.29,5.3,3433400.0
2018-01-09 13:41:25.538000,5.3,5.29,5.3,3433400.0
2018-01-09 13:41:29.110000,5.3,5.29,5.3,3433400.0
2018-01-09 13:41:32.931000,5.3,5.29,5.3,3433400.0
2018-01-09 13:41:36.262000,5.3,5.29,5.3,3433400.0
2018-01-09 13:41:40.239000,5.3,5.29,5.3,3433400.0
2018-01-09 13:41:44.168000,5.3,5.29,5.3,3433400.0
2018-01-09 13:41:47.699000,5.3,5.29,5.3,3433400.0
2018-01-09 13:41:50.634000,5.3,5.29,5.3,3433400.0
2018-01-09 13:41:54.653000,5.3,5.29,5.3,3433400.0
2018-01-09 13:41:58.491000,5.3,5.29,5.3,3433400.0
2018-01-09 13:42:01.705000,5.3,5.29,5.3,3433400.0
2018-01-09 13:42:05.388000,5.3,5.29,5.3,3433400.0
2018-01-09 13:42:12.788000,5.3,5.29,5.3,3433400.0
2018-01-09 13:42:18.110000,5.3,5.29,5.3,3433400.0
2018-01-09 13:42:21.692000,5.3,5.29,5.3,3433400.0
2018-01-09 13:42:25.176000,5.3,5.29,5.3,3433400.0
2018-01-09 13:42:28.858000,5.3,5.29,5.3,3433400.0
2018-01-09 13:42:32.067000,5.3,5.29,5.3,3433400.0
2018-01-09 13:42:35.568000,5.3,5.29,5.3,3433400.0
2018-01-09 13:42:39.221000,5.3,5.29,5.3,3433400.0
2018-01-09 13:42:42.255000,5.3,5.29,5.3,3433400.0
2018-01-09 13:42:46.210000,5.3,5.29,5.3,3433400.0
2018-01-09 13:42:50.534000,5.3,5.29,5.3,3433400.0
2018-01-09 13:42:54.575000,5.3,5.29,5.3,3433400.0
2018-01-09 13:42:58.292000,5.3,5.29,5.3,3433400.0
2018-01-09 13:43:01.674000,5.3,5.29,5.3,3433400.0
2018-01-09 13:43:09.845000,5.3,5.29,5.3,3433400.0
2018-01-09 13:43:14.941000,5.3,5.29,5.3,3433400.0
2018-01-09 13:43:20.357000,5.3,5.29,5.3,3433400.0
2018-01-09 13:43:23.985000,5.3,5.29,5.3,3433400.0
2018-01-09 13:43:27.392000,5.3,5.29,5.3,3433400.0
2018-01-09 13:43:31.262000,5.29,5.29,5.3,3433900.0
2018-01-09 13:43:34.837000,5.29,5.29,5.3,3433900.0
2018-01-09 13:43:38.805000,5.29,5.29,5.3,3433900.0
2018-01-09 13:43:42.797000,5.29,5.29,5.3,3433900.0
2018-01-09 13:43:45.919000,5.29,5.29,5.3,3433900.0
2018-01-09 13:43:50.066000,5.29,5.29,5.3,3433900.0
2018-01-09 13:43:54.079000,5.29,5.29,5.3,3433900.0
2018-01-09 13:43:57.405000,5.29,5.29,5.3,3433900.0
2018-01-09 13:44:01.559000,5.29,5.29,5.3,3433900.0
2018-01-09 13:44:05.744000,5.29,5.29,5.3,3433900.0
2018-01-09 13:44:13.534000,5.29,5.29,5.3,3433900.0
2018-01-09 13:44:17.016000,5.29,5.29,5.3,3433900.0
2018-01-09 13:44:22.180000,5.29,5.29,5.3,3433900.0
2018-01-09 13:44:25.399000,5.29,5.29,5.3,3433900.0
2018-01-09 13:44:28.505000,5.29,5.29,5.3,3433900.0
2018-01-09 13:44:32.009000,5.29,5.29,5.3,3433900.0
2018-01-09 13:44:35.370000,5.29,5.29,5.3,3433900.0
2018-01-09 13:44:39.548000,5.29,5.29,5.3,3433900.0
2018-01-09 13:44:43.035000,5.29,5.29,5.3,3433900.0
2018-01-09 13:44:46.676000,5.29,5.29,5.3,3433900.0
2018-01-09 13:44:50.567000,5.29,5.29,5.3,3433900.0
2018-01-09 13:44:53.808000,5.29,5.29,5.3,3433900.0
2018-01-09 13:44:57.438000,5.29,5.29,5.3,3433900.0
2018-01-09 13:45:01.312000,5.29,5.29,5.3,3433900.0
2018-01-09 13:45:05.791000,5.29,5.29,5.3,3433900.0
2018-01-09 13:45:09.725000,5.29,5.29,5.3,3433900.0
2018-01-09 13:45:13.630000,5.29,5.29,5.3,3433900.0
2018-01-09 13:45:18.089000,5.29,5.29,5.3,3433900.0
2018-01-09 13:45:23.745000,5.29,5.29,5.3,3433900.0
2018-01-09 13:45:27.808000,5.29,5.29,5.3,3433900.0
2018-01-09 13:45:31.008000,5.29,5.29,5.3,3433900.0
2018-01-09 13:45:34.906000,5.29,5.29,5.3,3433900.0
2018-01-09 13:45:38.739000,5.29,5.29,5.3,3433900.0
2018-01-09 13:45:42.738000,5.29,5.29,5.3,3433900.0
2018-01-09 13:45:46.161000,5.29,5.29,5.3,3433900.0
2018-01-09 13:45:49.894000,5.29,5.29,5.3,3433900.0
2018-01-09 13:45:53.740000,5.29,5.29,5.3,3433900.0
2018-01-09 13:45:57.742000,5.29,5.29,5.3,3433900.0
2018-01-09 13:46:01.739000,5.29,5.29,5.3,3433900.0
2018-01-09 13:46:10.501000,5.29,5.29,5.3,3433900.0
2018-01-09 13:46:14.137000,5.29,5.29,5.3,3433900.0
2018-01-09 13:46:17.642000,5.29,5.29,5.3,3433900.0
2018-01-09 13:46:21.212000,5.29,5.29,5.3,3433900.0
2018-01-09 13:46:25.171000,5.29,5.29,5.3,3433900.0
2018-01-09 13:46:29.062000,5.29,5.29,5.3,3433900.0
2018-01-09 13:46:32.390000,5.29,5.29,5.3,3433900.0
2018-01-09 13:46:36.404000,5.29,5.29,5.3,3433900.0
2018-01-09 13:46:40.391000,5.29,5.29,5.3,3433900.0
2018-01-09 13:46:44.022000,5.29,5.29,5.3,3433900.0
2018-01-09 13:46:48.396000,5.29,5.29,5.3,3433900.0
2018-01-09 13:46:52.037000,5.29,5.29,5.3,3433900.0
2018-01-09 13:46:55.643000,5.29,5.29,5.3,3433900.0
2018-01-09 13:46:59.773000,5.29,5.29,5.3,3433900.0
2018-01-09 13:47:03.294000,5.29,5.29,5.3,3433900.0
2018-01-09 13:47:07.237000,5.29,5.29,5.3,3433900.0
2018-01-09 13:47:11.186000,5.29,5.29,5.3,3433900.0
2018-01-09 13:47:16.205000,5.29,5.29,5.3,3433900.0
2018-01-09 13:47:19.973000,5.29,5.29,5.3,3433900.0
2018-01-09 13:47:23.473000,5.29,5.29,5.3,3433900.0
2018-01-09 13:47:27.435000,5.29,5.29,5.3,3433900.0
2018-01-09 13:47:31.065000,5.29,5.29,5.3,3433900.0
2018-01-09 13:47:34.486000,5.3,5.29,5.3,3487600.0
2018-01-09 13:47:37.375000,5.3,5.29,5.3,3487600.0
2018-01-09 13:47:41.262000,5.3,5.29,5.3,3487600.0
2018-01-09 13:47:45.236000,5.3,5.29,5.3,3487600.0
2018-01-09 13:47:48.312000,5.3,5.29,5.3,3487600.0
2018-01-09 13:47:52.374000,5.3,5.29,5.3,3487600.0
2018-01-09 13:47:56.473000,5.3,5.29,5.3,3487600.0
2018-01-09 13:48:00.542000,5.3,5.29,5.3,3487600.0
2018-01-09 13:48:04.623000,5.3,5.29,5.3,3487600.0
2018-01-09 13:48:08.721000,5.3,5.29,5.3,3487600.0
2018-01-09 13:48:11.781000,5.3,5.29,5.3,3487600.0
2018-01-09 13:48:15.532000,5.3,5.29,5.3,3487600.0
2018-01-09 13:48:19.446000,5.3,5.29,5.3,3487600.0
2018-01-09 13:48:23.364000,5.3,5.29,5.3,3487600.0
2018-01-09 13:48:26.729000,5.3,5.29,5.3,3487600.0
2018-01-09 13:48:30.893000,5.3,5.29,5.3,3487600.0
2018-01-09 13:48:35.068000,5.3,5.29,5.3,3487600.0
2018-01-09 13:48:39.380000,5.3,5.29,5.3,3487600.0
2018-01-09 13:48:43.161000,5.3,5.29,5.3,3487600.0
2018-01-09 13:48:47.488000,5.3,5.29,5.3,3487600.0
2018-01-09 13:48:51.563000,5.3,5.29,5.3,3487600.0
2018-01-09 13:48:55.630000,5.3,5.29,5.3,3487600.0
2018-01-09 13:48:59.685000,5.3,5.29,5.3,3487600.0
2018-01-09 13:49:03.443000,5.3,5.29,5.3,3487600.0
2018-01-09 13:49:09.031000,5.3,5.29,5.3,3487600.0
2018-01-09 13:49:12.662000,5.3,5.29,5.3,3487600.0
2018-01-09 13:49:16.710000,5.3,5.29,5.3,3487600.0
2018-01-09 13:49:20.752000,5.3,5.29,5.3,3487600.0
2018-01-09 13:49:23.959000,5.3,5.29,5.3,3487600.0
2018-01-09 13:49:27.537000,5.3,5.29,5.3,3487600.0
2018-01-09 13:49:31.732000,5.3,5.29,5.3,3487600.0
2018-01-09 13:49:35.584000,5.3,5.29,5.3,3487600.0
2018-01-09 13:49:39.382000,5.3,5.29,5.3,3487600.0
2018-01-09 13:49:42.358000,5.3,5.29,5.3,3487600.0
2018-01-09 13:49:46.236000,5.3,5.29,5.3,3487600.0
2018-01-09 13:49:50.429000,5.3,5.29,5.3,3487600.0
2018-01-09 13:49:53.883000,5.3,5.29,5.3,3487600.0
2018-01-09 13:49:57.507000,5.3,5.29,5.3,3487600.0
2018-01-09 13:50:01.351000,5.3,5.29,5.3,3487600.0
2018-01-09 13:50:09.029000,5.3,5.29,5.3,3487600.0
2018-01-09 13:50:12.598000,5.3,5.29,5.3,3487600.0
2018-01-09 13:50:19.066000,5.3,5.29,5.3,3487600.0
2018-01-09 13:50:23.110000,5.3,5.29,5.3,3487600.0
2018-01-09 13:50:27.007000,5.3,5.29,5.3,3487600.0
2018-01-09 13:50:30.290000,5.3,5.29,5.3,3487600.0
2018-01-09 13:50:34.228000,5.3,5.29,5.3,3487600.0
2018-01-09 13:50:38.139000,5.3,5.29,5.3,3487600.0
2018-01-09 13:50:41.450000,5.3,5.29,5.3,3497600.0
2018-01-09 13:50:45.067000,5.3,5.29,5.3,3497600.0
2018-01-09 13:50:48.730000,5.3,5.29,5.3,3497600.0
2018-01-09 13:50:52.211000,5.3,5.29,5.3,3497600.0
2018-01-09 13:50:55.784000,5.3,5.29,5.3,3497600.0
2018-01-09 13:50:59.647000,5.3,5.29,5.3,3497600.0
2018-01-09 13:51:03.743000,5.3,5.29,5.3,3497600.0
2018-01-09 13:51:07.879000,5.3,5.29,5.3,3497600.0
2018-01-09 13:51:12.075000,5.3,5.29,5.3,3497600.0
2018-01-09 13:51:15.570000,5.3,5.29,5.3,3497600.0
2018-01-09 13:51:19.161000,5.3,5.29,5.3,3497600.0
2018-01-09 13:51:22.410000,5.3,5.29,5.3,3497600.0
2018-01-09 13:51:26.071000,5.3,5.29,5.3,3497600.0
2018-01-09 13:51:30.046000,5.3,5.29,5.3,3497600.0
2018-01-09 13:51:34.020000,5.3,5.29,5.3,3497600.0
2018-01-09 13:51:37.509000,5.3,5.29,5.3,3497600.0
2018-01-09 13:51:41.269000,5.3,5.29,5.3,3497600.0
2018-01-09 13:51:45.369000,5.3,5.29,5.3,3497600.0
2018-01-09 13:51:49.787000,5.3,5.29,5.3,3497600.0
2018-01-09 13:51:54.048000,5.3,5.29,5.3,3497600.0
2018-01-09 13:51:57.811000,5.3,5.29,5.3,3497600.0
2018-01-09 13:52:03.494000,5.3,5.29,5.3,3497600.0
2018-01-09 13:52:09.044000,5.3,5.29,5.3,3497600.0
2018-01-09 13:52:16.863000,5.3,5.29,5.3,3497600.0
2018-01-09 13:52:20.604000,5.3,5.29,5.3,3497600.0
2018-01-09 13:52:24.307000,5.3,5.29,5.3,3497600.0
2018-01-09 13:52:28.188000,5.3,5.29,5.3,3497600.0
2018-01-09 13:52:31.915000,5.3,5.29,5.3,3497600.0
2018-01-09 13:52:35.717000,5.3,5.29,5.3,3497600.0
2018-01-09 13:52:39.672000,5.3,5.29,5.3,3497600.0
2018-01-09 13:52:43.590000,5.3,5.29,5.3,3497600.0
2018-01-09 13:52:47.730000,5.3,5.29,5.3,3497600.0
2018-01-09 13:52:51.642000,5.3,5.29,5.3,3497600.0
2018-01-09 13:52:55.434000,5.3,5.29,5.3,3497600.0
2018-01-09 13:52:59.562000,5.3,5.29,5.3,3497600.0
2018-01-09 13:53:03.199000,5.3,5.29,5.3,3497600.0
2018-01-09 13:53:06.773000,5.3,5.29,5.3,3497600.0
2018-01-09 13:53:10.466000,5.3,5.29,5.3,3497600.0
2018-01-09 13:53:16.244000,5.3,5.29,5.3,3497600.0
2018-01-09 13:53:20.353000,5.3,5.29,5.3,3497600.0
2018-01-09 13:53:24.475000,5.3,5.29,5.3,3497600.0
2018-01-09 13:53:27.883000,5.3,5.29,5.3,3497600.0
2018-01-09 13:53:31.691000,5.3,5.29,5.3,3497600.0
2018-01-09 13:53:35.187000,5.3,5.29,5.3,3497600.0
2018-01-09 13:53:38.711000,5.3,5.29,5.3,3497600.0
2018-01-09 13:53:42.864000,5.3,5.29,5.3,3497600.0
2018-01-09 13:53:46.704000,5.3,5.29,5.3,3497600.0
2018-01-09 13:53:50.900000,5.3,5.29,5.3,3497600.0
2018-01-09 13:53:54.892000,5.3,5.29,5.3,3497600.0
2018-01-09 13:53:58.337000,5.3,5.29,5.3,3497600.0
2018-01-09 13:54:02.264000,5.3,5.29,5.3,3497600.0
2018-01-09 13:54:06.290000,5.3,5.29,5.3,3497600.0
2018-01-09 13:54:15.052000,5.3,5.29,5.3,3505100.0
2018-01-09 13:54:19.389000,5.3,5.29,5.3,3505100.0
2018-01-09 13:54:23.326000,5.3,5.29,5.3,3505100.0
2018-01-09 13:54:26.956000,5.3,5.29,5.3,3505100.0
2018-01-09 13:54:31.043000,5.3,5.29,5.3,3505100.0
2018-01-09 13:54:34.735000,5.3,5.29,5.3,3505100.0
2018-01-09 13:54:38.757000,5.3,5.29,5.3,3505100.0
2018-01-09 13:54:42.634000,5.3,5.29,5.3,3505100.0
2018-01-09 13:54:46.368000,5.3,5.29,5.3,3505100.0
2018-01-09 13:54:49.917000,5.3,5.29,5.3,3505100.0
2018-01-09 13:54:53.830000,5.3,5.29,5.3,3505100.0
2018-01-09 13:54:57.452000,5.3,5.29,5.3,3505100.0
2018-01-09 13:55:01.167000,5.3,5.29,5.3,3505100.0
2018-01-09 13:55:05.135000,5.3,5.29,5.3,3505100.0
2018-01-09 13:55:12.322000,5.3,5.29,5.3,3505100.0
2018-01-09 13:55:16.050000,5.3,5.29,5.3,3505100.0
2018-01-09 13:55:21.941000,5.3,5.29,5.3,3505100.0
2018-01-09 13:55:26.002000,5.3,5.29,5.3,3505100.0
2018-01-09 13:55:29.860000,5.3,5.29,5.3,3505100.0
2018-01-09 13:55:34.130000,5.3,5.29,5.3,3505100.0
2018-01-09 13:55:37.524000,5.3,5.29,5.3,3505100.0
2018-01-09 13:55:41.211000,5.3,5.29,5.3,3505100.0
2018-01-09 13:55:45.280000,5.3,5.29,5.3,3505100.0
2018-01-09 13:55:48.673000,5.3,5.29,5.3,3505100.0
2018-01-09 13:55:52.646000,5.3,5.29,5.3,3505100.0
2018-01-09 13:55:56.167000,5.3,5.29,5.3,3505100.0
2018-01-09 13:55:59.454000,5.3,5.29,5.3,3505100.0
2018-01-09 13:56:03.417000,5.3,5.29,5.3,3505100.0
2018-01-09 13:56:07.377000,5.29,5.29,5.3,3544600.0
2018-01-09 13:56:11.249000,5.29,5.29,5.3,3544600.0
2018-01-09 13:56:14.923000,5.29,5.29,5.3,3544600.0
2018-01-09 13:56:18.974000,5.29,5.29,5.3,3544600.0
2018-01-09 13:56:22.658000,5.29,5.29,5.3,3544600.0
2018-01-09 13:56:26.458000,5.29,5.29,5.3,3544600.0
2018-01-09 13:56:30.560000,5.29,5.29,5.3,3544600.0
2018-01-09 13:56:34.244000,5.29,5.29,5.3,3544600.0
2018-01-09 13:56:37.898000,5.29,5.29,5.3,3544600.0
2018-01-09 13:56:41.794000,5.29,5.29,5.3,3544600.0
2018-01-09 13:56:45.562000,5.29,5.29,5.3,3544600.0
2018-01-09 13:56:49.054000,5.29,5.29,5.3,3544600.0
2018-01-09 13:56:52.580000,5.29,5.29,5.3,3544600.0
2018-01-09 13:56:56.550000,5.29,5.29,5.3,3544600.0
2018-01-09 13:57:00.681000,5.29,5.29,5.3,3544600.0
2018-01-09 13:57:05.577000,5.29,5.29,5.3,3544600.0
2018-01-09 13:57:12.905000,5.29,5.29,5.3,3544600.0
2018-01-09 13:57:17.058000,5.29,5.29,5.3,3544600.0
2018-01-09 13:57:20.935000,5.29,5.29,5.3,3544600.0
2018-01-09 13:57:24.611000,5.29,5.29,5.3,3544600.0
2018-01-09 13:57:28.290000,5.29,5.29,5.3,3544600.0
2018-01-09 13:57:31.251000,5.29,5.29,5.3,3544600.0
2018-01-09 13:57:35.429000,5.29,5.29,5.3,3544600.0
2018-01-09 13:57:39.592000,5.29,5.29,5.3,3544600.0
2018-01-09 13:57:43.421000,5.29,5.29,5.3,3544600.0
2018-01-09 13:57:47.008000,5.29,5.29,5.3,3544600.0
2018-01-09 13:57:51.148000,5.29,5.29,5.3,3544600.0
2018-01-09 13:57:54.339000,5.29,5.29,5.3,3544600.0
2018-01-09 13:57:57.761000,5.29,5.29,5.3,3544600.0
2018-01-09 13:58:01.254000,5.29,5.29,5.3,3544600.0
2018-01-09 13:58:05.379000,5.29,5.29,5.3,3544600.0
2018-01-09 13:58:09.479000,5.29,5.29,5.3,3544600.0
2018-01-09 13:58:13.765000,5.29,5.29,5.3,3544600.0
2018-01-09 13:58:19.766000,5.29,5.29,5.3,3544600.0
2018-01-09 13:58:23.457000,5.29,5.29,5.3,3544600.0
2018-01-09 13:58:27.470000,5.29,5.29,5.3,3544600.0
2018-01-09 13:58:31.705000,5.29,5.29,5.3,3544600.0
2018-01-09 13:58:35.586000,5.3,5.29,5.3,3564800.0
2018-01-09 13:58:39.156000,5.3,5.29,5.3,3564800.0
2018-01-09 13:58:43.071000,5.3,5.29,5.3,3564800.0
2018-01-09 13:58:47.150000,5.3,5.29,5.3,3564800.0
2018-01-09 13:58:50.734000,5.3,5.29,5.3,3564800.0
2018-01-09 13:58:54.458000,5.3,5.29,5.3,3564800.0
2018-01-09 13:58:58.028000,5.3,5.29,5.3,3564800.0
2018-01-09 13:59:01.966000,5.3,5.29,5.3,3564800.0
2018-01-09 13:59:05.975000,5.3,5.29,5.3,3564800.0
2018-01-09 13:59:12.626000,5.3,5.29,5.3,3564800.0
2018-01-09 13:59:16.766000,5.3,5.29,5.3,3564800.0
2018-01-09 13:59:20.460000,5.3,5.29,5.3,3564800.0
2018-01-09 13:59:24.647000,5.3,5.29,5.3,3564800.0
2018-01-09 13:59:28.594000,5.3,5.29,5.3,3564800.0
2018-01-09 13:59:31.748000,5.3,5.29,5.3,3564800.0
2018-01-09 13:59:35.892000,5.3,5.29,5.3,3564800.0
2018-01-09 13:59:39.716000,5.3,5.29,5.3,3564800.0
2018-01-09 13:59:43.370000,5.3,5.29,5.3,3564800.0
2018-01-09 13:59:47.104000,5.3,5.29,5.3,3564800.0
2018-01-09 13:59:50.666000,5.3,5.29,5.3,3564800.0
2018-01-09 13:59:54.554000,5.3,5.29,5.3,3564800.0
2018-01-09 13:59:58.981000,5.3,5.29,5.3,3564800.0
2018-01-09 14:00:02.686000,5.3,5.29,5.3,3564800.0
2018-01-09 14:00:06.752000,5.3,5.29,5.3,3564800.0
2018-01-09 14:00:15.862000,5.3,5.29,5.3,3564800.0
2018-01-09 14:00:19.886000,5.3,5.29,5.3,3564800.0
2018-01-09 14:00:23.644000,5.3,5.29,5.3,3564800.0
2018-01-09 14:00:27.800000,5.3,5.29,5.3,3564800.0
2018-01-09 14:00:31.430000,5.3,5.29,5.3,3564800.0
2018-01-09 14:00:34.855000,5.3,5.29,5.3,3564800.0
2018-01-09 14:00:38.501000,5.3,5.29,5.3,3564800.0
2018-01-09 14:00:42.607000,5.3,5.29,5.3,3564800.0
2018-01-09 14:00:46.202000,5.3,5.29,5.3,3564800.0
2018-01-09 14:00:50.378000,5.3,5.29,5.3,3564800.0
2018-01-09 14:00:54.047000,5.3,5.29,5.3,3564800.0
2018-01-09 14:00:57.575000,5.3,5.29,5.3,3564800.0
2018-01-09 14:01:00.567000,5.3,5.29,5.3,3564800.0
2018-01-09 14:01:04.153000,5.3,5.29,5.3,3564800.0
2018-01-09 14:01:09.772000,5.3,5.29,5.3,3564800.0
2018-01-09 14:01:13.910000,5.3,5.29,5.3,3564800.0
2018-01-09 14:01:17.727000,5.3,5.29,5.3,3564800.0
2018-01-09 14:01:21.135000,5.3,5.29,5.3,3564800.0
2018-01-09 14:01:24.706000,5.3,5.29,5.3,3564800.0
2018-01-09 14:01:28.604000,5.3,5.29,5.3,3564800.0
2018-01-09 14:01:32.259000,5.3,5.29,5.3,3564800.0
2018-01-09 14:01:35.784000,5.3,5.29,5.3,3564800.0
2018-01-09 14:01:39.479000,5.3,5.29,5.3,3564800.0
2018-01-09 14:01:43.754000,5.3,5.29,5.3,3564800.0
2018-01-09 14:01:47.253000,5.3,5.29,5.3,3564800.0
2018-01-09 14:01:50.792000,5.3,5.29,5.3,3564800.0
2018-01-09 14:01:54.963000,5.3,5.29,5.3,3564800.0
2018-01-09 14:01:59.033000,5.3,5.29,5.3,3564800.0
2018-01-09 14:02:02.574000,5.3,5.29,5.3,3564800.0
2018-01-09 14:02:06.969000,5.3,5.29,5.3,3564800.0
2018-01-09 14:02:13.140000,5.3,5.29,5.3,3564800.0
2018-01-09 14:02:18.014000,5.3,5.29,5.3,3564800.0
2018-01-09 14:02:21.749000,5.3,5.29,5.3,3564800.0
2018-01-09 14:02:25.813000,5.3,5.29,5.3,3564800.0
2018-01-09 14:02:29.870000,5.3,5.29,5.3,3564800.0
2018-01-09 14:02:33.662000,5.3,5.29,5.3,3564800.0
2018-01-09 14:02:37.344000,5.3,5.29,5.3,3564800.0
2018-01-09 14:02:41.371000,5.3,5.29,5.3,3564800.0
2018-01-09 14:02:45.265000,5.3,5.29,5.3,3564800.0
2018-01-09 14:02:48.758000,5.3,5.29,5.3,3564800.0
2018-01-09 14:02:52.742000,5.3,5.29,5.3,3564800.0
2018-01-09 14:02:56.964000,5.3,5.29,5.3,3564800.0
2018-01-09 14:03:00.938000,5.3,5.29,5.3,3564800.0
2018-01-09 14:03:06.230000,5.3,5.29,5.3,3564800.0
2018-01-09 14:03:12.851000,5.3,5.29,5.3,3564800.0
2018-01-09 14:03:17.598000,5.3,5.29,5.3,3564800.0
2018-01-09 14:03:21.015000,5.3,5.29,5.3,3564800.0
2018-01-09 14:03:24.694000,5.3,5.29,5.3,3564800.0
2018-01-09 14:03:28.418000,5.3,5.29,5.3,3564800.0
2018-01-09 14:03:31.450000,5.3,5.29,5.3,3564800.0
2018-01-09 14:03:35.048000,5.3,5.29,5.3,3564800.0
2018-01-09 14:03:38.450000,5.3,5.29,5.3,3564800.0
2018-01-09 14:03:42.327000,5.3,5.29,5.3,3564800.0
2018-01-09 14:03:46.388000,5.3,5.29,5.3,3564800.0
2018-01-09 14:03:50.248000,5.3,5.29,5.3,3564800.0
2018-01-09 14:03:54.266000,5.3,5.29,5.3,3564800.0
2018-01-09 14:03:58.095000,5.3,5.29,5.3,3564800.0
2018-01-09 14:04:03.792000,5.3,5.29,5.3,3564800.0
2018-01-09 14:04:07.621000,5.3,5.29,5.3,3564800.0
2018-01-09 14:04:11.594000,5.3,5.29,5.3,3564800.0
2018-01-09 14:04:15.823000,5.3,5.29,5.3,3564800.0
2018-01-09 14:04:20.118000,5.3,5.29,5.3,3564800.0
2018-01-09 14:04:24.036000,5.3,5.29,5.3,3564800.0
2018-01-09 14:04:27.396000,5.3,5.29,5.3,3564800.0
2018-01-09 14:04:30.888000,5.3,5.29,5.3,3564800.0
2018-01-09 14:04:33.850000,5.3,5.29,5.3,3564800.0
2018-01-09 14:04:37.761000,5.3,5.29,5.3,3564800.0
2018-01-09 14:04:41.786000,5.3,5.29,5.3,3564800.0
2018-01-09 14:04:45.839000,5.3,5.29,5.3,3564800.0
2018-01-09 14:04:49.705000,5.3,5.29,5.3,3564800.0
2018-01-09 14:04:53.658000,5.3,5.29,5.3,3564800.0
2018-01-09 14:04:57.697000,5.3,5.29,5.3,3564800.0
2018-01-09 14:05:01.519000,5.3,5.29,5.3,3564800.0
2018-01-09 14:05:05.429000,5.3,5.29,5.3,3564800.0
2018-01-09 14:05:08.714000,5.3,5.29,5.3,3564800.0
2018-01-09 14:05:14.035000,5.3,5.29,5.3,3564800.0
2018-01-09 14:05:19.545000,5.3,5.29,5.3,3564800.0
2018-01-09 14:05:23.538000,5.3,5.29,5.3,3564800.0
2018-01-09 14:05:27.312000,5.3,5.29,5.3,3564800.0
2018-01-09 14:05:31.297000,5.3,5.29,5.3,3564800.0
2018-01-09 14:05:35.058000,5.3,5.29,5.3,3564800.0
2018-01-09 14:05:39.165000,5.3,5.29,5.3,3564800.0
2018-01-09 14:05:43.149000,5.3,5.29,5.3,3564800.0
2018-01-09 14:05:47.201000,5.3,5.29,5.3,3564800.0
2018-01-09 14:05:51.075000,5.3,5.29,5.3,3564800.0
2018-01-09 14:05:55.074000,5.3,5.29,5.3,3564800.0
2018-01-09 14:05:58.994000,5.3,5.29,5.3,3564800.0
2018-01-09 14:06:02.391000,5.3,5.29,5.3,3564800.0
2018-01-09 14:06:06.262000,5.3,5.29,5.3,3564800.0
2018-01-09 14:06:09.903000,5.3,5.29,5.3,3564800.0
2018-01-09 14:06:13.447000,5.3,5.29,5.3,3564800.0
2018-01-09 14:06:17.526000,5.3,5.29,5.3,3564800.0
2018-01-09 14:06:21.469000,5.3,5.29,5.3,3564800.0
2018-01-09 14:06:25.517000,5.3,5.29,5.3,3564800.0
2018-01-09 14:06:28.793000,5.3,5.29,5.3,3564800.0
2018-01-09 14:06:32.595000,5.3,5.29,5.3,3564800.0
2018-01-09 14:06:36.406000,5.3,5.29,5.3,3564800.0
2018-01-09 14:06:39.533000,5.3,5.29,5.3,3564800.0
2018-01-09 14:06:43.184000,5.3,5.29,5.3,3564800.0
2018-01-09 14:06:47.148000,5.3,5.29,5.3,3564800.0
2018-01-09 14:06:50.716000,5.3,5.29,5.3,3564800.0
2018-01-09 14:06:54.223000,5.3,5.29,5.3,3564800.0
2018-01-09 14:06:57.891000,5.3,5.29,5.3,3564800.0
2018-01-09 14:07:01.517000,5.3,5.29,5.3,3564800.0
2018-01-09 14:07:05.546000,5.3,5.29,5.3,3564800.0
2018-01-09 14:07:09.409000,5.3,5.29,5.3,3564800.0
2018-01-09 14:07:12.975000,5.3,5.29,5.3,3564800.0
2018-01-09 14:07:17.409000,5.3,5.29,5.3,3564800.0
2018-01-09 14:07:23.256000,5.3,5.29,5.3,3564800.0
2018-01-09 14:07:26.902000,5.3,5.29,5.3,3564800.0
2018-01-09 14:07:30.673000,5.3,5.29,5.3,3564800.0
2018-01-09 14:07:34.843000,5.3,5.29,5.3,3564800.0
2018-01-09 14:07:38.351000,5.3,5.29,5.3,3564800.0
2018-01-09 14:07:42.233000,5.3,5.29,5.3,3564800.0
2018-01-09 14:07:46.036000,5.3,5.29,5.3,3564800.0
2018-01-09 14:07:49.762000,5.3,5.29,5.3,3564800.0
2018-01-09 14:07:53.647000,5.3,5.29,5.3,3564800.0
2018-01-09 14:07:57.339000,5.3,5.29,5.3,3564800.0
2018-01-09 14:08:01.335000,5.3,5.29,5.3,3564800.0
2018-01-09 14:08:05.566000,5.3,5.29,5.3,3564800.0
2018-01-09 14:08:09.223000,5.3,5.29,5.3,3564800.0
2018-01-09 14:08:13.184000,5.3,5.29,5.3,3564800.0
2018-01-09 14:08:17.266000,5.3,5.29,5.3,3564800.0
2018-01-09 14:08:21.790000,5.3,5.29,5.3,3564800.0
2018-01-09 14:08:25.501000,5.3,5.29,5.3,3564800.0
2018-01-09 14:08:29.192000,5.3,5.29,5.3,3564800.0
2018-01-09 14:08:33.225000,5.3,5.29,5.3,3564800.0
2018-01-09 14:08:37.468000,5.3,5.29,5.3,3564800.0
2018-01-09 14:08:41.722000,5.3,5.29,5.3,3564800.0
2018-01-09 14:08:45.603000,5.3,5.29,5.3,3564800.0
2018-01-09 14:08:49.450000,5.3,5.29,5.3,3564800.0
2018-01-09 14:08:53.368000,5.3,5.29,5.3,3564800.0
2018-01-09 14:08:57.638000,5.3,5.29,5.3,3564800.0
2018-01-09 14:09:01.104000,5.3,5.29,5.3,3564800.0
2018-01-09 14:09:05.119000,5.3,5.29,5.3,3564800.0
2018-01-09 14:09:12.630000,5.3,5.29,5.3,3564800.0
2018-01-09 14:09:16.453000,5.3,5.29,5.3,3564800.0
2018-01-09 14:09:20.290000,5.3,5.29,5.3,3564800.0
2018-01-09 14:09:24.381000,5.3,5.29,5.3,3564800.0
2018-01-09 14:09:28.392000,5.3,5.29,5.3,3564800.0
2018-01-09 14:09:32.693000,5.3,5.29,5.3,3564800.0
2018-01-09 14:09:36.711000,5.3,5.29,5.3,3564800.0
2018-01-09 14:09:40.601000,5.3,5.29,5.3,3564800.0
2018-01-09 14:09:44.174000,5.3,5.29,5.3,3564800.0
2018-01-09 14:09:48.231000,5.3,5.29,5.3,3564800.0
2018-01-09 14:09:52.359000,5.3,5.29,5.3,3564800.0
2018-01-09 14:09:56.426000,5.3,5.29,5.3,3564800.0
2018-01-09 14:10:00.261000,5.3,5.29,5.3,3564800.0
2018-01-09 14:10:04.604000,5.3,5.29,5.3,3564800.0
2018-01-09 14:10:08.831000,5.3,5.29,5.3,3564800.0
2018-01-09 14:10:14.005000,5.3,5.29,5.3,3564800.0
2018-01-09 14:10:18.471000,5.3,5.29,5.3,3564800.0
2018-01-09 14:10:22.396000,5.3,5.29,5.3,3564800.0
2018-01-09 14:10:25.972000,5.3,5.29,5.3,3564800.0
2018-01-09 14:10:29.831000,5.3,5.29,5.3,3564800.0
2018-01-09 14:10:33.602000,5.3,5.29,5.3,3564800.0
2018-01-09 14:10:37.144000,5.3,5.29,5.3,3564800.0
2018-01-09 14:10:40.785000,5.3,5.29,5.3,3564800.0
2018-01-09 14:10:43.996000,5.3,5.29,5.3,3564800.0
2018-01-09 14:10:47.884000,5.3,5.29,5.3,3574800.0
2018-01-09 14:10:51.542000,5.3,5.29,5.3,3574800.0
2018-01-09 14:10:55.043000,5.3,5.29,5.3,3574800.0
2018-01-09 14:10:59.415000,5.3,5.29,5.3,3574800.0
2018-01-09 14:11:02.644000,5.3,5.29,5.3,3574800.0
2018-01-09 14:11:06.387000,5.3,5.29,5.3,3574800.0
2018-01-09 14:11:13.074000,5.3,5.29,5.3,3574800.0
2018-01-09 14:11:17.218000,5.3,5.29,5.3,3574800.0
2018-01-09 14:11:20.780000,5.3,5.29,5.3,3574800.0
2018-01-09 14:11:24.121000,5.3,5.29,5.3,3574800.0
2018-01-09 14:11:27.999000,5.3,5.29,5.3,3574800.0
2018-01-09 14:11:31.804000,5.3,5.29,5.3,3574800.0
2018-01-09 14:11:35.715000,5.3,5.29,5.3,3617300.0
2018-01-09 14:11:38.940000,5.3,5.29,5.3,3617300.0
2018-01-09 14:11:42.926000,5.3,5.29,5.3,3617300.0
2018-01-09 14:11:46.770000,5.3,5.29,5.3,3617300.0
2018-01-09 14:11:50.719000,5.3,5.29,5.3,3617300.0
2018-01-09 14:11:55.072000,5.3,5.29,5.3,3617300.0
2018-01-09 14:11:59.101000,5.3,5.29,5.3,3617300.0
2018-01-09 14:12:02.504000,5.3,5.29,5.3,3617300.0
2018-01-09 14:12:08.300000,5.3,5.3,5.31,3617300.0
2018-01-09 14:12:12.043000,5.3,5.3,5.31,3617300.0
2018-01-09 14:12:15.947000,5.3,5.3,5.31,3617300.0
2018-01-09 14:12:20.019000,5.3,5.3,5.31,3617300.0
2018-01-09 14:12:23.666000,5.3,5.3,5.31,3617300.0
2018-01-09 14:12:27.281000,5.3,5.3,5.31,3617300.0
2018-01-09 14:12:30.639000,5.3,5.3,5.31,3617300.0
2018-01-09 14:12:34.226000,5.3,5.3,5.31,3617300.0
2018-01-09 14:12:37.829000,5.3,5.3,5.31,3617300.0
2018-01-09 14:12:41.632000,5.3,5.3,5.31,3617300.0
2018-01-09 14:12:45.245000,5.3,5.3,5.31,3617300.0
2018-01-09 14:12:49.041000,5.3,5.3,5.31,3617300.0
2018-01-09 14:12:52.454000,5.3,5.3,5.31,3617300.0
2018-01-09 14:12:56.123000,5.3,5.3,5.31,3617300.0
2018-01-09 14:12:59.784000,5.3,5.3,5.31,3617300.0
2018-01-09 14:13:06.422000,5.3,5.3,5.31,3617300.0
2018-01-09 14:13:12.408000,5.3,5.3,5.31,3617300.0
2018-01-09 14:13:16.076000,5.3,5.3,5.31,3617300.0
2018-01-09 14:13:20.004000,5.3,5.3,5.31,3617300.0
2018-01-09 14:13:23.394000,5.3,5.3,5.31,3617300.0
2018-01-09 14:13:27.339000,5.3,5.3,5.31,3617300.0
2018-01-09 14:13:30.614000,5.3,5.3,5.31,3617300.0
2018-01-09 14:13:34.069000,5.3,5.29,5.31,3617300.0
2018-01-09 14:13:37.604000,5.3,5.29,5.31,3617300.0
2018-01-09 14:13:41.197000,5.3,5.29,5.31,3617300.0
2018-01-09 14:13:44.031000,5.3,5.29,5.31,3617300.0
2018-01-09 14:13:47.991000,5.3,5.29,5.31,3617300.0
2018-01-09 14:13:51.826000,5.3,5.29,5.31,3617300.0
2018-01-09 14:13:55.848000,5.3,5.29,5.31,3617300.0
2018-01-09 14:13:59.094000,5.3,5.29,5.31,3617300.0
2018-01-09 14:14:03.842000,5.3,5.29,5.31,3617300.0
2018-01-09 14:14:08.003000,5.3,5.29,5.31,3617300.0
2018-01-09 14:14:12.096000,5.3,5.29,5.31,3617300.0
2018-01-09 14:14:19.808000,5.3,5.29,5.31,3617300.0
2018-01-09 14:14:22.948000,5.3,5.29,5.31,3617300.0
2018-01-09 14:14:26.040000,5.3,5.29,5.31,3617300.0
2018-01-09 14:14:30.087000,5.3,5.29,5.31,3617300.0
2018-01-09 14:14:33.845000,5.3,5.29,5.31,3617300.0
2018-01-09 14:14:37.863000,5.3,5.29,5.31,3617300.0
2018-01-09 14:14:41.268000,5.3,5.29,5.31,3617300.0
2018-01-09 14:14:45.289000,5.3,5.29,5.31,3617300.0
2018-01-09 14:14:49.131000,5.3,5.29,5.31,3617300.0
2018-01-09 14:14:52.525000,5.3,5.29,5.31,3617300.0
2018-01-09 14:14:56.301000,5.3,5.29,5.31,3617300.0
2018-01-09 14:14:59.921000,5.3,5.29,5.31,3617300.0
2018-01-09 14:15:03.583000,5.3,5.29,5.31,3617300.0
2018-01-09 14:15:08.107000,5.3,5.29,5.31,3617300.0
2018-01-09 14:15:16.029000,5.3,5.29,5.31,3617300.0
2018-01-09 14:15:20.333000,5.3,5.29,5.31,3617300.0
2018-01-09 14:15:24.251000,5.3,5.29,5.31,3617300.0
2018-01-09 14:15:27.463000,5.3,5.29,5.31,3617300.0
2018-01-09 14:15:31.676000,5.3,5.29,5.31,3617300.0
2018-01-09 14:15:35.566000,5.3,5.29,5.31,3617300.0
2018-01-09 14:15:38.989000,5.3,5.29,5.31,3617300.0
2018-01-09 14:15:42.241000,5.3,5.29,5.31,3617300.0
2018-01-09 14:15:45.843000,5.3,5.29,5.31,3617300.0
2018-01-09 14:15:49.261000,5.3,5.29,5.31,3617300.0
2018-01-09 14:15:52.011000,5.3,5.29,5.31,3617300.0
2018-01-09 14:15:55.898000,5.3,5.29,5.31,3617300.0
2018-01-09 14:15:59.729000,5.3,5.29,5.3,3619300.0
2018-01-09 14:16:02.609000,5.3,5.29,5.3,3619300.0
2018-01-09 14:16:06.489000,5.3,5.29,5.3,3619300.0
2018-01-09 14:16:09.934000,5.3,5.29,5.3,3619300.0
2018-01-09 14:16:13.450000,5.3,5.29,5.3,3619300.0
2018-01-09 14:16:16.886000,5.3,5.29,5.3,3619300.0
2018-01-09 14:16:19.893000,5.3,5.29,5.3,3619300.0
2018-01-09 14:16:23.304000,5.3,5.29,5.3,3619300.0
2018-01-09 14:16:27.537000,5.3,5.29,5.3,3619300.0
2018-01-09 14:16:31.472000,5.3,5.29,5.3,3619300.0
2018-01-09 14:16:35.408000,5.3,5.29,5.3,3619300.0
2018-01-09 14:16:38.925000,5.3,5.29,5.3,3619300.0
2018-01-09 14:16:42.216000,5.3,5.29,5.3,3619300.0
2018-01-09 14:16:45.421000,5.3,5.29,5.3,3619300.0
2018-01-09 14:16:49.226000,5.3,5.29,5.3,3619300.0
2018-01-09 14:16:52.996000,5.3,5.29,5.3,3619300.0
2018-01-09 14:16:56.409000,5.3,5.29,5.3,3619300.0
2018-01-09 14:17:00.272000,5.3,5.29,5.3,3619300.0
2018-01-09 14:17:03.181000,5.3,5.29,5.31,3619300.0
2018-01-09 14:17:06.988000,5.3,5.29,5.31,3619300.0
2018-01-09 14:17:10.634000,5.3,5.29,5.31,3619300.0
2018-01-09 14:17:14.995000,5.3,5.29,5.31,3619300.0
2018-01-09 14:17:18.715000,5.3,5.29,5.31,3619300.0
2018-01-09 14:17:22.649000,5.3,5.29,5.31,3619300.0
2018-01-09 14:17:26.289000,5.3,5.29,5.31,3619300.0
2018-01-09 14:17:30.326000,5.3,5.29,5.31,3619300.0
2018-01-09 14:17:34.024000,5.3,5.29,5.31,3619300.0
2018-01-09 14:17:37.247000,5.3,5.29,5.31,3619300.0
2018-01-09 14:17:40.869000,5.3,5.29,5.31,3619300.0
2018-01-09 14:17:44.837000,5.3,5.29,5.31,3619300.0
2018-01-09 14:17:47.784000,5.3,5.29,5.31,3619300.0
2018-01-09 14:17:51.551000,5.3,5.29,5.31,3619300.0
2018-01-09 14:17:54.844000,5.3,5.29,5.31,3619300.0
2018-01-09 14:17:57.975000,5.3,5.29,5.31,3619300.0
2018-01-09 14:18:01.630000,5.3,5.29,5.31,3619300.0
2018-01-09 14:18:05.637000,5.3,5.29,5.31,3619300.0
2018-01-09 14:18:12.027000,5.3,5.29,5.31,3619300.0
2018-01-09 14:18:15.745000,5.3,5.29,5.31,3619300.0
2018-01-09 14:18:20.061000,5.3,5.29,5.31,3619300.0
2018-01-09 14:18:23.772000,5.3,5.29,5.31,3619300.0
2018-01-09 14:18:27.338000,5.3,5.29,5.31,3619300.0
2018-01-09 14:18:30.689000,5.3,5.29,5.31,3619300.0
2018-01-09 14:18:34.517000,5.3,5.29,5.31,3619300.0
2018-01-09 14:18:38.177000,5.3,5.29,5.31,3619300.0
2018-01-09 14:18:41.554000,5.3,5.29,5.31,3619300.0
2018-01-09 14:18:45.312000,5.3,5.29,5.31,3619300.0
2018-01-09 14:18:49.124000,5.3,5.29,5.31,3619300.0
2018-01-09 14:18:52.762000,5.3,5.29,5.31,3619300.0
2018-01-09 14:18:56.317000,5.3,5.29,5.31,3619300.0
2018-01-09 14:18:59.381000,5.3,5.29,5.31,3619300.0
2018-01-09 14:19:03.133000,5.3,5.29,5.31,3619300.0
2018-01-09 14:19:06.516000,5.3,5.29,5.31,3619300.0
2018-01-09 14:19:14.665000,5.3,5.29,5.31,3619300.0
2018-01-09 14:19:18.254000,5.3,5.29,5.31,3619300.0
2018-01-09 14:19:22.243000,5.3,5.29,5.31,3619300.0
2018-01-09 14:19:25.775000,5.3,5.29,5.31,3619300.0
2018-01-09 14:19:29.638000,5.3,5.29,5.31,3619300.0
2018-01-09 14:19:33.220000,5.3,5.29,5.31,3619300.0
2018-01-09 14:19:36.645000,5.3,5.29,5.31,3619300.0
2018-01-09 14:19:39.989000,5.3,5.29,5.31,3619300.0
2018-01-09 14:19:43.586000,5.3,5.29,5.31,3619300.0
2018-01-09 14:19:46.929000,5.3,5.29,5.31,3619300.0
2018-01-09 14:19:50.933000,5.3,5.29,5.31,3619300.0
2018-01-09 14:19:54.893000,5.3,5.29,5.31,3619300.0
2018-01-09 14:19:58.545000,5.3,5.29,5.31,3619300.0
2018-01-09 14:20:02.398000,5.3,5.29,5.31,3619300.0
2018-01-09 14:20:08.484000,5.3,5.29,5.31,3619300.0
2018-01-09 14:20:12.088000,5.3,5.29,5.31,3619300.0
2018-01-09 14:20:18.528000,5.3,5.29,5.31,3619300.0
2018-01-09 14:20:22.854000,5.3,5.29,5.31,3619300.0
2018-01-09 14:20:27.025000,5.3,5.29,5.31,3619300.0
2018-01-09 14:20:30.655000,5.3,5.29,5.31,3619300.0
2018-01-09 14:20:34.131000,5.3,5.29,5.31,3619300.0
2018-01-09 14:20:38.130000,5.3,5.29,5.31,3619300.0
2018-01-09 14:20:42.382000,5.3,5.29,5.31,3619300.0
2018-01-09 14:20:46.372000,5.3,5.29,5.31,3619300.0
2018-01-09 14:20:49.970000,5.3,5.29,5.31,3619300.0
2018-01-09 14:20:53.810000,5.3,5.29,5.31,3619300.0
2018-01-09 14:20:57.374000,5.3,5.29,5.31,3619300.0
2018-01-09 14:21:01.278000,5.3,5.29,5.31,3619300.0
2018-01-09 14:21:05.276000,5.3,5.29,5.31,3619300.0
2018-01-09 14:21:09.381000,5.3,5.29,5.31,3619300.0
2018-01-09 14:21:14.360000,5.3,5.29,5.31,3619300.0
2018-01-09 14:21:18.262000,5.3,5.29,5.31,3619300.0
2018-01-09 14:21:23.104000,5.3,5.29,5.31,3619300.0
2018-01-09 14:21:27.078000,5.3,5.29,5.31,3619300.0
2018-01-09 14:21:30.591000,5.3,5.29,5.31,3619300.0
2018-01-09 14:21:33.631000,5.3,5.29,5.31,3619300.0
2018-01-09 14:21:37.545000,5.3,5.29,5.31,3619300.0
2018-01-09 14:21:41.453000,5.3,5.29,5.31,3619300.0
2018-01-09 14:21:45.532000,5.3,5.29,5.31,3619300.0
2018-01-09 14:21:49.369000,5.3,5.29,5.31,3619300.0
2018-01-09 14:21:53.491000,5.3,5.29,5.31,3619300.0
2018-01-09 14:21:57.256000,5.3,5.29,5.31,3619300.0
2018-01-09 14:22:00.513000,5.3,5.29,5.31,3619300.0
2018-01-09 14:22:06.406000,5.3,5.29,5.31,3619300.0
2018-01-09 14:22:12.861000,5.3,5.29,5.31,3619300.0
2018-01-09 14:22:16.667000,5.3,5.29,5.3,3619300.0
2018-01-09 14:22:20.731000,5.3,5.29,5.3,3619300.0
2018-01-09 14:22:24.088000,5.3,5.29,5.3,3619300.0
2018-01-09 14:22:27.348000,5.3,5.29,5.3,3619300.0
2018-01-09 14:22:31.217000,5.3,5.29,5.3,3619300.0
2018-01-09 14:22:35.465000,5.3,5.29,5.3,3619300.0
2018-01-09 14:22:38.673000,5.3,5.29,5.3,3619300.0
2018-01-09 14:22:42.266000,5.3,5.29,5.3,3619300.0
2018-01-09 14:22:45.617000,5.3,5.29,5.3,3619300.0
2018-01-09 14:22:49.638000,5.3,5.29,5.3,3619300.0
2018-01-09 14:22:53.885000,5.3,5.29,5.3,3619300.0
2018-01-09 14:22:57.837000,5.3,5.29,5.3,3619300.0
2018-01-09 14:23:01.616000,5.3,5.29,5.3,3619300.0
2018-01-09 14:23:05.312000,5.3,5.29,5.3,3619300.0
2018-01-09 14:23:08.724000,5.3,5.29,5.3,3619300.0
2018-01-09 14:23:12.712000,5.3,5.29,5.3,3619300.0
2018-01-09 14:23:17.006000,5.3,5.29,5.3,3619300.0
2018-01-09 14:23:20.733000,5.3,5.29,5.3,3619300.0
2018-01-09 14:23:24.933000,5.3,5.29,5.3,3619300.0
2018-01-09 14:23:28.985000,5.3,5.29,5.3,3619300.0
2018-01-09 14:23:32.631000,5.3,5.29,5.3,3619300.0
2018-01-09 14:23:36.514000,5.3,5.29,5.3,3619300.0
2018-01-09 14:23:40.492000,5.3,5.29,5.3,3619300.0
2018-01-09 14:23:44.399000,5.3,5.29,5.3,3619300.0
2018-01-09 14:23:48.325000,5.3,5.29,5.3,3619300.0
2018-01-09 14:23:52.568000,5.3,5.29,5.3,3619300.0
2018-01-09 14:23:56.682000,5.3,5.29,5.3,3619300.0
2018-01-09 14:23:59.809000,5.3,5.29,5.3,3619300.0
2018-01-09 14:24:03.399000,5.3,5.29,5.3,3619300.0
2018-01-09 14:24:06.820000,5.3,5.29,5.3,3619300.0
2018-01-09 14:24:11.195000,5.3,5.29,5.3,3619300.0
2018-01-09 14:24:17.839000,5.3,5.29,5.3,3619300.0
2018-01-09 14:24:21.403000,5.3,5.29,5.3,3619300.0
2018-01-09 14:24:24.776000,5.3,5.29,5.3,3619300.0
2018-01-09 14:24:27.944000,5.3,5.29,5.3,3619300.0
2018-01-09 14:24:31.135000,5.3,5.29,5.3,3623300.0
2018-01-09 14:24:35.108000,5.3,5.29,5.3,3623300.0
2018-01-09 14:24:39.024000,5.3,5.29,5.3,3623300.0
2018-01-09 14:24:43.150000,5.3,5.29,5.3,3623300.0
2018-01-09 14:24:46.463000,5.3,5.29,5.3,3623300.0
2018-01-09 14:24:50.519000,5.3,5.29,5.3,3623300.0
2018-01-09 14:24:54.364000,5.3,5.29,5.3,3623300.0
2018-01-09 14:24:58.498000,5.3,5.29,5.3,3623300.0
2018-01-09 14:25:02.403000,5.3,5.29,5.3,3623300.0
2018-01-09 14:25:06.274000,5.3,5.29,5.3,3623300.0
2018-01-09 14:25:11.261000,5.3,5.29,5.3,3623300.0
2018-01-09 14:25:18.235000,5.3,5.29,5.3,3623300.0
2018-01-09 14:25:22.015000,5.3,5.29,5.3,3623300.0
2018-01-09 14:25:26.403000,5.3,5.29,5.3,3623300.0
2018-01-09 14:25:29.559000,5.3,5.29,5.3,3623300.0
2018-01-09 14:25:33.780000,5.3,5.29,5.3,3623300.0
2018-01-09 14:25:37.885000,5.3,5.29,5.3,3623300.0
2018-01-09 14:25:41.929000,5.3,5.29,5.3,3623300.0
2018-01-09 14:25:45.805000,5.3,5.29,5.3,3623300.0
2018-01-09 14:25:49.613000,5.3,5.29,5.3,3626300.0
2018-01-09 14:25:53.385000,5.3,5.29,5.3,3626300.0
2018-01-09 14:25:56.978000,5.3,5.29,5.3,3626300.0
2018-01-09 14:26:00.456000,5.3,5.29,5.3,3626300.0
2018-01-09 14:26:04.177000,5.3,5.29,5.3,3626300.0
2018-01-09 14:26:07.780000,5.3,5.29,5.3,3626300.0
2018-01-09 14:26:11.512000,5.3,5.29,5.3,3626300.0
2018-01-09 14:26:15.501000,5.3,5.29,5.3,3626300.0
2018-01-09 14:26:19.370000,5.3,5.29,5.3,3626300.0
2018-01-09 14:26:23.152000,5.3,5.29,5.3,3626300.0
2018-01-09 14:26:26.951000,5.3,5.29,5.3,3626300.0
2018-01-09 14:26:31.202000,5.3,5.29,5.3,3626300.0
2018-01-09 14:26:34.419000,5.3,5.29,5.3,3626300.0
2018-01-09 14:26:38.699000,5.3,5.29,5.3,3626300.0
2018-01-09 14:26:42.770000,5.3,5.29,5.3,3626300.0
2018-01-09 14:26:46.733000,5.3,5.29,5.3,3626300.0
2018-01-09 14:26:50.268000,5.3,5.29,5.3,3626300.0
2018-01-09 14:26:54.171000,5.3,5.29,5.3,3626300.0
2018-01-09 14:26:57.961000,5.3,5.29,5.3,3626300.0
2018-01-09 14:27:01.590000,5.3,5.29,5.3,3626300.0
2018-01-09 14:27:08.836000,5.3,5.29,5.3,3626300.0
2018-01-09 14:27:12.579000,5.3,5.29,5.3,3626300.0
2018-01-09 14:27:16.378000,5.3,5.29,5.3,3626300.0
2018-01-09 14:27:20.474000,5.3,5.29,5.3,3626300.0
2018-01-09 14:27:24.214000,5.3,5.29,5.3,3626300.0
2018-01-09 14:27:27.748000,5.3,5.29,5.3,3626300.0
2018-01-09 14:27:32.279000,5.3,5.29,5.3,3626300.0
2018-01-09 14:27:36.212000,5.3,5.29,5.3,3626300.0
2018-01-09 14:27:40.391000,5.3,5.29,5.3,3626300.0
2018-01-09 14:27:44.521000,5.3,5.29,5.3,3626300.0
2018-01-09 14:27:48.854000,5.3,5.29,5.3,3626300.0
2018-01-09 14:27:52.769000,5.3,5.29,5.3,3626300.0
2018-01-09 14:27:55.948000,5.3,5.29,5.3,3626300.0
2018-01-09 14:27:59.314000,5.3,5.29,5.3,3626300.0
2018-01-09 14:28:02.735000,5.3,5.29,5.3,3626300.0
2018-01-09 14:28:09.156000,5.3,5.29,5.3,3626300.0
2018-01-09 14:28:12.425000,5.3,5.29,5.3,3626300.0
2018-01-09 14:28:19.921000,5.3,5.29,5.3,3626300.0
2018-01-09 14:28:23.583000,5.3,5.29,5.3,3626300.0
2018-01-09 14:28:27.546000,5.3,5.29,5.3,3626300.0
2018-01-09 14:28:31.356000,5.3,5.29,5.3,3626300.0
2018-01-09 14:28:34.850000,5.3,5.29,5.3,3626300.0
2018-01-09 14:28:38.862000,5.3,5.29,5.3,3626300.0
2018-01-09 14:28:43.114000,5.3,5.29,5.3,3626300.0
2018-01-09 14:28:47.248000,5.3,5.29,5.3,3626300.0
2018-01-09 14:28:51.407000,5.3,5.29,5.3,3626300.0
2018-01-09 14:28:55.261000,5.3,5.29,5.3,3626300.0
2018-01-09 14:28:58.999000,5.3,5.29,5.3,3626300.0
2018-01-09 14:29:02.927000,5.3,5.29,5.3,3626300.0
2018-01-09 14:29:06.813000,5.3,5.29,5.3,3626300.0
2018-01-09 14:29:10.264000,5.3,5.29,5.3,3626300.0
2018-01-09 14:29:14.408000,5.3,5.29,5.3,3626300.0
2018-01-09 14:29:17.780000,5.3,5.29,5.3,3626300.0
2018-01-09 14:29:20.651000,5.3,5.29,5.3,3626300.0
2018-01-09 14:29:24.526000,5.3,5.29,5.3,3626300.0
2018-01-09 14:29:27.911000,5.3,5.29,5.3,3626300.0
2018-01-09 14:29:31.290000,5.3,5.29,5.3,3626300.0
2018-01-09 14:29:35.344000,5.3,5.29,5.3,3626300.0
2018-01-09 14:29:38.909000,5.3,5.29,5.3,3626300.0
2018-01-09 14:29:42.814000,5.3,5.29,5.3,3626300.0
2018-01-09 14:29:45.811000,5.3,5.29,5.3,3626300.0
2018-01-09 14:29:49.392000,5.3,5.29,5.3,3626300.0
2018-01-09 14:29:53.392000,5.3,5.29,5.3,3626300.0
2018-01-09 14:29:57.520000,5.3,5.29,5.3,3626300.0
2018-01-09 14:30:01.601000,5.3,5.29,5.3,3626300.0
2018-01-09 14:30:05.486000,5.3,5.29,5.3,3626300.0
2018-01-09 14:30:13.056000,5.3,5.29,5.3,3626300.0
2018-01-09 14:30:16.724000,5.3,5.29,5.3,3626300.0
2018-01-09 14:30:20.845000,5.3,5.29,5.3,3626300.0
2018-01-09 14:30:24.627000,5.3,5.29,5.3,3626300.0
2018-01-09 14:30:28.377000,5.3,5.29,5.3,3626300.0
2018-01-09 14:30:32.770000,5.3,5.29,5.3,3626300.0
2018-01-09 14:30:36.753000,5.3,5.29,5.3,3626300.0
2018-01-09 14:30:40.631000,5.3,5.29,5.3,3626300.0
2018-01-09 14:30:43.813000,5.3,5.29,5.3,3626300.0
2018-01-09 14:30:47.350000,5.3,5.29,5.3,3626300.0
2018-01-09 14:30:51.518000,5.3,5.29,5.3,3626300.0
2018-01-09 14:30:55.114000,5.3,5.29,5.3,3626300.0
2018-01-09 14:30:58.862000,5.3,5.29,5.3,3626300.0
2018-01-09 14:31:02.893000,5.3,5.29,5.3,3626300.0
2018-01-09 14:31:06.487000,5.3,5.29,5.3,3626300.0
2018-01-09 14:31:12.380000,5.3,5.29,5.3,3626300.0
2018-01-09 14:31:16.444000,5.3,5.29,5.3,3626300.0
2018-01-09 14:31:20.361000,5.3,5.29,5.3,3626300.0
2018-01-09 14:31:24.628000,5.3,5.29,5.3,3626300.0
2018-01-09 14:31:27.941000,5.3,5.29,5.3,3626300.0
2018-01-09 14:31:31.437000,5.3,5.29,5.3,3626300.0
2018-01-09 14:31:34.598000,5.3,5.29,5.3,3626300.0
2018-01-09 14:31:38.567000,5.3,5.29,5.3,3626300.0
2018-01-09 14:31:42.309000,5.3,5.29,5.3,3626300.0
2018-01-09 14:31:45.880000,5.29,5.29,5.3,3627700.0
2018-01-09 14:31:48.973000,5.29,5.29,5.3,3627700.0
2018-01-09 14:31:52.569000,5.29,5.29,5.3,3627700.0
2018-01-09 14:31:56.380000,5.29,5.29,5.3,3627700.0
2018-01-09 14:31:59.982000,5.29,5.29,5.3,3627700.0
2018-01-09 14:32:03.910000,5.29,5.29,5.3,3627700.0
2018-01-09 14:32:06.971000,5.29,5.29,5.3,3627700.0
2018-01-09 14:32:12.554000,5.29,5.29,5.3,3627700.0
2018-01-09 14:32:19.181000,5.29,5.29,5.3,3627700.0
2018-01-09 14:32:23.255000,5.29,5.29,5.3,3627700.0
2018-01-09 14:32:26.785000,5.29,5.29,5.3,3627700.0
2018-01-09 14:32:30.786000,5.29,5.29,5.3,3627700.0
2018-01-09 14:32:34.302000,5.29,5.29,5.3,3627700.0
2018-01-09 14:32:38.645000,5.29,5.29,5.3,3627700.0
2018-01-09 14:32:41.958000,5.29,5.29,5.3,3627700.0
2018-01-09 14:32:45.489000,5.29,5.29,5.3,3627700.0
2018-01-09 14:32:49.161000,5.29,5.29,5.3,3627700.0
2018-01-09 14:32:53.216000,5.29,5.29,5.3,3627700.0
2018-01-09 14:32:57.102000,5.29,5.29,5.3,3627700.0
2018-01-09 14:33:00.490000,5.29,5.29,5.3,3627700.0
2018-01-09 14:33:04.848000,5.29,5.29,5.3,3627700.0
2018-01-09 14:33:12.233000,5.29,5.29,5.3,3627700.0
2018-01-09 14:33:15.960000,5.29,5.29,5.3,3627700.0
2018-01-09 14:33:19.511000,5.29,5.29,5.3,3627700.0
2018-01-09 14:33:23.413000,5.29,5.29,5.3,3627700.0
2018-01-09 14:33:26.950000,5.29,5.29,5.3,3627700.0
2018-01-09 14:33:30.667000,5.29,5.29,5.3,3627700.0
2018-01-09 14:33:34.747000,5.29,5.29,5.3,3627700.0
2018-01-09 14:33:38.928000,5.29,5.29,5.3,3627700.0
2018-01-09 14:33:42.431000,5.29,5.29,5.3,3627700.0
2018-01-09 14:33:46.869000,5.29,5.29,5.3,3627700.0
2018-01-09 14:33:50.351000,5.29,5.29,5.3,3627700.0
2018-01-09 14:33:54.135000,5.29,5.29,5.3,3627700.0
2018-01-09 14:33:57.443000,5.29,5.29,5.3,3627700.0
2018-01-09 14:34:00.945000,5.29,5.29,5.3,3627700.0
2018-01-09 14:34:08.710000,5.29,5.29,5.3,3627700.0
2018-01-09 14:34:12.962000,5.29,5.29,5.3,3627700.0
2018-01-09 14:34:20.507000,5.29,5.29,5.3,3627700.0
2018-01-09 14:34:23.679000,5.29,5.29,5.3,3627700.0
2018-01-09 14:34:27.045000,5.29,5.29,5.3,3627700.0
2018-01-09 14:34:30.386000,5.29,5.29,5.3,3627700.0
2018-01-09 14:34:33.781000,5.29,5.29,5.3,3627700.0
2018-01-09 14:34:37.698000,5.29,5.29,5.3,3627700.0
2018-01-09 14:34:41.039000,5.29,5.29,5.3,3627700.0
2018-01-09 14:34:45.242000,5.29,5.29,5.3,3627700.0
2018-01-09 14:34:48.637000,5.29,5.29,5.3,3627700.0
2018-01-09 14:34:52.680000,5.29,5.29,5.3,3627700.0
2018-01-09 14:34:56.727000,5.29,5.29,5.3,3627700.0
2018-01-09 14:35:00.690000,5.29,5.29,5.3,3627700.0
2018-01-09 14:35:04.652000,5.29,5.29,5.3,3627700.0
2018-01-09 14:35:08.259000,5.29,5.29,5.3,3627700.0
2018-01-09 14:35:11.887000,5.29,5.29,5.3,3627700.0
2018-01-09 14:35:19.172000,5.29,5.29,5.3,3627700.0
2018-01-09 14:35:22.660000,5.29,5.29,5.3,3627700.0
2018-01-09 14:35:26.165000,5.29,5.29,5.3,3627700.0
2018-01-09 14:35:29.870000,5.29,5.29,5.3,3627700.0
2018-01-09 14:35:33.922000,5.29,5.29,5.3,3627700.0
2018-01-09 14:35:36.932000,5.29,5.29,5.3,3627700.0
2018-01-09 14:35:40.525000,5.29,5.29,5.3,3627700.0
2018-01-09 14:35:44.165000,5.29,5.29,5.3,3627700.0
2018-01-09 14:35:48.125000,5.29,5.29,5.3,3627700.0
2018-01-09 14:35:51.743000,5.29,5.29,5.3,3627700.0
2018-01-09 14:35:55.463000,5.29,5.29,5.3,3627700.0
2018-01-09 14:35:59.525000,5.29,5.29,5.3,3627700.0
2018-01-09 14:36:03.338000,5.29,5.29,5.3,3627700.0
2018-01-09 14:36:06.995000,5.29,5.29,5.3,3627700.0
2018-01-09 14:36:13.774000,5.29,5.29,5.3,3627700.0
2018-01-09 14:36:17.759000,5.29,5.29,5.3,3627700.0
2018-01-09 14:36:21.635000,5.29,5.29,5.3,3627700.0
2018-01-09 14:36:25.261000,5.29,5.29,5.3,3627700.0
2018-01-09 14:36:29.495000,5.29,5.29,5.3,3627700.0
2018-01-09 14:36:33.562000,5.29,5.29,5.3,3627700.0
2018-01-09 14:36:37.343000,5.29,5.29,5.3,3627700.0
2018-01-09 14:36:40.855000,5.29,5.29,5.3,3627700.0
2018-01-09 14:36:44.376000,5.29,5.29,5.3,3627700.0
2018-01-09 14:36:48.625000,5.29,5.29,5.3,3627700.0
2018-01-09 14:36:52.074000,5.29,5.29,5.3,3627700.0
2018-01-09 14:36:56.152000,5.29,5.29,5.3,3627700.0
2018-01-09 14:36:59.605000,5.29,5.29,5.3,3627700.0
2018-01-09 14:37:03.139000,5.29,5.29,5.3,3627700.0
2018-01-09 14:37:10.074000,5.29,5.29,5.3,3627700.0
2018-01-09 14:37:16.037000,5.29,5.29,5.3,3627700.0
2018-01-09 14:37:20.112000,5.29,5.29,5.3,3627700.0
2018-01-09 14:37:24.377000,5.29,5.29,5.3,3627700.0
2018-01-09 14:37:28.701000,5.29,5.29,5.3,3627700.0
2018-01-09 14:37:31.820000,5.29,5.29,5.3,3627700.0
2018-01-09 14:37:35.940000,5.29,5.29,5.3,3627700.0
2018-01-09 14:37:39.381000,5.29,5.29,5.3,3627700.0
2018-01-09 14:37:43.546000,5.29,5.29,5.3,3627700.0
2018-01-09 14:37:47.143000,5.29,5.29,5.3,3627700.0
2018-01-09 14:37:51.263000,5.29,5.29,5.3,3627700.0
2018-01-09 14:37:55.077000,5.29,5.29,5.3,3627700.0
2018-01-09 14:37:59.785000,5.29,5.29,5.3,3627700.0
2018-01-09 14:38:03.436000,5.29,5.29,5.3,3627700.0
2018-01-09 14:38:07.157000,5.29,5.29,5.3,3627700.0
2018-01-09 14:38:10.841000,5.29,5.29,5.3,3627700.0
2018-01-09 14:38:15.355000,5.29,5.29,5.3,3627700.0
2018-01-09 14:38:19.357000,5.29,5.29,5.3,3627700.0
2018-01-09 14:38:23.626000,5.29,5.29,5.3,3627700.0
2018-01-09 14:38:28.189000,5.29,5.29,5.3,3627700.0
2018-01-09 14:38:31.894000,5.29,5.29,5.3,3627700.0
2018-01-09 14:38:36.623000,5.29,5.29,5.3,3627700.0
2018-01-09 14:38:39.733000,5.29,5.29,5.3,3627700.0
2018-01-09 14:38:43.563000,5.29,5.29,5.3,3627700.0
2018-01-09 14:38:47.669000,5.29,5.29,5.3,3627700.0
2018-01-09 14:38:51.798000,5.29,5.29,5.3,3627700.0
2018-01-09 14:38:55.749000,5.29,5.29,5.3,3627700.0
2018-01-09 14:38:59.624000,5.29,5.29,5.3,3627700.0
2018-01-09 14:39:03.314000,5.29,5.29,5.3,3627700.0
2018-01-09 14:39:08.642000,5.29,5.29,5.3,3627700.0
2018-01-09 14:39:12.154000,5.29,5.29,5.3,3627700.0
2018-01-09 14:39:15.812000,5.29,5.29,5.3,3627700.0
2018-01-09 14:39:19.390000,5.29,5.29,5.3,3627700.0
2018-01-09 14:39:23.738000,5.29,5.29,5.3,3627700.0
2018-01-09 14:39:27.835000,5.29,5.29,5.3,3627700.0
2018-01-09 14:39:31.815000,5.29,5.29,5.3,3627700.0
2018-01-09 14:39:35.462000,5.29,5.29,5.3,3627700.0
2018-01-09 14:39:39.094000,5.29,5.29,5.3,3627700.0
2018-01-09 14:39:42.945000,5.29,5.29,5.3,3627700.0
2018-01-09 14:39:47.162000,5.29,5.29,5.3,3627700.0
2018-01-09 14:39:50.565000,5.29,5.29,5.3,3627700.0
2018-01-09 14:39:53.755000,5.29,5.29,5.3,3627700.0
2018-01-09 14:39:57.376000,5.29,5.29,5.3,3627700.0
2018-01-09 14:40:00.721000,5.29,5.29,5.3,3627700.0
2018-01-09 14:40:05.603000,5.29,5.29,5.3,3627700.0
2018-01-09 14:40:10.646000,5.29,5.29,5.3,3627700.0
2018-01-09 14:40:14.922000,5.29,5.29,5.3,3627700.0
2018-01-09 14:40:18.596000,5.29,5.29,5.3,3627700.0
2018-01-09 14:40:22.782000,5.29,5.29,5.3,3627700.0
2018-01-09 14:40:26.314000,5.29,5.29,5.3,3627700.0
2018-01-09 14:40:29.510000,5.29,5.29,5.3,3627700.0
2018-01-09 14:40:32.987000,5.29,5.29,5.3,3627700.0
2018-01-09 14:40:36.376000,5.29,5.29,5.3,3627700.0
2018-01-09 14:40:40.001000,5.29,5.29,5.3,3627700.0
2018-01-09 14:40:43.775000,5.29,5.29,5.3,3627700.0
2018-01-09 14:40:47.277000,5.29,5.29,5.3,3627700.0
2018-01-09 14:40:50.520000,5.29,5.29,5.3,3627700.0
2018-01-09 14:40:54.080000,5.29,5.29,5.3,3627700.0
2018-01-09 14:40:58.209000,5.29,5.29,5.3,3627700.0
2018-01-09 14:41:01.332000,5.29,5.29,5.3,3627700.0
2018-01-09 14:41:05.192000,5.29,5.29,5.3,3627700.0
2018-01-09 14:41:09.002000,5.29,5.29,5.3,3627700.0
2018-01-09 14:41:11.893000,5.29,5.29,5.3,3627700.0
2018-01-09 14:41:18.679000,5.29,5.29,5.3,3627700.0
2018-01-09 14:41:22.098000,5.29,5.29,5.3,3627700.0
2018-01-09 14:41:26.005000,5.29,5.29,5.3,3627700.0
2018-01-09 14:41:29.738000,5.29,5.29,5.3,3627700.0
2018-01-09 14:41:33.693000,5.29,5.29,5.3,3627700.0
2018-01-09 14:41:37.050000,5.29,5.29,5.3,3627700.0
2018-01-09 14:41:41.066000,5.29,5.29,5.3,3627700.0
2018-01-09 14:41:44.477000,5.29,5.29,5.3,3627700.0
2018-01-09 14:41:48.373000,5.29,5.29,5.3,3627700.0
2018-01-09 14:41:51.942000,5.29,5.29,5.3,3627700.0
2018-01-09 14:41:56.016000,5.29,5.29,5.3,3627700.0
2018-01-09 14:41:59.879000,5.3,5.29,5.3,3632700.0
2018-01-09 14:42:03.522000,5.3,5.29,5.3,3632700.0
2018-01-09 14:42:07.367000,5.3,5.29,5.3,3632700.0
2018-01-09 14:42:10.791000,5.3,5.29,5.3,3632700.0
2018-01-09 14:42:14.113000,5.3,5.29,5.3,3632700.0
2018-01-09 14:42:18.248000,5.3,5.29,5.3,3632700.0
2018-01-09 14:42:22.301000,5.3,5.29,5.3,3632700.0
2018-01-09 14:42:26.274000,5.3,5.29,5.3,3632700.0
2018-01-09 14:42:30.395000,5.3,5.29,5.3,3632700.0
2018-01-09 14:42:34.760000,5.3,5.29,5.3,3632700.0
2018-01-09 14:42:38.896000,5.3,5.29,5.3,3632700.0
2018-01-09 14:42:42.433000,5.3,5.29,5.3,3632700.0
2018-01-09 14:42:46.116000,5.3,5.29,5.3,3632700.0
2018-01-09 14:42:52.164000,5.3,5.29,5.3,3632700.0
2018-01-09 14:42:55.864000,5.3,5.29,5.3,3632700.0
2018-01-09 14:42:59.219000,5.3,5.29,5.3,3632700.0
2018-01-09 14:43:03.184000,5.3,5.29,5.3,3632700.0
2018-01-09 14:43:07.021000,5.3,5.29,5.3,3632700.0
2018-01-09 14:43:10.349000,5.3,5.29,5.3,3632700.0
2018-01-09 14:43:13.900000,5.3,5.29,5.3,3632700.0
2018-01-09 14:43:18.178000,5.3,5.29,5.3,3632700.0
2018-01-09 14:43:22.350000,5.3,5.29,5.3,3632700.0
2018-01-09 14:43:26.037000,5.3,5.29,5.3,3632700.0
2018-01-09 14:43:30.475000,5.3,5.29,5.3,3632700.0
2018-01-09 14:43:33.571000,5.3,5.29,5.3,3632700.0
2018-01-09 14:43:37.834000,5.3,5.29,5.3,3632700.0
2018-01-09 14:43:41.647000,5.3,5.29,5.3,3632700.0
2018-01-09 14:43:45.288000,5.3,5.29,5.3,3632700.0
2018-01-09 14:43:48.698000,5.3,5.29,5.3,3632700.0
2018-01-09 14:43:52.429000,5.3,5.29,5.3,3632700.0
2018-01-09 14:43:55.808000,5.3,5.29,5.3,3632700.0
2018-01-09 14:43:59.668000,5.3,5.29,5.3,3632700.0
2018-01-09 14:44:03.240000,5.3,5.29,5.3,3632700.0
2018-01-09 14:44:07.648000,5.3,5.29,5.3,3642700.0
2018-01-09 14:44:13.179000,5.3,5.29,5.3,3642700.0
2018-01-09 14:44:16.649000,5.3,5.29,5.3,3642700.0
2018-01-09 14:44:19.837000,5.3,5.29,5.3,3642700.0
2018-01-09 14:44:23.312000,5.3,5.29,5.3,3642700.0
2018-01-09 14:44:26.882000,5.3,5.29,5.3,3642700.0
2018-01-09 14:44:30.304000,5.3,5.29,5.3,3642700.0
2018-01-09 14:44:34.227000,5.3,5.29,5.3,3642700.0
2018-01-09 14:44:37.867000,5.3,5.29,5.3,3642700.0
2018-01-09 14:44:41.373000,5.3,5.29,5.3,3642700.0
2018-01-09 14:44:44.977000,5.3,5.29,5.3,3642700.0
2018-01-09 14:44:48.993000,5.3,5.29,5.3,3642700.0
2018-01-09 14:44:52.614000,5.3,5.29,5.3,3642700.0
2018-01-09 14:44:56.464000,5.3,5.29,5.3,3642700.0
2018-01-09 14:45:00.649000,5.3,5.29,5.3,3642700.0
2018-01-09 14:45:04.777000,5.3,5.29,5.3,3642700.0
2018-01-09 14:45:09.852000,5.3,5.29,5.3,3642700.0
2018-01-09 14:45:13.574000,5.3,5.29,5.3,3642700.0
2018-01-09 14:45:20.379000,5.3,5.29,5.3,3642700.0
2018-01-09 14:45:24.390000,5.3,5.29,5.3,3642700.0
2018-01-09 14:45:27.852000,5.3,5.29,5.3,3642700.0
2018-01-09 14:45:31.981000,5.3,5.29,5.3,3642700.0
2018-01-09 14:45:36.884000,5.3,5.29,5.3,3642700.0
2018-01-09 14:45:40.868000,5.3,5.29,5.3,3642700.0
2018-01-09 14:45:44.884000,5.3,5.29,5.3,3642700.0
2018-01-09 14:45:48.213000,5.3,5.29,5.3,3642700.0
2018-01-09 14:45:51.453000,5.3,5.29,5.3,3642700.0
2018-01-09 14:45:55.806000,5.3,5.29,5.3,3642700.0
2018-01-09 14:45:59.479000,5.3,5.29,5.3,3642700.0
2018-01-09 14:46:02.910000,5.3,5.29,5.3,3642700.0
2018-01-09 14:46:10.092000,5.3,5.29,5.3,3642700.0
2018-01-09 14:46:13.472000,5.3,5.29,5.3,3642700.0
2018-01-09 14:46:20.784000,5.3,5.29,5.3,3642700.0
2018-01-09 14:46:25.100000,5.3,5.29,5.3,3642700.0
2018-01-09 14:46:28.684000,5.3,5.29,5.3,3642700.0
2018-01-09 14:46:32.725000,5.3,5.29,5.3,3642700.0
2018-01-09 14:46:36.744000,5.3,5.29,5.3,3642700.0
2018-01-09 14:46:40.606000,,,,
2018-01-09 14:46:44.159000,5.3,5.29,5.3,3642700.0
2018-01-09 14:46:53.324000,5.3,5.29,5.3,3642700.0
2018-01-09 14:47:00.656000,5.3,5.29,5.3,3642700.0
2018-01-09 14:47:08.155000,5.3,5.29,5.3,3642700.0
2018-01-09 14:47:16.907000,5.3,5.29,5.3,3642800.0
2018-01-09 14:47:26.765000,5.3,5.29,5.3,3642800.0
2018-01-09 14:47:36.919000,5.3,5.29,5.3,3642800.0
2018-01-09 14:47:54.345000,5.3,5.29,5.3,3642800.0
2018-01-09 14:48:09.919000,5.3,5.29,5.3,3642800.0
2018-01-09 14:48:24.700000,5.3,5.29,5.3,3642800.0
2018-01-09 14:48:28.326000,5.3,5.29,5.3,3642800.0
2018-01-09 14:48:32.455000,5.3,5.29,5.3,3642800.0
2018-01-09 14:48:36.155000,5.3,5.29,5.3,3642800.0
2018-01-09 14:48:40.217000,5.3,5.29,5.3,3642800.0
2018-01-09 14:48:44.285000,5.3,5.29,5.3,3642800.0
2018-01-09 14:48:48.162000,5.3,5.29,5.3,3642800.0
2018-01-09 14:48:51.988000,5.3,5.29,5.3,3642800.0
2018-01-09 14:48:56.249000,5.3,5.29,5.3,3642800.0
2018-01-09 14:49:00.412000,5.3,5.29,5.3,3642800.0
2018-01-09 14:49:03.754000,5.3,5.29,5.3,3642800.0
2018-01-09 14:49:08.249000,5.3,5.29,5.3,3642800.0
2018-01-09 14:49:12.296000,5.3,5.29,5.3,3642800.0
2018-01-09 14:49:18.837000,5.3,5.29,5.3,3642800.0
2018-01-09 14:49:22.157000,5.3,5.29,5.3,3642800.0
2018-01-09 14:49:25.767000,5.3,5.29,5.3,3642800.0
2018-01-09 14:49:28.857000,5.3,5.29,5.3,3642800.0
2018-01-09 14:49:32.578000,5.3,5.29,5.3,3642800.0
2018-01-09 14:49:36.600000,5.3,5.29,5.3,3642800.0
2018-01-09 14:49:40.032000,5.3,5.29,5.3,3642800.0
2018-01-09 14:49:43.587000,5.3,5.29,5.3,3642800.0
2018-01-09 14:49:47.125000,5.3,5.29,5.3,3642800.0
2018-01-09 14:49:51.035000,5.3,5.29,5.3,3642800.0
2018-01-09 14:49:54.629000,5.3,5.29,5.3,3642800.0
2018-01-09 14:49:58.266000,5.3,5.29,5.3,3642800.0
2018-01-09 14:50:01.605000,5.3,5.29,5.3,3642800.0
2018-01-09 14:50:07.376000,5.3,5.29,5.3,3642800.0
2018-01-09 14:50:10.751000,5.3,5.29,5.3,3642800.0
2018-01-09 14:50:18.329000,5.3,5.29,5.3,3642800.0
2018-01-09 14:50:21.546000,5.3,5.29,5.3,3642800.0
2018-01-09 14:50:26.048000,5.3,5.29,5.3,3642800.0
2018-01-09 14:50:30.064000,5.3,5.29,5.3,3642800.0
2018-01-09 14:50:34.144000,5.3,5.29,5.3,3642800.0
2018-01-09 14:50:38.101000,5.3,5.29,5.3,3642800.0
2018-01-09 14:50:41.767000,5.3,5.29,5.3,3642800.0
2018-01-09 14:50:45.517000,5.3,5.29,5.3,3652800.0
2018-01-09 14:50:49.536000,5.3,5.29,5.3,3652800.0
2018-01-09 14:50:53.599000,5.3,5.29,5.3,3652800.0
2018-01-09 14:50:57.111000,5.3,5.29,5.3,3652800.0
2018-01-09 14:51:01.132000,5.3,5.29,5.3,3652800.0
2018-01-09 14:51:05.039000,5.3,5.29,5.3,3652800.0
2018-01-09 14:51:08.332000,5.3,5.29,5.3,3652800.0
2018-01-09 14:51:12.522000,5.3,5.29,5.3,3652800.0
2018-01-09 14:51:19.177000,5.3,5.29,5.3,3652800.0
2018-01-09 14:51:22.550000,5.3,5.29,5.3,3652800.0
2018-01-09 14:51:26.472000,5.3,5.29,5.3,3652800.0
2018-01-09 14:51:30.348000,5.3,5.29,5.3,3652800.0
2018-01-09 14:51:34.208000,5.3,5.29,5.3,3652800.0
2018-01-09 14:51:38.081000,5.3,5.29,5.3,3654800.0
2018-01-09 14:51:42.144000,5.3,5.29,5.3,3654800.0
2018-01-09 14:51:46.332000,5.3,5.29,5.3,3654800.0
2018-01-09 14:51:50.270000,5.3,5.29,5.3,3654800.0
2018-01-09 14:51:54.209000,5.3,5.29,5.3,3654800.0
2018-01-09 14:51:58.036000,5.3,5.29,5.3,3654800.0
2018-01-09 14:52:01.522000,5.3,5.29,5.3,3654800.0
2018-01-09 14:52:05.037000,5.3,5.29,5.3,3654800.0
2018-01-09 14:52:08.278000,5.3,5.29,5.3,3654800.0
2018-01-09 14:52:11.659000,5.3,5.29,5.3,3654800.0
2018-01-09 14:52:15.557000,5.3,5.29,5.3,3654800.0
2018-01-09 14:52:19.272000,5.3,5.29,5.3,3654800.0
2018-01-09 14:52:23.367000,5.3,5.29,5.3,3654800.0
2018-01-09 14:52:26.601000,5.3,5.29,5.3,3654800.0
2018-01-09 14:52:30.333000,5.3,5.29,5.3,3654800.0
2018-01-09 14:52:34.321000,5.3,5.29,5.3,3654800.0
2018-01-09 14:52:38.440000,5.3,5.29,5.3,3654800.0
2018-01-09 14:52:42.559000,5.3,5.29,5.3,3654800.0
2018-01-09 14:52:46.430000,5.3,5.29,5.3,3654800.0
2018-01-09 14:52:50.431000,5.3,5.29,5.3,3654800.0
2018-01-09 14:52:54.134000,5.3,5.29,5.3,3654800.0
2018-01-09 14:52:58.040000,5.3,5.29,5.3,3654800.0
2018-01-09 14:53:01.633000,5.3,5.29,5.3,3654800.0
2018-01-09 14:53:10.256000,5.3,5.29,5.3,3654800.0
2018-01-09 14:53:15.263000,5.3,5.29,5.3,3654800.0
2018-01-09 14:53:19.431000,5.3,5.29,5.3,3654800.0
2018-01-09 14:53:23.156000,5.3,5.29,5.3,3654800.0
2018-01-09 14:53:26.993000,5.3,5.29,5.3,3654800.0
2018-01-09 14:53:30.976000,5.3,5.29,5.3,3654800.0
2018-01-09 14:53:35.153000,5.3,5.29,5.3,3654800.0
2018-01-09 14:53:39.338000,5.3,5.29,5.3,3654800.0
2018-01-09 14:53:43.726000,5.3,5.29,5.3,3654800.0
2018-01-09 14:53:47.600000,5.3,5.29,5.3,3654800.0
2018-01-09 14:53:51.366000,5.3,5.29,5.3,3654800.0
2018-01-09 14:53:55.465000,5.3,5.29,5.3,3654800.0
2018-01-09 14:53:59.083000,5.3,5.29,5.3,3654800.0
2018-01-09 14:54:02.879000,5.3,5.29,5.3,3654800.0
2018-01-09 14:54:06.923000,5.3,5.29,5.3,3654800.0
2018-01-09 14:54:10.605000,5.3,5.29,5.3,3654800.0
2018-01-09 14:54:14.464000,5.3,5.29,5.3,3654800.0
2018-01-09 14:54:22.195000,5.3,5.29,5.3,3654800.0
2018-01-09 14:54:25.525000,5.3,5.29,5.3,3654800.0
2018-01-09 14:54:28.773000,5.3,5.29,5.3,3654800.0
2018-01-09 14:54:32.826000,5.3,5.29,5.3,3654800.0
2018-01-09 14:54:36.819000,5.3,5.29,5.3,3654800.0
2018-01-09 14:54:40.185000,5.3,5.29,5.3,3654800.0
2018-01-09 14:54:43.664000,5.3,5.29,5.3,3654800.0
2018-01-09 14:54:47.152000,5.3,5.29,5.3,3654800.0
2018-01-09 14:54:50.750000,5.3,5.29,5.3,3654800.0
2018-01-09 14:54:54.383000,5.3,5.29,5.3,3654800.0
2018-01-09 14:54:57.899000,5.3,5.29,5.3,3654800.0
2018-01-09 14:55:02.042000,5.3,5.29,5.3,3654800.0
2018-01-09 14:55:05.959000,5.3,5.29,5.3,3654800.0
2018-01-09 14:55:14.459000,5.3,5.29,5.3,3654800.0
2018-01-09 14:55:18.541000,5.3,5.29,5.3,3654800.0
2018-01-09 14:55:22.703000,5.3,5.29,5.3,3654800.0
2018-01-09 14:55:26.371000,5.3,5.29,5.3,3654800.0
2018-01-09 14:55:30.150000,5.3,5.29,5.3,3654800.0
2018-01-09 14:55:34.103000,5.3,5.29,5.3,3654800.0
2018-01-09 14:55:37.986000,5.3,5.29,5.3,3654800.0
2018-01-09 14:55:42.338000,5.3,5.29,5.3,3654800.0
2018-01-09 14:55:45.763000,5.3,5.29,5.3,3654800.0
2018-01-09 14:55:49.899000,5.3,5.29,5.3,3654800.0
2018-01-09 14:55:53.859000,5.3,5.29,5.3,3654800.0
2018-01-09 14:55:57.639000,5.3,5.29,5.3,3654800.0
2018-01-09 14:56:01.261000,5.3,5.29,5.3,3654800.0
2018-01-09 14:56:04.540000,5.3,5.29,5.3,3654800.0
2018-01-09 14:56:11.167000,5.3,5.29,5.3,3654800.0
2018-01-09 14:56:15.464000,5.3,5.29,5.3,3654800.0
2018-01-09 14:56:19.582000,5.3,5.29,5.3,3654800.0
2018-01-09 14:56:23.083000,5.3,5.29,5.3,3654800.0
2018-01-09 14:56:26.542000,5.3,5.29,5.3,3654800.0
2018-01-09 14:56:30.621000,5.3,5.29,5.3,3654800.0
2018-01-09 14:56:34.671000,5.3,5.29,5.3,3654800.0
2018-01-09 14:56:38.810000,5.3,5.29,5.3,3654800.0
2018-01-09 14:56:42.683000,5.3,5.29,5.3,3654800.0
2018-01-09 14:56:46.454000,5.3,5.29,5.3,3654800.0
2018-01-09 14:56:49.933000,5.3,5.29,5.3,3654800.0
2018-01-09 14:56:53.855000,5.3,5.29,5.3,3654800.0
2018-01-09 14:56:57.817000,5.3,5.29,5.3,3654800.0
2018-01-09 14:57:01.622000,5.3,5.29,5.3,3654800.0
2018-01-09 14:57:05.907000,5.3,5.29,5.3,3654800.0
2018-01-09 14:57:13.368000,5.3,5.29,5.3,3654800.0
2018-01-09 14:57:17.450000,5.3,5.29,5.3,3654800.0
2018-01-09 14:57:21.078000,5.3,5.29,5.3,3654800.0
2018-01-09 14:57:24.565000,5.3,5.29,5.3,3654800.0
2018-01-09 14:57:28.216000,5.3,5.29,5.3,3654800.0
2018-01-09 14:57:32.116000,5.3,5.29,5.3,3654800.0
2018-01-09 14:57:36.513000,5.3,5.29,5.3,3654800.0
2018-01-09 14:57:39.986000,5.3,5.29,5.3,3654800.0
2018-01-09 14:57:44.118000,5.3,5.29,5.3,3654800.0
2018-01-09 14:57:48.341000,5.29,5.29,5.3,3684800.0
2018-01-09 14:57:52.123000,5.29,5.29,5.3,3684800.0
2018-01-09 14:57:55.544000,5.29,5.29,5.3,3684800.0
2018-01-09 14:57:59.508000,5.29,5.29,5.3,3684800.0
2018-01-09 14:58:04.169000,5.29,5.29,5.3,3684800.0
2018-01-09 14:58:07.217000,5.29,5.29,5.3,3684800.0
2018-01-09 14:58:11.064000,5.29,5.29,5.3,3684800.0
2018-01-09 14:58:17.733000,5.29,5.29,5.3,3684800.0
2018-01-09 14:58:21.438000,5.29,5.28,5.3,3781000.0
2018-01-09 14:58:25.670000,5.29,5.28,5.3,3781000.0
2018-01-09 14:58:29.608000,5.29,5.28,5.3,3781000.0
2018-01-09 14:58:33.364000,5.29,5.28,5.3,3781000.0
2018-01-09 14:58:36.888000,5.29,5.28,5.3,3781000.0
2018-01-09 14:58:40.952000,5.29,5.28,5.3,3781000.0
2018-01-09 14:58:44.686000,5.29,5.28,5.3,3781000.0
2018-01-09 14:58:48.143000,5.29,5.28,5.3,3781000.0
2018-01-09 14:58:52.218000,5.29,5.28,5.3,3781000.0
2018-01-09 14:58:56.421000,5.29,5.28,5.3,3781000.0
2018-01-09 14:59:00.443000,5.29,5.28,5.3,3781000.0
2018-01-09 14:59:04.548000,5.29,5.28,5.3,3781000.0
2018-01-09 14:59:12.651000,5.29,5.28,5.3,3781000.0
2018-01-09 14:59:16.904000,5.29,5.28,5.3,3781000.0
2018-01-09 14:59:21.141000,5.29,5.28,5.3,3781000.0
2018-01-09 14:59:25.218000,5.29,5.28,5.3,3781000.0
2018-01-09 14:59:29.485000,5.29,5.28,5.3,3781000.0
2018-01-09 14:59:33.531000,5.29,5.28,5.3,3781000.0
2018-01-09 14:59:37.457000,5.29,5.28,5.3,3781000.0
2018-01-09 14:59:41.406000,5.29,5.28,5.3,3781000.0
2018-01-09 14:59:45.535000,5.29,5.28,5.3,3781000.0
2018-01-09 14:59:49.271000,5.29,5.28,5.3,3781000.0
2018-01-09 14:59:52.907000,5.29,5.28,5.3,3781000.0
2018-01-09 14:59:56.365000,5.29,5.28,5.3,3781000.0
2018-01-09 15:00:00.145000,5.29,5.28,5.3,3781000.0
2018-01-09 15:00:04.404000,5.29,5.28,5.3,3781000.0
2018-01-09 15:00:09.313000,5.29,5.28,5.3,3781000.0
2018-01-09 15:00:12.829000,5.29,5.28,5.3,3781000.0
2018-01-09 15:00:17.328000,5.29,5.28,5.3,3781000.0
2018-01-09 15:00:23.777000,5.29,5.28,5.3,3781000.0
2018-01-09 15:00:27.221000,5.29,5.28,5.3,3781000.0
2018-01-09 15:00:30.738000,5.29,5.28,5.3,3781000.0
2018-01-09 15:00:34.733000,5.29,5.28,5.3,3781000.0
2018-01-09 15:00:38.954000,5.29,5.28,5.3,3781000.0
2018-01-09 15:00:42.423000,5.29,5.28,5.3,3781000.0
2018-01-09 15:00:46.561000,5.29,5.28,5.3,3781000.0
2018-01-09 15:00:50.599000,5.29,5.28,5.3,3781000.0
2018-01-09 15:00:55.065000,5.29,5.28,5.3,3781000.0
2018-01-09 15:00:58.894000,5.29,5.28,5.3,3781000.0
2018-01-09 15:01:02.664000,5.29,5.28,5.3,3781000.0
2018-01-09 15:01:08.049000,5.29,5.28,5.3,3781000.0
2018-01-09 15:01:11.989000,5.29,5.28,5.3,3781000.0
2018-01-09 15:01:15.747000,5.29,5.28,5.3,3781000.0
2018-01-09 15:01:19.861000,5.29,5.28,5.3,3781000.0
2018-01-09 15:01:23.806000,5.29,5.28,5.3,3781000.0
2018-01-09 15:01:27.786000,5.29,5.28,5.3,3781000.0
2018-01-09 15:01:31.655000,5.29,5.28,5.3,3781000.0
2018-01-09 15:01:35.598000,5.29,5.28,5.3,3781000.0
2018-01-09 15:01:39.565000,5.29,5.28,5.3,3781000.0
2018-01-09 15:01:42.925000,5.29,5.28,5.3,3781000.0
2018-01-09 15:01:46.251000,5.29,5.28,5.3,3781000.0
2018-01-09 15:01:49.881000,5.29,5.28,5.3,3781000.0
2018-01-09 15:01:53.473000,5.29,5.28,5.3,3781000.0
2018-01-09 15:01:57.207000,5.29,5.28,5.3,3781000.0
2018-01-09 15:02:01.301000,5.29,5.28,5.3,3781000.0
2018-01-09 15:02:05.273000,5.29,5.28,5.3,3781000.0
2018-01-09 15:02:09.726000,5.29,5.28,5.3,3781000.0
2018-01-09 15:02:14.423000,5.29,5.28,5.3,3781000.0
2018-01-09 15:02:20.638000,5.29,5.28,5.3,3781000.0
2018-01-09 15:02:24.759000,5.29,5.28,5.3,3781000.0
2018-01-09 15:02:28.646000,5.29,5.28,5.3,3781000.0
2018-01-09 15:02:32.412000,5.29,5.28,5.3,3781000.0
2018-01-09 15:02:36.533000,5.29,5.28,5.3,3781000.0
2018-01-09 15:02:40.601000,5.29,5.28,5.29,3868000.0
2018-01-09 15:02:44.414000,5.29,5.28,5.29,3868000.0
2018-01-09 15:02:48.426000,5.29,5.28,5.29,3868000.0
2018-01-09 15:02:52.661000,5.29,5.28,5.29,3868000.0
2018-01-09 15:02:56.115000,5.29,5.28,5.29,3868000.0
2018-01-09 15:03:00.759000,5.29,5.28,5.29,3868000.0
2018-01-09 15:03:04.210000,5.29,5.28,5.3,3868000.0
2018-01-09 15:03:12.102000,5.29,5.28,5.3,3868000.0
2018-01-09 15:03:16.180000,5.29,5.28,5.3,3868000.0
2018-01-09 15:03:20.556000,5.29,5.28,5.3,3868000.0
2018-01-09 15:03:24.115000,5.29,5.28,5.3,3868000.0
2018-01-09 15:03:27.759000,5.29,5.28,5.3,3868000.0
2018-01-09 15:03:31.500000,5.29,5.28,5.3,3868000.0
2018-01-09 15:03:35.617000,5.29,5.28,5.3,3868000.0
2018-01-09 15:03:39.272000,5.29,5.28,5.3,3868000.0
2018-01-09 15:03:43.756000,5.29,5.28,5.3,3868000.0
2018-01-09 15:03:47.281000,5.29,5.28,5.3,3868000.0
2018-01-09 15:03:51.428000,5.29,5.28,5.3,3868000.0
2018-01-09 15:03:55.556000,5.29,5.28,5.3,3868000.0
2018-01-09 15:03:59.821000,5.29,5.28,5.3,3868000.0
2018-01-09 15:04:03.648000,5.29,5.28,5.3,3868000.0
2018-01-09 15:04:07.041000,5.29,5.28,5.3,3868000.0
2018-01-09 15:04:10.913000,5.29,5.28,5.3,3868000.0
2018-01-09 15:04:16.462000,5.29,5.28,5.3,3868000.0
2018-01-09 15:04:20.308000,5.29,5.28,5.3,3868000.0
2018-01-09 15:04:23.773000,5.29,5.28,5.3,3868000.0
2018-01-09 15:04:27.867000,5.29,5.28,5.3,3868000.0
2018-01-09 15:04:31.493000,5.29,5.28,5.3,3868000.0
2018-01-09 15:04:35.627000,5.29,5.28,5.3,3868000.0
2018-01-09 15:04:39.720000,5.29,5.28,5.3,3868000.0
2018-01-09 15:04:44.148000,5.29,5.28,5.3,3868000.0
2018-01-09 15:04:47.651000,5.29,5.28,5.3,3868000.0
2018-01-09 15:04:50.730000,5.29,5.28,5.3,3868000.0
2018-01-09 15:04:54.762000,5.29,5.28,5.3,3868000.0
2018-01-09 15:04:58.664000,5.29,5.28,5.3,3868000.0
2018-01-09 15:05:02.531000,5.29,5.28,5.3,3868000.0
2018-01-09 15:05:05.746000,5.29,5.28,5.3,3868000.0
2018-01-09 15:05:10.276000,5.29,5.28,5.3,3868000.0
2018-01-09 15:05:13.667000,5.29,5.28,5.3,3868000.0
2018-01-09 15:05:17.506000,5.29,5.28,5.3,3868000.0
2018-01-09 15:05:21.149000,5.29,5.28,5.3,3868000.0
2018-01-09 15:05:24.530000,5.29,5.28,5.3,3868000.0
2018-01-09 15:05:28.325000,5.29,5.28,5.3,3868000.0
2018-01-09 15:05:32.180000,5.29,5.28,5.3,3868000.0
2018-01-09 15:05:36.370000,5.29,5.28,5.3,3868000.0
2018-01-09 15:05:40.134000,5.29,5.28,5.3,3868000.0
2018-01-09 15:05:43.788000,5.29,5.28,5.3,3868000.0
2018-01-09 15:05:47.262000,5.29,5.28,5.3,3868000.0
2018-01-09 15:05:51.136000,5.29,5.28,5.3,3868000.0
2018-01-09 15:05:55.243000,5.29,5.28,5.29,3868000.0
2018-01-09 15:05:58.760000,5.29,5.28,5.29,3868000.0
2018-01-09 15:06:02.671000,5.29,5.28,5.29,3868000.0
2018-01-09 15:06:06.504000,5.29,5.28,5.29,3868000.0
2018-01-09 15:06:10.653000,5.29,5.28,5.29,3868000.0
2018-01-09 15:06:14.605000,5.29,5.28,5.29,3868000.0
2018-01-09 15:06:18.468000,5.29,5.28,5.29,3868000.0
2018-01-09 15:06:22.391000,5.29,5.28,5.29,3868000.0
2018-01-09 15:06:26.229000,5.29,5.28,5.29,3868000.0
2018-01-09 15:06:31.184000,5.29,5.28,5.29,3868000.0
2018-01-09 15:06:35.061000,5.29,5.28,5.29,3868000.0
2018-01-09 15:06:39.011000,5.29,5.28,5.29,3868000.0
2018-01-09 15:06:42.794000,5.29,5.28,5.29,3868000.0
2018-01-09 15:06:46.762000,5.29,5.28,5.29,3868000.0
2018-01-09 15:06:50.480000,5.29,5.28,5.29,3868000.0
2018-01-09 15:06:54.559000,5.29,5.28,5.29,3868000.0
2018-01-09 15:06:58.686000,5.29,5.28,5.29,3868000.0
2018-01-09 15:07:02.518000,5.29,5.28,5.29,3868000.0
2018-01-09 15:07:05.992000,5.29,5.28,5.29,3868000.0
2018-01-09 15:07:09.918000,5.29,5.28,5.29,3868000.0
2018-01-09 15:07:14.061000,5.29,5.28,5.29,3868000.0
2018-01-09 15:07:17.407000,5.29,5.28,5.29,3868000.0
2018-01-09 15:07:21.626000,5.29,5.28,5.29,3868000.0
2018-01-09 15:07:25.394000,5.29,5.28,5.29,3868000.0
2018-01-09 15:07:28.498000,5.29,5.28,5.29,3868000.0
2018-01-09 15:07:32.125000,5.29,5.28,5.29,3868000.0
2018-01-09 15:07:36.002000,5.29,5.28,5.29,3868000.0
2018-01-09 15:07:39.278000,5.29,5.28,5.29,3868000.0
2018-01-09 15:07:43.372000,5.29,5.28,5.29,3868000.0
2018-01-09 15:07:47.185000,5.29,5.28,5.29,3868000.0
2018-01-09 15:07:50.688000,5.29,5.28,5.29,3868000.0
2018-01-09 15:07:54.809000,5.29,5.28,5.29,3868000.0
2018-01-09 15:07:58.749000,5.29,5.28,5.29,3868000.0
2018-01-09 15:08:02.517000,5.29,5.28,5.29,3868000.0
2018-01-09 15:08:08.982000,5.29,5.28,5.29,3868000.0
2018-01-09 15:08:13.125000,5.29,5.28,5.29,3868000.0
2018-01-09 15:08:17.083000,5.29,5.28,5.29,3868000.0
2018-01-09 15:08:20.507000,5.29,5.28,5.29,3868000.0
2018-01-09 15:08:24.868000,5.29,5.28,5.29,3868000.0
2018-01-09 15:08:28.858000,5.29,5.28,5.29,3868000.0
2018-01-09 15:08:32.596000,5.29,5.28,5.29,3868000.0
2018-01-09 15:08:36.608000,5.29,5.28,5.29,3868000.0
2018-01-09 15:08:41.395000,5.29,5.28,5.29,3868000.0
2018-01-09 15:08:45.528000,5.29,5.28,5.29,3868000.0
2018-01-09 15:08:49.483000,5.29,5.28,5.29,4037000.0
2018-01-09 15:08:53.677000,5.29,5.28,5.29,4037000.0
2018-01-09 15:08:57.033000,5.29,5.28,5.29,4037000.0
2018-01-09 15:09:01.015000,5.29,5.28,5.29,4037000.0
2018-01-09 15:09:05.845000,5.29,5.28,5.29,4037000.0
2018-01-09 15:09:11.578000,5.29,5.28,5.29,4037000.0
2018-01-09 15:09:15.035000,5.29,5.28,5.29,4037000.0
2018-01-09 15:09:20.440000,5.29,5.28,5.29,4037000.0
2018-01-09 15:09:24.326000,5.29,5.28,5.29,4037000.0
2018-01-09 15:09:28.328000,5.29,5.28,5.3,4037000.0
2018-01-09 15:09:31.442000,5.29,5.28,5.3,4037000.0
2018-01-09 15:09:35.284000,5.29,5.28,5.3,4037000.0
2018-01-09 15:09:39.484000,5.29,5.28,5.3,4037000.0
2018-01-09 15:09:43.124000,5.29,5.28,5.3,4037000.0
2018-01-09 15:09:47.051000,5.29,5.28,5.3,4037000.0
