time,price,bid,ask,volume
2018-01-09 09:29:01.822000,31.15,31.1,31.15,114500.0
2018-01-09 09:29:06.036000,31.15,31.1,31.15,114500.0
2018-01-09 09:29:09.462000,31.15,31.1,31.15,114500.0
2018-01-09 09:29:13.213000,31.15,31.1,31.15,114500.0
2018-01-09 09:29:16.533000,31.15,31.1,31.15,114500.0
2018-01-09 09:29:20.640000,31.15,31.1,31.15,114500.0
2018-01-09 09:29:24.433000,31.15,31.1,31.15,114500.0
2018-01-09 09:29:28.381000,31.15,31.1,31.15,114500.0
2018-01-09 09:29:30.995000,31.15,31.1,31.15,114500.0
2018-01-09 09:29:35.291000,31.15,31.1,31.15,114500.0
2018-01-09 09:29:39.062000,31.15,31.1,31.15,114500.0
2018-01-09 09:29:42.429000,31.15,31.1,31.15,114500.0
2018-01-09 09:29:46.139000,31.15,31.1,31.15,114500.0
2018-01-09 09:29:50.072000,31.15,31.1,31.15,114500.0
2018-01-09 09:29:53.806000,31.15,31.1,31.15,114500.0
2018-01-09 09:29:57.386000,31.15,31.1,31.15,114500.0
2018-01-09 09:30:00.792000,31.15,31.1,31.15,114500.0
2018-01-09 09:30:04.354000,31.1,31.1,31.15,115500.0
2018-01-09 09:30:07.151000,31.1,31.1,31.15,115500.0
2018-01-09 09:30:10.432000,31.1,31.1,31.15,115500.0
2018-01-09 09:30:14.223000,31.1,31.1,31.15,115500.0
2018-01-09 09:30:17.056000,31.1,31.1,31.15,115500.0
2018-01-09 09:30:19.992000,31.1,31.1,31.15,115500.0
2018-01-09 09:30:23.688000,31.1,31.1,31.15,115500.0
2018-01-09 09:30:27.649000,31.1,31.1,31.15,115500.0
2018-01-09 09:30:31.807000,31.1,31.1,31.15,409500.0
2018-01-09 09:30:34.925000,31.1,31.1,31.15,409500.0
2018-01-09 09:30:38.972000,31.1,31.1,31.15,409500.0
2018-01-09 09:30:42.227000,31.1,31.1,31.15,409500.0
2018-01-09 09:30:45.537000,31.1,31.1,31.15,409500.0
2018-01-09 09:30:48.711000,31.1,31.1,31.15,409500.0
2018-01-09 09:30:52.549000,31.15,31.1,31.15,439000.0
2018-01-09 09:30:56.314000,31.15,31.1,31.15,439000.0
2018-01-09 09:30:59.555000,31.15,31.1,31.15,439000.0
2018-01-09 09:31:03.459000,31.15,31.1,31.15,439000.0
2018-01-09 09:31:07.276000,31.15,31.1,31.15,439000.0
2018-01-09 09:31:11.416000,31.15,31.1,31.15,439000.0
2018-01-09 09:31:15.018000,31.15,31.1,31.15,439000.0
2018-01-09 09:31:17.985000,31.15,31.1,31.15,439000.0
2018-01-09 09:31:20.760000,31.15,31.1,31.15,439000.0
2018-01-09 09:31:23.375000,31.15,31.1,31.15,439000.0
2018-01-09 09:31:27.075000,31.15,31.1,31.15,439000.0
2018-01-09 09:31:30.858000,31.15,31.1,31.15,439000.0
2018-01-09 09:31:34.403000,31.15,31.1,31.15,439000.0
2018-01-09 09:31:38.353000,31.15,31.1,31.15,439000.0
2018-01-09 09:31:41.845000,31.15,31.1,31.15,439000.0
2018-01-09 09:31:45.823000,31.15,31.15,31.2,820000.0
2018-01-09 09:31:49.700000,31.15,31.15,31.2,820000.0
2018-01-09 09:31:53.922000,31.15,31.1,31.15,1624000.0
2018-01-09 09:31:57.685000,31.15,31.1,31.15,1624000.0
2018-01-09 09:32:01.436000,31.15,31.1,31.15,1624000.0
2018-01-09 09:32:05.144000,31.15,31.1,31.15,1624000.0
2018-01-09 09:32:11.796000,31.15,31.1,31.15,1624000.0
2018-01-09 09:32:15.483000,31.15,31.1,31.15,1624000.0
2018-01-09 09:32:18.808000,31.15,31.1,31.15,1624000.0
2018-01-09 09:32:22.301000,31.15,31.1,31.15,1624000.0
2018-01-09 09:32:26.118000,31.15,31.1,31.15,1624000.0
2018-01-09 09:32:29.278000,31.15,31.1,31.15,1624000.0
2018-01-09 09:32:33.140000,31.15,31.1,31.15,1624000.0
2018-01-09 09:32:36.679000,31.15,31.1,31.15,1624000.0
2018-01-09 09:32:39.513000,31.15,31.1,31.15,1624000.0
2018-01-09 09:32:43.088000,31.15,31.1,31.15,1624000.0
2018-01-09 09:32:46.660000,31.15,31.1,31.15,1624000.0
2018-01-09 09:32:50.280000,31.15,31.1,31.15,1624000.0
2018-01-09 09:32:53.912000,31.15,31.1,31.15,1624000.0
2018-01-09 09:32:57.997000,31.15,31.1,31.15,1624000.0
2018-01-09 09:33:01.416000,31.15,31.1,31.15,1624000.0
2018-01-09 09:33:05.161000,31.15,31.1,31.15,1624000.0
2018-01-09 09:33:08.281000,31.15,31.1,31.15,1624000.0
2018-01-09 09:33:14.053000,31.15,31.1,31.15,1624000.0
2018-01-09 09:33:17.920000,31.15,31.1,31.15,1624000.0
2018-01-09 09:33:21.092000,31.15,31.1,31.15,1624000.0
2018-01-09 09:33:24.966000,31.15,31.1,31.15,1624000.0
2018-01-09 09:33:29.030000,31.15,31.1,31.15,1624000.0
2018-01-09 09:33:32.906000,31.15,31.1,31.15,1624000.0
2018-01-09 09:33:36.365000,31.15,31.1,31.15,1624000.0
2018-01-09 09:33:40.217000,31.15,31.1,31.15,1624000.0
2018-01-09 09:33:43.622000,31.15,31.1,31.15,1624000.0
2018-01-09 09:33:46.920000,31.15,31.1,31.15,1624000.0
2018-01-09 09:33:50.247000,31.15,31.1,31.15,1624000.0
2018-01-09 09:33:54.353000,31.15,31.1,31.15,1624000.0
2018-01-09 09:33:57.685000,31.15,31.1,31.15,1624000.0
2018-01-09 09:34:01.029000,31.15,31.1,31.15,1624000.0
2018-01-09 09:34:03.957000,31.15,31.1,31.15,1624000.0
2018-01-09 09:34:09.358000,31.15,31.1,31.15,1624000.0
2018-01-09 09:34:13.341000,31.15,31.1,31.15,1624000.0
2018-01-09 09:34:17.249000,31.15,31.1,31.15,1624000.0
2018-01-09 09:34:21.276000,31.15,31.1,31.15,1624000.0
2018-01-09 09:34:25.024000,31.15,31.1,31.15,1624000.0
2018-01-09 09:34:28.894000,31.15,31.1,31.15,1624000.0
2018-01-09 09:34:32.313000,31.15,31.1,31.15,1624000.0
2018-01-09 09:34:36.316000,31.15,31.1,31.15,1624000.0
2018-01-09 09:34:40.140000,31.15,31.1,31.15,1624000.0
2018-01-09 09:34:44.188000,31.15,31.15,31.2,1633557.0
2018-01-09 09:34:47.876000,31.15,31.15,31.2,1633557.0
2018-01-09 09:34:52.172000,31.15,31.15,31.2,1633557.0
2018-01-09 09:34:56.407000,31.15,31.15,31.2,1633557.0
2018-01-09 09:34:59.579000,31.15,31.15,31.2,1633557.0
2018-01-09 09:35:02.641000,31.15,31.15,31.2,1633557.0
2018-01-09 09:35:05.860000,31.15,31.15,31.2,1633557.0
2018-01-09 09:35:09,31.15,31.15,31.2,1633557.0
2018-01-09 09:35:13.001000,31.15,31.15,31.2,1633557.0
2018-01-09 09:35:18.718000,31.15,31.15,31.2,1633557.0
2018-01-09 09:35:22.530000,31.15,31.15,31.2,1633557.0
2018-01-09 09:35:26.112000,31.15,31.15,31.2,1633557.0
2018-01-09 09:35:29.656000,31.15,31.15,31.2,1633557.0
2018-01-09 09:35:33.336000,31.15,31.15,31.2,1633557.0
2018-01-09 09:35:37.269000,31.15,31.15,31.2,1633557.0
2018-01-09 09:35:41.251000,31.15,31.15,31.2,1633557.0
2018-01-09 09:35:44.673000,31.15,31.15,31.2,1633557.0
2018-01-09 09:35:48.672000,31.15,31.15,31.2,1633557.0
2018-01-09 09:35:52.057000,31.15,31.15,31.2,1633557.0
2018-01-09 09:35:55.972000,31.15,31.15,31.2,1633557.0
2018-01-09 09:35:59.763000,31.15,31.15,31.2,1633557.0
2018-01-09 09:36:03.127000,31.15,31.15,31.2,1633557.0
2018-01-09 09:36:10.688000,31.15,31.15,31.2,1633557.0
2018-01-09 09:36:14.238000,31.15,31.15,31.2,1633557.0
2018-01-09 09:36:18.458000,31.15,31.15,31.2,1633557.0
2018-01-09 09:36:21.517000,31.15,31.15,31.2,1633557.0
2018-01-09 09:36:25.532000,31.15,31.15,31.2,1633557.0
2018-01-09 09:36:29.262000,31.15,31.15,31.2,1633557.0
2018-01-09 09:36:33.158000,31.15,31.15,31.2,1840057.0
2018-01-09 09:36:37.504000,31.15,31.15,31.2,1840057.0
2018-01-09 09:36:41.140000,31.15,31.15,31.2,1840057.0
2018-01-09 09:36:44.836000,31.15,31.15,31.2,1840057.0
2018-01-09 09:36:48.315000,31.15,31.15,31.2,1840057.0
2018-01-09 09:36:52.253000,31.15,31.15,31.2,1840057.0
2018-01-09 09:36:56.226000,31.15,31.15,31.2,1840057.0
2018-01-09 09:36:59.993000,31.15,31.15,31.2,1840057.0
2018-01-09 09:37:03.623000,31.15,31.1,31.15,3455057.0
2018-01-09 09:37:10.766000,31.15,31.1,31.15,3455057.0
2018-01-09 09:37:14.417000,31.15,31.1,31.15,3455057.0
2018-01-09 09:37:18.161000,31.15,31.1,31.15,3455057.0
2018-01-09 09:37:21.495000,31.15,31.1,31.15,3455057.0
2018-01-09 09:37:25.165000,31.15,31.15,31.2,3707557.0
2018-01-09 09:37:29.479000,31.15,31.15,31.2,3707557.0
2018-01-09 09:37:33.225000,31.15,31.15,31.2,3707557.0
2018-01-09 09:37:36.666000,31.15,31.15,31.2,3707557.0
2018-01-09 09:37:40.193000,31.15,31.15,31.2,3707557.0
2018-01-09 09:37:44.059000,31.15,31.15,31.2,3707557.0
2018-01-09 09:37:47.695000,31.15,31.15,31.2,3707557.0
2018-01-09 09:37:51.746000,31.15,31.15,31.2,3707557.0
2018-01-09 09:37:54.856000,31.15,31.15,31.2,3707557.0
2018-01-09 09:37:58.319000,31.15,31.15,31.2,3707557.0
2018-01-09 09:38:01.629000,31.15,31.15,31.2,4059557.0
2018-01-09 09:38:05.362000,31.15,31.1,31.15,4311557.0
2018-01-09 09:38:08.755000,31.15,31.1,31.15,4311557.0
2018-01-09 09:38:11.978000,31.15,31.1,31.15,4311557.0
2018-01-09 09:38:15.531000,31.15,31.1,31.15,4311557.0
2018-01-09 09:38:19.422000,31.15,31.1,31.15,4311557.0
2018-01-09 09:38:22.389000,31.15,31.1,31.15,4311557.0
2018-01-09 09:38:26.574000,31.15,31.1,31.15,4311557.0
2018-01-09 09:38:30.290000,31.15,31.1,31.15,4311557.0
2018-01-09 09:38:34.071000,31.15,31.1,31.15,4311557.0
2018-01-09 09:38:37.913000,31.15,31.1,31.15,4311557.0
2018-01-09 09:38:41.872000,31.15,31.1,31.15,4614557.0
2018-01-09 09:38:45.660000,31.15,31.1,31.15,4614557.0
2018-01-09 09:38:50.251000,31.15,31.1,31.15,4614557.0
2018-01-09 09:38:53.819000,31.15,31.1,31.15,4614557.0
2018-01-09 09:38:56.737000,31.15,31.1,31.15,4614557.0
2018-01-09 09:39:00.323000,31.15,31.1,31.15,4614557.0
2018-01-09 09:39:09.199000,31.15,31.1,31.15,4614557.0
2018-01-09 09:39:12.740000,31.15,31.1,31.15,4614557.0
2018-01-09 09:39:16.585000,31.15,31.1,31.15,4614557.0
2018-01-09 09:39:20.291000,31.15,31.1,31.15,4614557.0
2018-01-09 09:39:24.055000,31.15,31.15,31.2,5161557.0
2018-01-09 09:39:28.164000,31.15,31.15,31.2,5161557.0
2018-01-09 09:39:31.593000,31.15,31.15,31.2,5161557.0
2018-01-09 09:39:34.839000,31.15,31.15,31.2,5161557.0
2018-01-09 09:39:38.540000,31.15,31.15,31.2,5161557.0
2018-01-09 09:39:43.164000,31.15,31.15,31.2,5161557.0
2018-01-09 09:39:47.486000,31.15,31.1,31.15,5464057.0
2018-01-09 09:39:50.948000,31.15,31.1,31.15,5464057.0
2018-01-09 09:39:55.350000,31.15,31.1,31.15,5464057.0
2018-01-09 09:39:58.929000,31.15,31.1,31.15,5464057.0
2018-01-09 09:40:05.700000,31.15,31.1,31.15,5464057.0
2018-01-09 09:40:09.355000,31.15,31.1,31.15,5464057.0
2018-01-09 09:40:13.166000,31.15,31.1,31.15,5464057.0
2018-01-09 09:40:16.974000,31.15,31.1,31.15,5464057.0
2018-01-09 09:40:22.407000,31.15,31.1,31.15,5464057.0
2018-01-09 09:40:26.007000,31.15,31.1,31.15,5464057.0
2018-01-09 09:40:29.146000,31.15,31.1,31.15,5464057.0
2018-01-09 09:40:33.038000,31.15,31.1,31.15,5464057.0
2018-01-09 09:40:36.417000,31.15,31.1,31.15,5464057.0
2018-01-09 09:40:39.362000,31.15,31.1,31.15,5464057.0
2018-01-09 09:40:43.104000,31.15,31.1,31.15,5468557.0
2018-01-09 09:40:47.181000,31.15,31.1,31.15,5468557.0
2018-01-09 09:40:50.222000,31.15,31.1,31.15,5468557.0
2018-01-09 09:40:54.478000,31.15,31.1,31.15,5468557.0
2018-01-09 09:40:58.151000,31.15,31.1,31.15,5468557.0
2018-01-09 09:41:01.998000,31.15,31.1,31.15,5468557.0
2018-01-09 09:41:05.424000,31.15,31.1,31.15,5468557.0
2018-01-09 09:41:10.982000,31.15,31.1,31.15,5468557.0
2018-01-09 09:41:14.307000,31.15,31.1,31.15,5468557.0
2018-01-09 09:41:17.470000,31.15,31.1,31.15,5468557.0
2018-01-09 09:41:20.652000,31.15,31.1,31.15,5468557.0
2018-01-09 09:41:23.917000,31.15,31.1,31.15,5468557.0
2018-01-09 09:41:27.581000,31.15,31.1,31.15,5468557.0
2018-01-09 09:41:31.455000,31.15,31.1,31.15,5468557.0
2018-01-09 09:41:34.746000,31.15,31.1,31.15,5468557.0
2018-01-09 09:41:38.593000,31.15,31.1,31.15,5468557.0
2018-01-09 09:41:42.807000,31.15,31.1,31.15,5468557.0
2018-01-09 09:41:46.279000,31.15,31.1,31.15,5468557.0
2018-01-09 09:41:50.090000,31.15,31.1,31.15,5480626.0
2018-01-09 09:41:53.103000,31.15,31.1,31.15,5480626.0
2018-01-09 09:41:56.824000,31.15,31.1,31.15,5480626.0
2018-01-09 09:42:00.255000,31.15,31.1,31.15,5480626.0
2018-01-09 09:42:04.025000,31.15,31.1,31.15,5480626.0
2018-01-09 09:42:07.513000,31.15,31.1,31.15,5480626.0
2018-01-09 09:42:11.379000,31.15,31.1,31.15,5480626.0
2018-01-09 09:42:15.234000,31.15,31.1,31.15,5480626.0
2018-01-09 09:42:19.062000,31.15,31.1,31.15,5480626.0
2018-01-09 09:42:22.808000,31.15,31.1,31.15,5480626.0
2018-01-09 09:42:26.331000,31.15,31.1,31.15,5480626.0
2018-01-09 09:42:29.811000,31.15,31.1,31.15,5480626.0
2018-01-09 09:42:34.229000,31.15,31.1,31.15,5480626.0
2018-01-09 09:42:38.088000,31.15,31.1,31.15,5480626.0
2018-01-09 09:42:41.217000,31.15,31.1,31.15,5480626.0
2018-01-09 09:42:45.233000,31.15,31.1,31.15,5480626.0
2018-01-09 09:42:48.703000,31.15,31.1,31.15,5480626.0
2018-01-09 09:42:52.540000,31.15,31.1,31.15,5480626.0
2018-01-09 09:42:56.672000,31.15,31.1,31.15,5573276.0
2018-01-09 09:43:00.517000,31.15,31.1,31.15,5573276.0
2018-01-09 09:43:04.547000,31.15,31.1,31.15,5573276.0
2018-01-09 09:43:08.519000,31.15,31.1,31.15,5573276.0
2018-01-09 09:43:12.123000,31.15,31.1,31.15,5573276.0
2018-01-09 09:43:19.695000,31.1,31.05,31.1,5940276.0
2018-01-09 09:43:22.710000,31.1,31.05,31.1,5940276.0
2018-01-09 09:43:26.580000,31.1,31.05,31.1,5940276.0
2018-01-09 09:43:30.517000,31.1,31.05,31.1,5940276.0
2018-01-09 09:43:34.607000,31.1,31.05,31.1,5940276.0
2018-01-09 09:43:38.013000,31.1,31.05,31.1,5940276.0
2018-01-09 09:43:41.330000,31.1,31.05,31.1,5940276.0
2018-01-09 09:43:45.065000,31.1,31.05,31.1,5940276.0
2018-01-09 09:43:48.909000,31.1,31.05,31.1,5940276.0
2018-01-09 09:43:52.834000,31.1,31.05,31.1,5940276.0
2018-01-09 09:43:56.589000,31.1,31.05,31.1,5940276.0
2018-01-09 09:44:00.439000,31.1,31.05,31.1,5940276.0
2018-01-09 09:44:03.955000,31.1,31.05,31.1,5940276.0
2018-01-09 09:44:12.526000,31.1,31.05,31.1,5940276.0
2018-01-09 09:44:17.025000,31.05,31.05,31.1,6142776.0
2018-01-09 09:44:20.298000,31.05,31.05,31.1,6142776.0
2018-01-09 09:44:23.970000,31.05,31.0,31.05,6445276.0
2018-01-09 09:44:27.966000,31.05,31.0,31.05,6445276.0
2018-01-09 09:44:31.706000,31.05,31.0,31.05,6445276.0
2018-01-09 09:44:35.070000,31.05,31.0,31.05,6445276.0
2018-01-09 09:44:39.598000,31.05,31.0,31.05,6445276.0
2018-01-09 09:44:43.281000,31.05,31.0,31.05,6445276.0
2018-01-09 09:44:47.158000,31.05,31.0,31.05,6445276.0
2018-01-09 09:44:50.849000,31.05,31.0,31.05,6861276.0
2018-01-09 09:44:54.987000,31.05,31.0,31.05,6861276.0
2018-01-09 09:44:59.078000,31.05,31.0,31.05,6861276.0
2018-01-09 09:45:02.113000,31.05,31.0,31.05,6861276.0
2018-01-09 09:45:05.723000,31.05,31.0,31.05,6861276.0
2018-01-09 09:45:09.629000,31.05,31.0,31.05,6861276.0
2018-01-09 09:45:14.218000,31.05,31.0,31.05,6861276.0
2018-01-09 09:45:19.330000,31.05,31.0,31.05,6861276.0
2018-01-09 09:45:26.538000,31.05,31.0,31.05,6861276.0
2018-01-09 09:45:30.614000,31.05,31.0,31.05,6861276.0
2018-01-09 09:45:34.200000,31.05,31.0,31.05,6861276.0
2018-01-09 09:45:38.065000,31.05,31.0,31.05,6861276.0
2018-01-09 09:45:41.984000,31.05,31.0,31.05,6861276.0
2018-01-09 09:45:45.849000,31.05,31.0,31.05,6861276.0
2018-01-09 09:45:49.882000,31.05,31.0,31.05,6861276.0
2018-01-09 09:45:53.629000,31.05,31.0,31.05,6861276.0
2018-01-09 09:45:57.650000,31.0,31.0,31.05,7123276.0
2018-01-09 09:46:01.488000,31.0,31.0,31.05,7123276.0
2018-01-09 09:46:05.221000,31.0,31.0,31.05,7123276.0
2018-01-09 09:46:08.910000,31.0,31.0,31.05,7123276.0
2018-01-09 09:46:12.814000,31.0,31.0,31.05,7123276.0
2018-01-09 09:46:17.544000,31.0,31.0,31.05,7123276.0
2018-01-09 09:46:21.713000,31.0,31.0,31.05,7123276.0
2018-01-09 09:46:25.252000,31.0,31.0,31.05,7123276.0
2018-01-09 09:46:28.940000,31.0,31.0,31.05,7123276.0
2018-01-09 09:46:32.437000,31.05,31.05,31.1,8371776.0
2018-01-09 09:46:36.272000,31.05,31.05,31.1,8371776.0
2018-01-09 09:46:39.932000,31.05,31.05,31.1,8371776.0
2018-01-09 09:46:44.295000,31.05,31.05,31.1,8371776.0
2018-01-09 09:46:48.253000,31.05,31.05,31.1,8371776.0
2018-01-09 09:46:52.281000,31.05,31.05,31.1,8525776.0
2018-01-09 09:46:56.878000,31.05,31.05,31.1,8525776.0
2018-01-09 09:47:01.076000,31.05,31.05,31.1,8525776.0
2018-01-09 09:47:04.677000,31.05,31.05,31.1,8525776.0
2018-01-09 09:47:08.534000,31.05,31.05,31.1,8525776.0
2018-01-09 09:47:12.382000,31.05,31.05,31.1,8525776.0
2018-01-09 09:47:17.249000,31.05,31.05,31.1,8525776.0
2018-01-09 09:47:21.053000,31.05,31.05,31.1,8525776.0
2018-01-09 09:47:24.122000,31.05,31.05,31.1,8525776.0
2018-01-09 09:47:27.990000,31.05,31.05,31.1,8525776.0
2018-01-09 09:47:31.397000,31.05,31.05,31.1,8525776.0
2018-01-09 09:47:34.913000,31.05,31.05,31.1,8525776.0
2018-01-09 09:47:39.046000,31.05,31.05,31.1,8525776.0
2018-01-09 09:47:43.334000,31.05,31.05,31.1,8525776.0
2018-01-09 09:47:47.067000,31.05,31.05,31.1,8525776.0
2018-01-09 09:47:50.884000,31.05,31.05,31.1,8525776.0
2018-01-09 09:47:54.725000,31.05,31.05,31.1,8525776.0
2018-01-09 09:47:58.803000,31.05,31.05,31.1,8525776.0
2018-01-09 09:48:02.767000,31.05,31.05,31.1,8525776.0
2018-01-09 09:48:07.167000,31.05,31.05,31.1,8525776.0
2018-01-09 09:48:10.681000,31.05,31.05,31.1,8525776.0
2018-01-09 09:48:14.338000,31.05,31.05,31.1,8525776.0
2018-01-09 09:48:20.313000,31.05,31.05,31.1,8525776.0
2018-01-09 09:48:23.680000,31.05,31.05,31.1,8527822.0
2018-01-09 09:48:27.417000,31.05,31.05,31.1,8527822.0
2018-01-09 09:48:31.350000,31.05,31.05,31.1,8527822.0
2018-01-09 09:48:35.487000,31.05,31.05,31.1,8527822.0
2018-01-09 09:48:39.207000,31.05,31.05,31.1,8527822.0
2018-01-09 09:48:43.348000,31.05,31.05,31.1,8527822.0
2018-01-09 09:48:47.450000,31.05,31.05,31.1,8527822.0
2018-01-09 09:48:51.632000,31.05,31.05,31.1,8527822.0
2018-01-09 09:48:55.528000,31.05,31.05,31.1,8527822.0
2018-01-09 09:48:59.586000,31.05,31.05,31.1,8527822.0
2018-01-09 09:49:03.425000,31.05,31.05,31.1,8527822.0
2018-01-09 09:49:06.606000,31.05,31.05,31.1,8527822.0
2018-01-09 09:49:10.702000,31.05,31.05,31.1,8527822.0
2018-01-09 09:49:14.603000,31.05,31.05,31.1,8527822.0
2018-01-09 09:49:18.771000,31.05,31.05,31.1,8527822.0
2018-01-09 09:49:22.887000,31.05,31.05,31.1,8527822.0
2018-01-09 09:49:26.553000,31.05,31.05,31.1,8527822.0
2018-01-09 09:49:30.634000,31.05,31.05,31.1,8527822.0
2018-01-09 09:49:34.383000,31.05,31.05,31.1,8527822.0
2018-01-09 09:49:38.232000,31.05,31.05,31.1,8527822.0
2018-01-09 09:49:41.831000,31.05,31.05,31.1,8527822.0
2018-01-09 09:49:45.246000,31.05,31.05,31.1,8527822.0
2018-01-09 09:49:48.360000,31.05,31.05,31.1,8527822.0
2018-01-09 09:49:51.386000,31.05,31.05,31.1,8527822.0
2018-01-09 09:49:55.508000,31.05,31.05,31.1,8542322.0
2018-01-09 09:50:00.028000,31.05,31.05,31.1,8542322.0
2018-01-09 09:50:04.494000,31.05,31.05,31.1,8542322.0
2018-01-09 09:50:09.179000,31.05,31.05,31.1,8542322.0
2018-01-09 09:50:13.026000,31.05,31.05,31.1,8542322.0
2018-01-09 09:50:16.381000,31.05,31.05,31.1,8542322.0
2018-01-09 09:50:20.104000,31.05,31.05,31.1,8542322.0
2018-01-09 09:50:23.344000,31.05,31.05,31.1,8542322.0
2018-01-09 09:50:26.762000,31.05,31.05,31.1,8542322.0
2018-01-09 09:50:30.945000,31.05,31.0,31.1,8542322.0
2018-01-09 09:50:34.760000,31.05,31.0,31.1,8542322.0
2018-01-09 09:50:38.437000,31.05,31.0,31.05,9413131.0
2018-01-09 09:50:42.757000,31.05,31.0,31.05,9413131.0
2018-01-09 09:50:46.262000,31.05,31.0,31.05,9413131.0
2018-01-09 09:50:49.714000,31.05,31.0,31.05,9413131.0
2018-01-09 09:50:53.327000,31.05,31.0,31.05,9413131.0
2018-01-09 09:50:57.222000,31.05,31.0,31.05,9413131.0
2018-01-09 09:51:00.652000,31.05,31.0,31.05,9413131.0
2018-01-09 09:51:05.816000,31.05,31.05,31.1,9814131.0
2018-01-09 09:51:12.670000,31.05,31.05,31.1,9814131.0
2018-01-09 09:51:16.483000,31.05,31.05,31.1,9814131.0
2018-01-09 09:51:20.576000,31.05,31.05,31.1,9814131.0
2018-01-09 09:51:24.446000,31.05,31.05,31.1,9814131.0
2018-01-09 09:51:28.378000,31.05,31.05,31.1,9814131.0
2018-01-09 09:51:32.455000,31.05,31.05,31.1,9814131.0
2018-01-09 09:51:35.933000,31.05,31.05,31.1,9814131.0
2018-01-09 09:51:39.400000,31.05,31.05,31.1,9814131.0
2018-01-09 09:51:42.922000,31.05,31.05,31.1,9814131.0
2018-01-09 09:51:46.848000,31.05,31.05,31.1,9814131.0
2018-01-09 09:51:50.543000,31.05,31.05,31.1,9814131.0
2018-01-09 09:51:53.745000,31.05,31.05,31.1,9814131.0
2018-01-09 09:51:58.067000,31.05,31.05,31.1,9814131.0
2018-01-09 09:52:01.486000,31.05,31.05,31.1,9814131.0
2018-01-09 09:52:05.544000,31.05,31.05,31.1,9814131.0
2018-01-09 09:52:09.371000,31.05,31.05,31.1,9814131.0
2018-01-09 09:52:16.452000,31.05,31.05,31.1,9814131.0
2018-01-09 09:52:20.480000,31.05,31.05,31.1,9814131.0
2018-01-09 09:52:24.386000,31.05,31.05,31.1,9814131.0
2018-01-09 09:52:28.743000,31.05,31.05,31.1,9814131.0
2018-01-09 09:52:32.659000,31.05,31.05,31.1,9814131.0
2018-01-09 09:52:37.157000,31.05,31.05,31.1,9814131.0
2018-01-09 09:52:41.145000,31.05,31.05,31.1,9814131.0
2018-01-09 09:52:45.121000,31.05,31.05,31.1,9814131.0
2018-01-09 09:52:49.107000,31.05,31.05,31.1,9814131.0
2018-01-09 09:52:52.999000,31.05,31.05,31.1,9814131.0
2018-01-09 09:52:57.389000,31.05,31.05,31.1,9814131.0
2018-01-09 09:53:01.343000,31.05,31.05,31.1,9814131.0
2018-01-09 09:53:05.315000,31.05,31.05,31.1,9814131.0
2018-01-09 09:53:11,31.05,31.05,31.1,9814131.0
2018-01-09 09:53:15.089000,31.05,31.05,31.1,9814131.0
2018-01-09 09:53:19.217000,31.05,31.05,31.1,9814131.0
2018-01-09 09:53:23.361000,31.05,31.05,31.1,9814131.0
2018-01-09 09:53:27.379000,31.05,31.05,31.1,9814131.0
2018-01-09 09:53:31,31.05,31.05,31.1,9814131.0
2018-01-09 09:53:35.609000,31.05,31.05,31.1,9818131.0
2018-01-09 09:53:39.498000,31.05,31.05,31.1,9818131.0
2018-01-09 09:53:42.923000,31.05,31.05,31.1,9818131.0
2018-01-09 09:53:46.972000,31.05,31.05,31.1,9818131.0
2018-01-09 09:53:50.836000,31.1,31.05,31.1,10855631.0
2018-01-09 09:53:55.191000,31.1,31.05,31.1,10855631.0
2018-01-09 09:53:59.653000,31.1,31.1,31.15,11348131.0
2018-01-09 09:54:03.680000,31.1,31.1,31.15,11348131.0
2018-01-09 09:54:07.456000,31.1,31.1,31.15,11348131.0
2018-01-09 09:54:12.204000,31.1,31.1,31.15,11357631.0
2018-01-09 09:54:16.489000,31.1,31.1,31.15,11357631.0
2018-01-09 09:54:20.812000,31.1,31.1,31.15,11357631.0
2018-01-09 09:54:24.863000,31.1,31.1,31.15,11357631.0
2018-01-09 09:54:28.890000,31.1,31.1,31.15,11357631.0
2018-01-09 09:54:32.931000,31.1,31.1,31.15,11357631.0
2018-01-09 09:54:36.941000,31.1,31.1,31.15,11357631.0
2018-01-09 09:54:40.788000,31.1,31.1,31.15,11357631.0
2018-01-09 09:54:44.577000,31.1,31.1,31.15,11357631.0
2018-01-09 09:54:48.530000,31.1,31.1,31.15,11423631.0
2018-01-09 09:54:52.457000,31.1,31.1,31.15,11423631.0
2018-01-09 09:54:56.410000,31.1,31.1,31.15,11423631.0
2018-01-09 09:55:00.526000,31.1,31.1,31.15,11423631.0
2018-01-09 09:55:07.215000,31.1,31.1,31.15,11423631.0
2018-01-09 09:55:10.570000,31.1,31.1,31.15,11423631.0
2018-01-09 09:55:16.267000,31.1,31.1,31.15,11423631.0
2018-01-09 09:55:21.202000,31.1,31.1,31.15,11507371.0
2018-01-09 09:55:24.671000,31.1,31.1,31.15,11507371.0
2018-01-09 09:55:28.300000,31.1,31.1,31.15,11507371.0
2018-01-09 09:55:32.178000,31.1,31.1,31.15,11507371.0
2018-01-09 09:55:35.770000,31.1,31.1,31.15,11507371.0
2018-01-09 09:55:39.376000,31.1,31.1,31.15,11507371.0
2018-01-09 09:55:43.507000,31.1,31.1,31.15,11507371.0
2018-01-09 09:55:46.802000,31.1,31.1,31.15,11507371.0
2018-01-09 09:55:50.209000,31.1,31.1,31.15,11507371.0
2018-01-09 09:55:54.480000,31.1,31.1,31.15,11507371.0
2018-01-09 09:55:57.858000,31.1,31.1,31.15,11507371.0
2018-01-09 09:56:01.661000,31.1,31.1,31.15,11507371.0
2018-01-09 09:56:06.583000,31.1,31.1,31.15,11507371.0
2018-01-09 09:56:13.969000,31.1,31.1,31.15,11507371.0
2018-01-09 09:56:17.388000,31.1,31.1,31.15,11507371.0
2018-01-09 09:56:21.395000,31.1,31.05,31.1,11518871.0
2018-01-09 09:56:25.626000,31.1,31.05,31.1,11518871.0
2018-01-09 09:56:29.536000,31.1,31.05,31.1,11518871.0
2018-01-09 09:56:33.683000,31.1,31.1,31.15,13239871.0
2018-01-09 09:56:37.704000,31.1,31.1,31.15,13239871.0
2018-01-09 09:56:42.396000,31.1,31.1,31.15,13239871.0
2018-01-09 09:56:46.030000,31.1,31.1,31.15,13239871.0
2018-01-09 09:56:49.896000,31.1,31.1,31.15,13239871.0
2018-01-09 09:56:53.980000,31.1,31.1,31.15,13239871.0
2018-01-09 09:56:57.852000,31.1,31.1,31.15,13239871.0
2018-01-09 09:57:02.434000,31.1,31.1,31.15,13239871.0
2018-01-09 09:57:05.996000,31.1,31.1,31.15,13239871.0
2018-01-09 09:57:09.316000,31.1,31.1,31.15,13239871.0
2018-01-09 09:57:13.487000,31.1,31.05,31.15,13375371.0
2018-01-09 09:57:20.443000,31.1,31.05,31.15,13375371.0
2018-01-09 09:57:24.519000,31.1,31.05,31.15,13375371.0
2018-01-09 09:57:28.626000,31.1,31.05,31.15,13375371.0
2018-01-09 09:57:32.769000,31.1,31.05,31.15,13375371.0
2018-01-09 09:57:36.920000,31.1,31.05,31.15,13375371.0
2018-01-09 09:57:40.285000,31.1,31.05,31.15,13375371.0
2018-01-09 09:57:44.137000,31.1,31.05,31.15,13375371.0
2018-01-09 09:57:47.403000,31.1,31.05,31.15,13375371.0
2018-01-09 09:57:51.321000,31.1,31.05,31.15,13375371.0
2018-01-09 09:57:55.378000,31.1,31.05,31.15,13375371.0
2018-01-09 09:57:59.180000,31.1,31.05,31.15,13375371.0
2018-01-09 09:58:03.536000,31.1,31.05,31.15,13375371.0
2018-01-09 09:58:11.072000,31.1,31.05,31.15,13375371.0
2018-01-09 09:58:14.867000,31.1,31.05,31.15,13375371.0
2018-01-09 09:58:20.225000,31.1,31.05,31.15,13378491.0
2018-01-09 09:58:24.317000,31.1,31.05,31.15,13378491.0
2018-01-09 09:58:27.911000,31.1,31.05,31.15,13378491.0
2018-01-09 09:58:32.001000,31.1,31.05,31.15,13378491.0
2018-01-09 09:58:35.650000,31.1,31.05,31.15,13378491.0
2018-01-09 09:58:39.615000,31.1,31.05,31.15,13378491.0
2018-01-09 09:58:43.704000,31.1,31.05,31.15,13378491.0
2018-01-09 09:58:47.213000,31.1,31.05,31.15,13378491.0
2018-01-09 09:58:51.273000,31.1,31.05,31.1,13387491.0
2018-01-09 09:58:54.537000,31.1,31.05,31.1,13387491.0
2018-01-09 09:58:57.939000,31.1,31.05,31.1,13387491.0
2018-01-09 09:59:01.832000,31.1,31.05,31.1,13387491.0
2018-01-09 09:59:05.665000,31.1,31.05,31.1,13387491.0
2018-01-09 09:59:09.603000,31.1,31.05,31.1,13387491.0
2018-01-09 09:59:13.801000,31.1,31.05,31.1,13387491.0
2018-01-09 09:59:17.956000,31.1,31.05,31.1,13387491.0
2018-01-09 09:59:21.431000,31.1,31.05,31.1,13387491.0
2018-01-09 09:59:25.372000,31.1,31.05,31.1,13387491.0
2018-01-09 09:59:29.225000,31.1,31.05,31.1,13387491.0
2018-01-09 09:59:32.905000,31.1,31.05,31.1,13387491.0
2018-01-09 09:59:36.888000,31.1,31.05,31.1,13387491.0
2018-01-09 09:59:41.022000,31.1,31.05,31.1,13428491.0
2018-01-09 09:59:44.978000,31.1,31.05,31.1,13428491.0
2018-01-09 09:59:48.747000,31.1,31.05,31.1,13428491.0
2018-01-09 09:59:52.354000,31.1,31.05,31.1,13428491.0
2018-01-09 09:59:56.250000,31.1,31.05,31.1,13642491.0
2018-01-09 09:59:59.929000,31.1,31.05,31.1,13642491.0
2018-01-09 10:00:04.381000,31.1,31.05,31.1,13642491.0
2018-01-09 10:00:08.016000,31.1,31.05,31.1,13642491.0
2018-01-09 10:00:12.856000,31.1,31.05,31.1,13642491.0
2018-01-09 10:00:16.536000,31.1,31.05,31.1,13642491.0
2018-01-09 10:00:22.543000,31.1,31.05,31.1,13745991.0
2018-01-09 10:00:26.399000,31.1,31.05,31.1,13745991.0
2018-01-09 10:00:30.212000,31.1,31.05,31.1,13745991.0
2018-01-09 10:00:34.141000,31.1,31.05,31.1,13745991.0
2018-01-09 10:00:37.698000,31.1,31.1,31.15,13753491.0
2018-01-09 10:00:41.213000,31.1,31.1,31.15,13753491.0
2018-01-09 10:00:45.415000,31.1,31.1,31.15,13753491.0
2018-01-09 10:00:49.177000,31.1,31.1,31.15,13753491.0
2018-01-09 10:00:52.802000,31.1,31.1,31.15,13753491.0
2018-01-09 10:00:57.205000,31.1,31.1,31.15,13753491.0
2018-01-09 10:01:01.305000,31.1,31.1,31.15,13753491.0
2018-01-09 10:01:04.447000,31.1,31.1,31.15,13753491.0
2018-01-09 10:01:08.559000,31.1,31.1,31.15,13753491.0
2018-01-09 10:01:14.524000,31.1,31.1,31.15,13753491.0
2018-01-09 10:01:19.838000,31.1,31.1,31.15,13753491.0
2018-01-09 10:01:23.715000,31.1,31.05,31.1,13756991.0
2018-01-09 10:01:27.724000,31.1,31.05,31.1,13756991.0
2018-01-09 10:01:31.603000,31.1,31.05,31.1,13756991.0
2018-01-09 10:01:35.417000,31.1,31.05,31.1,13756991.0
2018-01-09 10:01:39.573000,31.1,31.05,31.1,13756991.0
2018-01-09 10:01:43.138000,31.1,31.05,31.1,13760991.0
2018-01-09 10:01:47.103000,31.1,31.05,31.1,13760991.0
2018-01-09 10:01:51.358000,31.1,31.05,31.1,13760991.0
2018-01-09 10:01:54.463000,31.1,31.05,31.1,13760991.0
2018-01-09 10:01:58.132000,31.1,31.05,31.1,13760991.0
2018-01-09 10:02:01.744000,31.1,31.05,31.1,13760991.0
2018-01-09 10:02:05.964000,31.1,31.05,31.1,13760991.0
2018-01-09 10:02:09.463000,31.1,31.05,31.1,13760991.0
2018-01-09 10:02:13.080000,31.1,31.05,31.1,13760991.0
2018-01-09 10:02:17.076000,31.1,31.05,31.1,13760991.0
2018-01-09 10:02:21.083000,31.1,31.05,31.1,13760991.0
2018-01-09 10:02:25.200000,31.1,31.05,31.1,13760991.0
2018-01-09 10:02:29.808000,31.1,31.05,31.1,13760991.0
2018-01-09 10:02:33.718000,31.1,31.05,31.1,13760991.0
2018-01-09 10:02:37.703000,31.1,31.05,31.1,13760991.0
2018-01-09 10:02:40.800000,31.1,31.05,31.1,13760991.0
2018-01-09 10:02:44.603000,31.1,31.05,31.1,13760991.0
2018-01-09 10:02:48.800000,31.1,31.05,31.1,13760991.0
2018-01-09 10:02:52.703000,31.1,31.05,31.1,13760991.0
2018-01-09 10:02:56.783000,31.1,31.05,31.1,13760991.0
2018-01-09 10:03:00.215000,31.1,31.05,31.1,13760991.0
2018-01-09 10:03:05.749000,31.1,31.05,31.1,13760991.0
2018-01-09 10:03:09.558000,31.1,31.05,31.1,13760991.0
2018-01-09 10:03:13.835000,31.1,31.05,31.1,13760991.0
2018-01-09 10:03:17.624000,31.1,31.05,31.1,13760991.0
2018-01-09 10:03:21.811000,31.1,31.05,31.1,13760991.0
2018-01-09 10:03:25.450000,31.1,31.05,31.1,13760991.0
2018-01-09 10:03:29.716000,31.1,31.05,31.1,13760991.0
2018-01-09 10:03:33.317000,31.1,31.05,31.1,13760991.0
2018-01-09 10:03:37.307000,31.1,31.05,31.1,13760991.0
2018-01-09 10:03:41.075000,31.1,31.05,31.1,13760991.0
2018-01-09 10:03:45.486000,31.1,31.05,31.1,13760991.0
2018-01-09 10:03:49.352000,31.1,31.1,31.15,13768991.0
2018-01-09 10:03:53.016000,31.1,31.1,31.15,13768991.0
2018-01-09 10:03:56.952000,31.1,31.1,31.15,13768991.0
2018-01-09 10:04:00.450000,31.1,31.1,31.15,13768991.0
2018-01-09 10:04:03.837000,31.1,31.1,31.15,13768991.0
2018-01-09 10:04:07.973000,31.1,31.1,31.15,14087991.0
2018-01-09 10:04:11.670000,31.1,31.1,31.15,14087991.0
2018-01-09 10:04:15.155000,31.1,31.1,31.15,14087991.0
2018-01-09 10:04:20.437000,31.1,31.1,31.15,14087991.0
2018-01-09 10:04:23.855000,31.1,31.1,31.15,14091991.0
2018-01-09 10:04:27.940000,31.1,31.1,31.15,14091991.0
2018-01-09 10:04:31.951000,31.1,31.1,31.15,14091991.0
2018-01-09 10:04:35.767000,31.1,31.1,31.15,14091991.0
2018-01-09 10:04:40.081000,31.1,31.1,31.15,14091991.0
2018-01-09 10:04:44.187000,31.1,31.1,31.15,14091991.0
2018-01-09 10:04:48.126000,31.1,31.1,31.15,14091991.0
2018-01-09 10:04:52.129000,31.1,31.1,31.15,14091991.0
2018-01-09 10:04:56.472000,31.1,31.1,31.15,14091991.0
2018-01-09 10:05:00.219000,31.1,31.1,31.15,14091991.0
2018-01-09 10:05:11.467000,31.1,31.1,31.15,14091991.0
2018-01-09 10:05:14.451000,31.1,31.1,31.15,14091991.0
2018-01-09 10:05:18.636000,31.1,31.1,31.15,14091991.0
2018-01-09 10:05:23.058000,31.1,31.1,31.15,14091991.0
2018-01-09 10:05:26.551000,31.1,31.1,31.15,14091991.0
2018-01-09 10:05:30.813000,31.1,31.1,31.15,14091991.0
2018-01-09 10:05:34.655000,31.1,31.1,31.15,14091991.0
2018-01-09 10:05:38.827000,31.1,31.1,31.15,14099491.0
2018-01-09 10:05:42.816000,31.1,31.1,31.15,14099491.0
2018-01-09 10:05:46.539000,31.1,31.1,31.15,14099491.0
2018-01-09 10:05:50.812000,31.1,31.1,31.15,14099491.0
2018-01-09 10:05:54.332000,31.1,31.1,31.15,14099491.0
2018-01-09 10:05:57.930000,31.1,31.1,31.15,14099491.0
2018-01-09 10:06:01.955000,31.1,31.1,31.15,14099491.0
2018-01-09 10:06:05.737000,31.1,31.1,31.15,14099491.0
2018-01-09 10:06:09.631000,31.1,31.1,31.15,14099491.0
2018-01-09 10:06:13.019000,31.1,31.1,31.15,14099491.0
2018-01-09 10:06:17.458000,31.1,31.1,31.15,14099491.0
2018-01-09 10:06:21.220000,31.1,31.1,31.15,14099491.0
2018-01-09 10:06:25.391000,31.1,31.1,31.15,14099491.0
2018-01-09 10:06:28.561000,31.1,31.1,31.15,14099491.0
2018-01-09 10:06:32.064000,31.1,31.1,31.15,14099491.0
2018-01-09 10:06:35.517000,31.1,31.1,31.15,14099491.0
2018-01-09 10:06:39.230000,31.1,31.1,31.15,14099491.0
2018-01-09 10:06:42.698000,31.1,31.1,31.15,14099491.0
2018-01-09 10:06:46.454000,31.1,31.1,31.15,14099491.0
2018-01-09 10:06:50.456000,31.1,31.1,31.15,14099491.0
2018-01-09 10:06:53.947000,31.1,31.1,31.15,14102581.0
2018-01-09 10:06:57.849000,31.1,31.1,31.15,14102581.0
2018-01-09 10:07:01.662000,31.1,31.1,31.15,14102581.0
2018-01-09 10:07:05.379000,31.1,31.1,31.15,14102581.0
2018-01-09 10:07:09.310000,31.1,31.1,31.15,14102581.0
2018-01-09 10:07:13.968000,31.1,31.1,31.15,14102581.0
2018-01-09 10:07:17.614000,31.1,31.1,31.15,14102581.0
2018-01-09 10:07:20.850000,31.1,31.1,31.15,14102581.0
2018-01-09 10:07:25.112000,31.1,31.1,31.15,14102581.0
2018-01-09 10:07:29.354000,31.1,31.1,31.15,14102581.0
2018-01-09 10:07:33.660000,31.1,31.1,31.15,14102581.0
2018-01-09 10:07:37.240000,31.1,31.1,31.15,14102581.0
2018-01-09 10:07:40.535000,31.1,31.1,31.15,14102581.0
2018-01-09 10:07:43.731000,31.1,31.1,31.15,14102581.0
2018-01-09 10:07:47.851000,31.1,31.1,31.15,14102581.0
2018-01-09 10:07:51.834000,31.15,31.1,31.15,14126081.0
2018-01-09 10:07:54.759000,31.15,31.1,31.15,14126081.0
2018-01-09 10:07:58.553000,31.15,31.1,31.15,14126081.0
2018-01-09 10:08:02.617000,31.15,31.1,31.15,14126081.0
2018-01-09 10:08:06.631000,31.15,31.1,31.15,14126081.0
2018-01-09 10:08:12.272000,31.15,31.1,31.15,14126081.0
2018-01-09 10:08:16.222000,31.15,31.1,31.15,14126081.0
2018-01-09 10:08:20.222000,31.15,31.1,31.15,14126081.0
2018-01-09 10:08:24.003000,31.15,31.1,31.15,14126081.0
2018-01-09 10:08:28.086000,31.15,31.1,31.15,14126081.0
2018-01-09 10:08:32.421000,31.15,31.1,31.15,14126081.0
2018-01-09 10:08:36.523000,31.15,31.1,31.15,14126081.0
2018-01-09 10:08:40.318000,31.15,31.1,31.15,14126081.0
2018-01-09 10:08:43.982000,31.15,31.1,31.15,14126081.0
2018-01-09 10:08:47.967000,31.15,31.1,31.15,14126081.0
2018-01-09 10:08:51.888000,31.15,31.1,31.15,14126081.0
2018-01-09 10:08:55.456000,31.15,31.1,31.15,14126081.0
2018-01-09 10:08:58.890000,31.15,31.1,31.15,14126581.0
2018-01-09 10:09:03.542000,31.15,31.1,31.15,14126581.0
2018-01-09 10:09:07.975000,31.15,31.1,31.15,14126581.0
2018-01-09 10:09:14.401000,31.15,31.1,31.15,14126581.0
2018-01-09 10:09:18.565000,31.15,31.1,31.15,14126581.0
2018-01-09 10:09:22.116000,31.15,31.1,31.15,14126581.0
2018-01-09 10:09:25.726000,31.15,31.1,31.15,14126581.0
2018-01-09 10:09:29.282000,31.15,31.1,31.15,14126581.0
2018-01-09 10:09:32.907000,31.15,31.1,31.15,14126581.0
2018-01-09 10:09:36.928000,31.15,31.1,31.15,14126581.0
2018-01-09 10:09:40.757000,31.15,31.1,31.15,14126581.0
2018-01-09 10:09:44.330000,31.15,31.1,31.15,14126581.0
2018-01-09 10:09:48.509000,31.15,31.1,31.15,14126581.0
2018-01-09 10:09:52.164000,31.15,31.1,31.15,14126581.0
2018-01-09 10:09:56.008000,31.15,31.1,31.15,14126581.0
2018-01-09 10:09:59.497000,31.15,31.1,31.15,14126581.0
2018-01-09 10:10:03.120000,31.15,31.1,31.15,14126581.0
2018-01-09 10:10:07.321000,31.15,31.1,31.15,14126581.0
2018-01-09 10:10:11.636000,31.15,31.1,31.15,14126581.0
2018-01-09 10:10:15.630000,31.15,31.1,31.15,14126581.0
2018-01-09 10:10:21.115000,31.15,31.1,31.15,14126581.0
2018-01-09 10:10:25.121000,31.15,31.1,31.15,14126581.0
2018-01-09 10:10:28.590000,31.15,31.1,31.15,14126581.0
2018-01-09 10:10:32.091000,31.15,31.1,31.15,14126581.0
2018-01-09 10:10:36.210000,31.15,31.1,31.15,14137581.0
2018-01-09 10:10:39.890000,31.15,31.1,31.15,14137581.0
2018-01-09 10:10:43.878000,31.15,31.1,31.15,14137581.0
2018-01-09 10:10:47.757000,31.15,31.1,31.15,14137581.0
2018-01-09 10:10:51.417000,31.15,31.1,31.15,14137581.0
2018-01-09 10:10:54.773000,31.15,31.1,31.15,14137581.0
2018-01-09 10:10:58.571000,31.15,31.1,31.15,14137581.0
2018-01-09 10:11:01.697000,31.15,31.1,31.15,14137581.0
2018-01-09 10:11:05.292000,31.15,31.1,31.15,14137581.0
2018-01-09 10:11:08.761000,31.15,31.1,31.15,14137581.0
2018-01-09 10:11:14.660000,31.15,31.1,31.15,14137581.0
2018-01-09 10:11:17.887000,31.15,31.1,31.15,14137581.0
2018-01-09 10:11:21.839000,31.15,31.1,31.15,14139081.0
2018-01-09 10:11:25.850000,31.15,31.1,31.15,14139081.0
2018-01-09 10:11:29.885000,31.15,31.1,31.15,14139081.0
2018-01-09 10:11:33.464000,31.15,31.1,31.15,14139081.0
2018-01-09 10:11:36.698000,31.15,31.1,31.15,14139081.0
2018-01-09 10:11:40.140000,31.15,31.1,31.15,14139081.0
2018-01-09 10:11:43.889000,31.15,31.1,31.15,14139081.0
2018-01-09 10:11:47.749000,31.15,31.1,31.15,14139081.0
2018-01-09 10:11:51.400000,31.15,31.1,31.15,14139081.0
2018-01-09 10:11:55.060000,31.15,31.1,31.15,14139081.0
2018-01-09 10:11:58.560000,31.15,31.1,31.15,14139081.0
2018-01-09 10:12:03.761000,31.15,31.1,31.15,14139081.0
2018-01-09 10:12:06.958000,31.15,31.1,31.15,14139081.0
2018-01-09 10:12:10.404000,31.15,31.1,31.15,14139081.0
2018-01-09 10:12:15.126000,31.15,31.1,31.15,14139081.0
2018-01-09 10:12:18.951000,31.15,31.1,31.15,14139081.0
2018-01-09 10:12:22.791000,31.15,31.1,31.15,14139081.0
2018-01-09 10:12:26.025000,31.15,31.1,31.15,14139081.0
2018-01-09 10:12:30.032000,31.15,31.1,31.15,14159081.0
2018-01-09 10:12:33.937000,31.15,31.1,31.15,14159081.0
2018-01-09 10:12:37.510000,31.15,31.1,31.15,14159081.0
2018-01-09 10:12:41.503000,31.15,31.1,31.15,14159081.0
2018-01-09 10:12:44.929000,31.15,31.1,31.15,15774581.0
2018-01-09 10:12:49.326000,31.15,31.1,31.15,15774581.0
2018-01-09 10:12:53.582000,31.15,31.1,31.15,15774581.0
2018-01-09 10:12:57.092000,31.15,31.15,31.2,17913581.0
2018-01-09 10:13:00.808000,31.15,31.15,31.2,17913581.0
2018-01-09 10:13:07.447000,31.15,31.15,31.2,17913581.0
2018-01-09 10:13:14.435000,31.15,31.15,31.2,17913581.0
2018-01-09 10:13:17.983000,31.15,31.15,31.2,17913581.0
2018-01-09 10:13:22.265000,31.15,31.15,31.2,17913581.0
2018-01-09 10:13:25.995000,31.15,31.15,31.2,17913581.0
2018-01-09 10:13:29.703000,31.15,31.15,31.2,17913581.0
2018-01-09 10:13:33.293000,31.15,31.15,31.2,17913581.0
2018-01-09 10:13:36.698000,31.15,31.1,31.15,18274581.0
2018-01-09 10:13:40.621000,31.15,31.1,31.15,18274581.0
2018-01-09 10:13:44.699000,31.15,31.1,31.15,18274581.0
2018-01-09 10:13:48.395000,31.15,31.1,31.15,18274581.0
2018-01-09 10:13:52.418000,31.15,31.1,31.15,18274581.0
2018-01-09 10:13:56.356000,31.15,31.1,31.15,18274581.0
2018-01-09 10:14:00.307000,31.15,31.1,31.15,18274581.0
2018-01-09 10:14:06.029000,31.15,31.1,31.15,18274581.0
2018-01-09 10:14:13.308000,31.15,31.1,31.15,18274581.0
2018-01-09 10:14:17.733000,31.15,31.1,31.15,18274581.0
2018-01-09 10:14:21.491000,31.15,31.1,31.15,18274581.0
2018-01-09 10:14:24.977000,31.15,31.1,31.15,18274581.0
2018-01-09 10:14:28.490000,31.15,31.1,31.15,18274581.0
2018-01-09 10:14:32.076000,31.15,31.1,31.15,18274581.0
2018-01-09 10:14:35.595000,31.15,31.1,31.15,18274581.0
2018-01-09 10:14:39.163000,31.15,31.1,31.15,18274581.0
2018-01-09 10:14:42.805000,31.15,31.1,31.15,18274581.0
2018-01-09 10:14:46.495000,31.15,31.1,31.15,18274581.0
2018-01-09 10:14:50.405000,31.15,31.1,31.15,18274581.0
2018-01-09 10:14:55.360000,31.15,31.1,31.15,18274581.0
2018-01-09 10:14:59.237000,31.15,31.1,31.15,18274581.0
2018-01-09 10:15:02.766000,31.15,31.1,31.15,18274581.0
2018-01-09 10:15:06.998000,31.15,31.1,31.15,18274581.0
2018-01-09 10:15:11.639000,31.15,31.1,31.15,18274581.0
2018-01-09 10:15:17.717000,31.15,31.1,31.15,18274581.0
2018-01-09 10:15:21.909000,31.1,31.1,31.15,18282581.0
2018-01-09 10:15:25.056000,31.1,31.1,31.15,18282581.0
2018-01-09 10:15:28.359000,31.1,31.1,31.15,18282581.0
2018-01-09 10:15:32.314000,31.1,31.1,31.15,18282581.0
2018-01-09 10:15:36.187000,31.1,31.1,31.15,18282581.0
2018-01-09 10:15:40.243000,31.1,31.1,31.15,18282581.0
2018-01-09 10:15:43.658000,31.1,31.1,31.15,18282581.0
2018-01-09 10:15:47.958000,31.1,31.1,31.15,18282581.0
2018-01-09 10:15:51.810000,31.1,31.1,31.15,18282581.0
2018-01-09 10:15:56.046000,31.1,31.1,31.15,18282581.0
2018-01-09 10:15:59.581000,31.1,31.1,31.15,18282581.0
2018-01-09 10:16:03.674000,31.1,31.1,31.15,18282581.0
2018-01-09 10:16:07.297000,31.1,31.1,31.15,18282581.0
2018-01-09 10:16:13.331000,31.1,31.1,31.15,18282581.0
2018-01-09 10:16:17.469000,31.1,31.1,31.15,18282581.0
2018-01-09 10:16:21.807000,31.1,31.1,31.15,18282581.0
2018-01-09 10:16:26.468000,31.1,31.1,31.15,18282581.0
2018-01-09 10:16:30.821000,31.1,31.1,31.15,18282581.0
2018-01-09 10:16:34.413000,31.1,31.1,31.15,18282581.0
2018-01-09 10:16:38.127000,31.1,31.1,31.15,18282581.0
2018-01-09 10:16:42.142000,31.1,31.1,31.15,18282581.0
2018-01-09 10:16:46.126000,31.1,31.1,31.15,18282581.0
2018-01-09 10:16:50.392000,31.1,31.1,31.15,18282581.0
2018-01-09 10:16:54.239000,31.1,31.1,31.15,18282581.0
2018-01-09 10:16:57.802000,31.15,31.1,31.15,18283581.0
2018-01-09 10:17:02.002000,31.15,31.1,31.15,18283581.0
2018-01-09 10:17:06.564000,31.15,31.1,31.15,18283581.0
2018-01-09 10:17:10.599000,31.15,31.1,31.15,18283581.0
2018-01-09 10:17:14.071000,31.15,31.1,31.15,18283581.0
2018-01-09 10:17:17.787000,31.15,31.1,31.15,18283581.0
2018-01-09 10:17:22.019000,31.15,31.1,31.15,18283581.0
2018-01-09 10:17:26.003000,31.15,31.1,31.15,18283581.0
2018-01-09 10:17:30.149000,31.15,31.1,31.15,18283581.0
2018-01-09 10:17:34.021000,31.15,31.1,31.15,18283581.0
2018-01-09 10:17:37.581000,31.15,31.1,31.15,18283581.0
2018-01-09 10:17:40.501000,31.15,31.1,31.15,18283581.0
2018-01-09 10:17:44.271000,31.15,31.1,31.15,18283581.0
2018-01-09 10:17:48.357000,31.15,31.1,31.15,18283581.0
2018-01-09 10:17:51.658000,31.15,31.1,31.15,18283691.0
2018-01-09 10:17:55.530000,31.15,31.1,31.15,18283691.0
2018-01-09 10:17:59.371000,31.15,31.1,31.15,18283691.0
2018-01-09 10:18:02.883000,31.15,31.1,31.15,18283691.0
2018-01-09 10:18:06.800000,31.15,31.1,31.15,18283691.0
2018-01-09 10:18:12.173000,31.15,31.1,31.15,18283691.0
2018-01-09 10:18:15.924000,31.15,31.1,31.15,18283691.0
2018-01-09 10:18:20.093000,31.15,31.1,31.15,18283691.0
2018-01-09 10:18:23.601000,31.15,31.1,31.15,18283691.0
2018-01-09 10:18:27.568000,31.15,31.1,31.15,18283691.0
2018-01-09 10:18:31.255000,31.15,31.1,31.15,18283691.0
2018-01-09 10:18:34.791000,31.15,31.1,31.15,18283691.0
2018-01-09 10:18:38.623000,31.15,31.1,31.15,18283691.0
2018-01-09 10:18:42.238000,31.15,31.1,31.15,18283691.0
2018-01-09 10:18:46.027000,31.15,31.1,31.15,18306691.0
2018-01-09 10:18:50.194000,31.15,31.1,31.15,18306691.0
2018-01-09 10:18:54.122000,31.15,31.1,31.15,18306691.0
2018-01-09 10:18:57.769000,31.15,31.1,31.15,18306691.0
2018-01-09 10:19:01.862000,31.15,31.1,31.15,18306691.0
2018-01-09 10:19:05.970000,31.15,31.1,31.15,18306691.0
2018-01-09 10:19:16.028000,31.15,31.1,31.15,18306691.0
2018-01-09 10:19:20.069000,31.15,31.1,31.15,18306691.0
2018-01-09 10:19:23.727000,31.15,31.1,31.15,18306691.0
2018-01-09 10:19:27.664000,31.15,31.1,31.15,18306691.0
2018-01-09 10:19:31.647000,31.15,31.1,31.15,18306691.0
2018-01-09 10:19:35.244000,31.15,31.1,31.15,18306691.0
2018-01-09 10:19:39.419000,31.15,31.1,31.15,18306691.0
2018-01-09 10:19:43.069000,31.15,31.1,31.15,18306691.0
2018-01-09 10:19:46.895000,31.15,31.1,31.15,18339191.0
2018-01-09 10:19:50.904000,31.15,31.1,31.15,18339191.0
2018-01-09 10:19:54.454000,31.15,31.1,31.15,18339191.0
2018-01-09 10:19:58.288000,31.15,31.1,31.15,18339191.0
2018-01-09 10:20:01.976000,31.15,31.1,31.15,18339191.0
2018-01-09 10:20:06.334000,31.15,31.1,31.15,18339191.0
2018-01-09 10:20:10.450000,31.15,31.1,31.15,18339191.0
2018-01-09 10:20:15.134000,31.15,31.1,31.15,18339191.0
2018-01-09 10:20:19.151000,31.15,31.1,31.15,18339191.0
2018-01-09 10:20:23.179000,31.15,31.1,31.15,18339191.0
2018-01-09 10:20:26.793000,31.15,31.1,31.15,18339191.0
2018-01-09 10:20:30.828000,31.15,31.1,31.15,18339191.0
2018-01-09 10:20:34.774000,31.15,31.1,31.15,18339191.0
2018-01-09 10:20:38.428000,31.1,31.1,31.15,18803691.0
2018-01-09 10:20:42.272000,31.1,31.1,31.15,18803691.0
2018-01-09 10:20:45.962000,31.1,31.1,31.15,19275691.0
2018-01-09 10:20:49.385000,31.1,31.1,31.15,19275691.0
2018-01-09 10:20:53.275000,31.1,31.1,31.15,19275691.0
2018-01-09 10:20:56.694000,31.1,31.1,31.15,19275691.0
2018-01-09 10:21:00.620000,31.1,31.1,31.15,19275691.0
2018-01-09 10:21:06.772000,31.1,31.1,31.15,19275691.0
2018-01-09 10:21:12.398000,31.1,31.1,31.15,19275691.0
2018-01-09 10:21:17.931000,31.1,31.1,31.15,19275691.0
2018-01-09 10:21:21.178000,31.1,31.1,31.15,19275691.0
2018-01-09 10:21:25.186000,31.1,31.1,31.15,19275691.0
2018-01-09 10:21:30.298000,31.1,31.1,31.15,19275691.0
2018-01-09 10:21:33.746000,31.1,31.1,31.15,19275691.0
2018-01-09 10:21:37.572000,31.1,31.1,31.15,19953191.0
2018-01-09 10:21:41.431000,31.1,31.1,31.15,19953191.0
2018-01-09 10:21:45.155000,31.1,31.1,31.15,19953191.0
2018-01-09 10:21:48.776000,31.1,31.1,31.15,19953191.0
2018-01-09 10:21:51.774000,31.1,31.1,31.15,19953191.0
2018-01-09 10:21:55.640000,31.1,31.1,31.15,19953191.0
2018-01-09 10:21:59.450000,31.1,31.1,31.15,19953191.0
2018-01-09 10:22:03.355000,31.1,31.1,31.15,19953191.0
2018-01-09 10:22:06.682000,31.1,31.1,31.15,19953191.0
2018-01-09 10:22:11.904000,31.1,31.1,31.15,19953191.0
2018-01-09 10:22:16.113000,31.1,31.1,31.15,19953191.0
2018-01-09 10:22:20.544000,31.1,31.1,31.15,19953191.0
2018-01-09 10:22:24.435000,31.1,31.1,31.15,19953191.0
2018-01-09 10:22:28.167000,31.1,31.1,31.15,19953191.0
2018-01-09 10:22:31.851000,31.1,31.1,31.15,19953191.0
2018-01-09 10:22:35.205000,31.1,31.1,31.15,19953191.0
2018-01-09 10:22:38.811000,31.1,31.1,31.15,19953191.0
2018-01-09 10:22:42.512000,31.1,31.1,31.15,19953191.0
2018-01-09 10:22:46.476000,31.1,31.1,31.15,19953191.0
2018-01-09 10:22:49.902000,31.1,31.1,31.15,19953191.0
2018-01-09 10:22:54.013000,31.1,31.1,31.15,19953191.0
2018-01-09 10:22:57.811000,31.1,31.1,31.15,19953191.0
2018-01-09 10:23:01.573000,31.1,31.1,31.15,19953191.0
2018-01-09 10:23:06.415000,31.15,31.1,31.15,19954389.0
2018-01-09 10:23:12.876000,31.15,31.1,31.15,19954389.0
2018-01-09 10:23:17.135000,31.15,31.1,31.15,19954389.0
2018-01-09 10:23:21.131000,31.15,31.1,31.15,19954389.0
2018-01-09 10:23:24.873000,31.15,31.1,31.15,19954389.0
2018-01-09 10:23:28.709000,31.15,31.1,31.15,19954389.0
2018-01-09 10:23:32.747000,31.15,31.1,31.15,19954389.0
2018-01-09 10:23:36.776000,31.15,31.1,31.15,19954389.0
2018-01-09 10:23:40.123000,31.15,31.1,31.15,19954389.0
2018-01-09 10:23:44.414000,31.15,31.1,31.15,19954389.0
2018-01-09 10:23:47.707000,31.15,31.1,31.15,19954389.0
2018-01-09 10:23:51.822000,31.15,31.1,31.15,19954389.0
2018-01-09 10:23:55.592000,31.15,31.1,31.15,19954389.0
2018-01-09 10:23:58.904000,31.15,31.1,31.15,19954389.0
2018-01-09 10:24:02.108000,31.15,31.1,31.15,19954389.0
2018-01-09 10:24:06.169000,31.15,31.1,31.15,19954389.0
2018-01-09 10:24:11.214000,31.15,31.1,31.15,19954389.0
2018-01-09 10:24:15.159000,31.15,31.1,31.15,19954389.0
2018-01-09 10:24:19.418000,31.15,31.1,31.15,19954389.0
2018-01-09 10:24:23.361000,31.15,31.1,31.15,19954389.0
2018-01-09 10:24:26.573000,31.15,31.1,31.15,19954389.0
2018-01-09 10:24:30.123000,31.15,31.1,31.15,19954389.0
2018-01-09 10:24:33.827000,31.15,31.1,31.15,19954389.0
2018-01-09 10:24:37.434000,31.15,31.1,31.15,19954389.0
2018-01-09 10:24:41.006000,31.15,31.1,31.15,19954389.0
2018-01-09 10:24:44.937000,31.15,31.1,31.15,19954389.0
2018-01-09 10:24:48.750000,31.15,31.1,31.15,19954389.0
2018-01-09 10:24:52.714000,31.15,31.1,31.15,19954389.0
2018-01-09 10:24:56.479000,31.15,31.1,31.15,19954389.0
2018-01-09 10:25:00.720000,31.15,31.1,31.15,19954389.0
2018-01-09 10:25:04.125000,31.15,31.1,31.15,19954389.0
2018-01-09 10:25:08.184000,31.15,31.1,31.15,19954389.0
2018-01-09 10:25:13.435000,31.15,31.1,31.15,19954389.0
2018-01-09 10:25:17.343000,31.15,31.1,31.15,19954389.0
2018-01-09 10:25:21.395000,31.15,31.1,31.15,19954389.0
2018-01-09 10:25:25.001000,31.15,31.1,31.15,19954389.0
2018-01-09 10:25:28.171000,31.15,31.1,31.15,19954389.0
2018-01-09 10:25:31.984000,31.15,31.1,31.15,19954389.0
2018-01-09 10:25:35.054000,31.15,31.1,31.15,19954389.0
2018-01-09 10:25:38.805000,31.15,31.1,31.15,19954389.0
2018-01-09 10:25:42.795000,31.15,31.1,31.15,19956389.0
2018-01-09 10:25:46.874000,31.15,31.1,31.15,19956389.0
2018-01-09 10:25:50.843000,31.15,31.1,31.15,19956389.0
2018-01-09 10:25:54.734000,31.15,31.1,31.15,19956389.0
2018-01-09 10:25:58.153000,31.15,31.1,31.15,19956389.0
2018-01-09 10:26:02.109000,31.15,31.1,31.15,19956389.0
2018-01-09 10:26:05.441000,31.15,31.1,31.15,19956389.0
2018-01-09 10:26:11.028000,31.15,31.1,31.15,19956389.0
2018-01-09 10:26:15.018000,31.15,31.1,31.15,19956389.0
2018-01-09 10:26:19.051000,31.15,31.1,31.15,19956389.0
2018-01-09 10:26:22.359000,31.15,31.1,31.15,19956389.0
2018-01-09 10:26:26.511000,31.15,31.1,31.15,19956389.0
2018-01-09 10:26:33.822000,31.15,31.1,31.15,19956389.0
2018-01-09 10:26:37.656000,31.15,31.1,31.15,19956389.0
2018-01-09 10:26:41.378000,31.15,31.1,31.15,19956389.0
2018-01-09 10:26:45.239000,31.15,31.1,31.15,19956389.0
2018-01-09 10:26:49.205000,31.15,31.1,31.15,19957889.0
2018-01-09 10:26:52.953000,31.15,31.1,31.15,19957889.0
2018-01-09 10:26:56.757000,31.15,31.1,31.15,19957889.0
2018-01-09 10:27:00.334000,31.15,31.1,31.15,19957889.0
2018-01-09 10:27:04.964000,31.15,31.1,31.15,19957889.0
2018-01-09 10:27:08.376000,31.15,31.1,31.15,19957889.0
2018-01-09 10:27:12.312000,31.15,31.1,31.15,19957889.0
2018-01-09 10:27:17.703000,31.15,31.1,31.15,19957889.0
2018-01-09 10:27:21.485000,31.15,31.1,31.15,19957889.0
2018-01-09 10:27:25.163000,31.15,31.1,31.15,19957889.0
2018-01-09 10:27:28.983000,31.15,31.1,31.15,19957889.0
2018-01-09 10:27:32.815000,31.15,31.1,31.15,19957889.0
2018-01-09 10:27:36.380000,31.15,31.1,31.15,19957889.0
2018-01-09 10:27:40.046000,31.15,31.1,31.15,19957889.0
2018-01-09 10:27:43.610000,31.15,31.1,31.15,19957889.0
2018-01-09 10:27:47.846000,31.15,31.1,31.15,19957889.0
2018-01-09 10:27:50.896000,31.15,31.1,31.15,19957889.0
2018-01-09 10:27:54.897000,31.15,31.1,31.15,19957889.0
2018-01-09 10:27:58.738000,31.15,31.1,31.15,19957889.0
2018-01-09 10:28:02.705000,31.15,31.1,31.15,19957889.0
2018-01-09 10:28:06.506000,31.15,31.1,31.15,19957889.0
2018-01-09 10:28:10.326000,31.15,31.1,31.15,19961889.0
2018-01-09 10:28:14.516000,31.15,31.1,31.15,19961889.0
2018-01-09 10:28:18.456000,31.15,31.1,31.15,19961889.0
2018-01-09 10:28:21.971000,31.15,31.1,31.15,19961889.0
2018-01-09 10:28:25.491000,31.15,31.1,31.15,19961889.0
2018-01-09 10:28:28.878000,31.15,31.1,31.15,19961889.0
2018-01-09 10:28:32.794000,31.15,31.1,31.15,19961889.0
2018-01-09 10:28:36.679000,31.15,31.1,31.15,19961889.0
2018-01-09 10:28:40.209000,31.15,31.1,31.15,19961889.0
2018-01-09 10:28:43.912000,31.15,31.1,31.15,19961889.0
2018-01-09 10:28:47.925000,31.15,31.1,31.15,19961889.0
2018-01-09 10:28:51.794000,31.15,31.1,31.15,19961889.0
2018-01-09 10:28:55.964000,31.15,31.1,31.15,19961889.0
2018-01-09 10:28:59.440000,31.15,31.1,31.15,19961889.0
2018-01-09 10:29:03.129000,31.15,31.1,31.15,19961889.0
2018-01-09 10:29:06.895000,31.15,31.1,31.15,19961889.0
2018-01-09 10:29:13.224000,31.15,31.1,31.15,19961889.0
2018-01-09 10:29:17.863000,31.15,31.1,31.15,19965889.0
2018-01-09 10:29:21.386000,31.15,31.1,31.15,19965889.0
2018-01-09 10:29:25.410000,31.15,31.1,31.15,19965889.0
2018-01-09 10:29:28.944000,31.15,31.1,31.15,19965889.0
2018-01-09 10:29:32.648000,31.15,31.1,31.15,19965889.0
2018-01-09 10:29:35.395000,31.15,31.1,31.15,19965889.0
2018-01-09 10:29:39.241000,31.15,31.1,31.15,19965889.0
2018-01-09 10:29:43.256000,31.15,31.1,31.15,19965889.0
2018-01-09 10:29:46.666000,31.15,31.1,31.15,19965889.0
2018-01-09 10:29:50.982000,31.15,31.1,31.15,19965889.0
2018-01-09 10:29:55.007000,31.15,31.1,31.15,19965889.0
2018-01-09 10:29:58.194000,31.15,31.1,31.15,19965889.0
2018-01-09 10:30:02.013000,31.15,31.1,31.15,19965889.0
2018-01-09 10:30:05.512000,31.15,31.1,31.15,19965889.0
2018-01-09 10:30:09.293000,31.15,31.1,31.15,19965889.0
2018-01-09 10:30:13.147000,31.15,31.1,31.15,19965889.0
2018-01-09 10:30:16.977000,31.15,31.1,31.15,19965889.0
2018-01-09 10:30:21.151000,31.15,31.1,31.15,19965889.0
2018-01-09 10:30:24.562000,31.15,31.1,31.15,19965889.0
2018-01-09 10:30:27.739000,31.15,31.1,31.15,19965889.0
2018-01-09 10:30:31.252000,31.15,31.1,31.15,19965889.0
2018-01-09 10:30:35.111000,31.15,31.1,31.15,19965889.0
2018-01-09 10:30:38.179000,31.15,31.1,31.15,19965889.0
2018-01-09 10:30:41.838000,31.15,31.1,31.15,19965889.0
2018-01-09 10:30:45.523000,31.15,31.1,31.15,19965889.0
2018-01-09 10:30:49.313000,31.15,31.1,31.15,19965889.0
2018-01-09 10:30:53.275000,31.15,31.1,31.15,19965889.0
2018-01-09 10:30:56.393000,31.15,31.1,31.15,19965889.0
2018-01-09 10:30:59.899000,31.15,31.1,31.15,19965889.0
2018-01-09 10:31:03.571000,31.15,31.1,31.15,19965889.0
2018-01-09 10:31:07.288000,31.15,31.1,31.15,19965889.0
2018-01-09 10:31:12.710000,31.15,31.1,31.15,19965889.0
2018-01-09 10:31:16.316000,31.15,31.1,31.15,19965889.0
2018-01-09 10:31:20.631000,31.15,31.1,31.15,19965889.0
2018-01-09 10:31:24.836000,31.15,31.1,31.15,19965889.0
2018-01-09 10:31:28.369000,31.15,31.1,31.15,19965889.0
2018-01-09 10:31:32.490000,31.15,31.1,31.15,19965889.0
2018-01-09 10:31:36.265000,31.15,31.1,31.15,19965889.0
2018-01-09 10:31:39.653000,31.15,31.1,31.15,19965889.0
2018-01-09 10:31:43.901000,31.15,31.1,31.15,19965889.0
2018-01-09 10:31:47.930000,31.15,31.1,31.15,19965889.0
2018-01-09 10:31:51.733000,31.15,31.1,31.15,19965889.0
2018-01-09 10:31:55.648000,31.15,31.1,31.15,19965889.0
2018-01-09 10:31:59.481000,31.15,31.1,31.15,19965889.0
2018-01-09 10:32:03.166000,31.15,31.1,31.15,19965889.0
2018-01-09 10:32:07.056000,31.15,31.1,31.15,19965889.0
2018-01-09 10:32:17.124000,31.1,31.1,31.15,19974889.0
2018-01-09 10:32:20.904000,31.1,31.1,31.15,19974889.0
2018-01-09 10:32:24.746000,31.1,31.1,31.15,19974889.0
2018-01-09 10:32:28.431000,31.1,31.1,31.15,19974889.0
2018-01-09 10:32:32.336000,31.1,31.1,31.15,19974889.0
2018-01-09 10:32:36.389000,31.1,31.1,31.15,19974889.0
2018-01-09 10:32:40.110000,31.1,31.1,31.15,19974889.0
2018-01-09 10:32:44.010000,31.1,31.1,31.15,19974889.0
2018-01-09 10:32:47.793000,31.1,31.1,31.15,19974889.0
2018-01-09 10:32:52.492000,31.1,31.1,31.15,19974889.0
2018-01-09 10:32:55.819000,31.1,31.1,31.15,19974889.0
2018-01-09 10:32:59.151000,31.1,31.1,31.15,19974889.0
2018-01-09 10:33:02.605000,31.1,31.1,31.15,19974889.0
2018-01-09 10:33:06.940000,31.1,31.1,31.15,19974889.0
2018-01-09 10:33:13.357000,31.1,31.1,31.15,19974889.0
2018-01-09 10:33:18.887000,31.1,31.1,31.15,19974889.0
2018-01-09 10:33:22.618000,31.1,31.1,31.15,19977389.0
2018-01-09 10:33:26.448000,31.1,31.1,31.15,19977389.0
2018-01-09 10:33:29.904000,31.1,31.1,31.15,19977389.0
2018-01-09 10:33:33.012000,31.1,31.1,31.15,19977389.0
2018-01-09 10:33:36.956000,31.1,31.1,31.15,19977389.0
2018-01-09 10:33:41.342000,31.1,31.1,31.15,19977389.0
2018-01-09 10:33:45.058000,31.1,31.1,31.15,19977389.0
2018-01-09 10:33:49.026000,31.1,31.1,31.15,19977389.0
2018-01-09 10:33:52.510000,31.1,31.1,31.15,19977389.0
2018-01-09 10:33:56.373000,31.1,31.1,31.15,19977389.0
2018-01-09 10:33:59.747000,31.1,31.1,31.15,19977389.0
2018-01-09 10:34:03.510000,31.1,31.1,31.15,19977389.0
2018-01-09 10:34:07.225000,31.1,31.1,31.15,19977389.0
2018-01-09 10:34:11.559000,31.1,31.1,31.15,19977389.0
2018-01-09 10:34:15.304000,31.1,31.1,31.15,19977389.0
2018-01-09 10:34:20.706000,31.1,31.1,31.15,19977389.0
2018-01-09 10:34:25.249000,31.1,31.1,31.15,19977389.0
2018-01-09 10:34:28.667000,31.1,31.1,31.15,19977389.0
2018-01-09 10:34:32.797000,31.1,31.1,31.15,19977389.0
2018-01-09 10:34:36.858000,31.1,31.1,31.15,19977389.0
2018-01-09 10:34:40.628000,31.1,31.1,31.15,19980889.0
2018-01-09 10:34:44.510000,31.1,31.1,31.15,19980889.0
2018-01-09 10:34:48.970000,31.1,31.1,31.15,19980889.0
2018-01-09 10:34:52.831000,31.1,31.1,31.15,19980889.0
2018-01-09 10:34:56.774000,31.1,31.1,31.15,19980889.0
2018-01-09 10:35:00.734000,31.1,31.1,31.15,19980889.0
2018-01-09 10:35:04.562000,31.1,31.1,31.15,19980889.0
2018-01-09 10:35:11.763000,31.1,31.1,31.15,19980889.0
2018-01-09 10:35:15.267000,31.1,31.1,31.15,19980889.0
2018-01-09 10:35:19.235000,31.1,31.1,31.15,19980889.0
2018-01-09 10:35:23.193000,31.1,31.1,31.15,19980889.0
2018-01-09 10:35:26.452000,31.1,31.1,31.15,19980889.0
2018-01-09 10:35:29.727000,31.1,31.1,31.15,19980889.0
2018-01-09 10:35:33.640000,31.1,31.1,31.15,19980889.0
2018-01-09 10:35:37.890000,31.1,31.1,31.15,19980889.0
2018-01-09 10:35:41.510000,31.1,31.1,31.15,19980889.0
2018-01-09 10:35:45.638000,31.1,31.1,31.15,19980889.0
2018-01-09 10:35:49.979000,31.1,31.1,31.15,19980889.0
2018-01-09 10:35:54.080000,31.1,31.1,31.15,19980889.0
2018-01-09 10:35:58.203000,31.1,31.1,31.15,19980889.0
2018-01-09 10:36:01.725000,31.1,31.1,31.15,19980889.0
2018-01-09 10:36:05.787000,31.15,31.1,31.15,19983889.0
2018-01-09 10:36:10.078000,31.15,31.1,31.15,19983889.0
2018-01-09 10:36:14.217000,31.15,31.1,31.15,19983889.0
2018-01-09 10:36:19.719000,31.15,31.1,31.15,19983889.0
2018-01-09 10:36:23.638000,31.15,31.1,31.15,19983889.0
2018-01-09 10:36:26.675000,31.15,31.1,31.15,19983889.0
2018-01-09 10:36:29.766000,31.15,31.1,31.15,19983889.0
2018-01-09 10:36:34.109000,31.15,31.1,31.15,19983889.0
2018-01-09 10:36:38.015000,31.15,31.1,31.15,19983889.0
2018-01-09 10:36:41.199000,31.15,31.1,31.15,19983889.0
2018-01-09 10:36:45.175000,31.15,31.1,31.15,19983889.0
2018-01-09 10:36:48.848000,31.15,31.1,31.15,19985389.0
2018-01-09 10:36:52.717000,31.15,31.1,31.15,19985389.0
2018-01-09 10:36:56.996000,31.15,31.1,31.15,19985389.0
2018-01-09 10:37:01.287000,31.15,31.1,31.15,19985389.0
2018-01-09 10:37:06.029000,31.15,31.1,31.15,19985389.0
2018-01-09 10:37:14.630000,31.15,31.1,31.15,19985389.0
2018-01-09 10:37:18.189000,31.15,31.1,31.15,19985389.0
2018-01-09 10:37:22.052000,31.15,31.1,31.15,19985389.0
2018-01-09 10:37:26.039000,31.15,31.1,31.15,19985389.0
2018-01-09 10:37:30.037000,31.15,31.1,31.15,19985389.0
2018-01-09 10:37:34.137000,31.15,31.1,31.15,19985389.0
2018-01-09 10:37:38.125000,31.15,31.1,31.15,19985389.0
2018-01-09 10:37:42.145000,31.15,31.1,31.15,19985389.0
2018-01-09 10:37:45.629000,31.15,31.1,31.15,19986389.0
2018-01-09 10:37:49.425000,31.15,31.1,31.15,19986389.0
2018-01-09 10:37:52.736000,31.15,31.1,31.15,19986389.0
2018-01-09 10:37:56.896000,31.15,31.1,31.15,19986389.0
2018-01-09 10:38:00.880000,31.15,31.1,31.15,19986389.0
2018-01-09 10:38:08.206000,31.15,31.1,31.15,19986389.0
2018-01-09 10:38:12.147000,31.15,31.1,31.15,19986389.0
2018-01-09 10:38:16.196000,31.15,31.1,31.15,19986389.0
2018-01-09 10:38:20.089000,31.15,31.1,31.15,19986389.0
2018-01-09 10:38:23.928000,31.15,31.1,31.15,19986389.0
2018-01-09 10:38:28.107000,31.15,31.1,31.15,19986389.0
2018-01-09 10:38:32.125000,31.15,31.1,31.15,19986389.0
2018-01-09 10:38:35.877000,31.15,31.1,31.15,19986389.0
2018-01-09 10:38:39.585000,31.15,31.1,31.15,19986389.0
2018-01-09 10:38:43.611000,31.15,31.1,31.15,19986389.0
2018-01-09 10:38:47.573000,31.15,31.1,31.15,19986389.0
2018-01-09 10:38:51.742000,31.15,31.1,31.15,19986389.0
2018-01-09 10:38:55.920000,31.15,31.1,31.15,19986389.0
2018-01-09 10:38:59.568000,31.15,31.1,31.15,19986389.0
2018-01-09 10:39:02.951000,31.15,31.1,31.15,19986389.0
2018-01-09 10:39:11.274000,31.15,31.1,31.15,19986389.0
2018-01-09 10:39:15.397000,31.15,31.1,31.15,19986389.0
2018-01-09 10:39:18.647000,31.15,31.1,31.15,19986389.0
2018-01-09 10:39:22.940000,31.15,31.1,31.15,19990889.0
2018-01-09 10:39:26.428000,31.15,31.1,31.15,19990889.0
2018-01-09 10:39:30.569000,31.15,31.1,31.15,19990889.0
2018-01-09 10:39:34.737000,31.15,31.1,31.15,19990889.0
2018-01-09 10:39:37.879000,31.15,31.1,31.15,19990889.0
2018-01-09 10:39:42.214000,31.15,31.1,31.15,19990889.0
2018-01-09 10:39:46.459000,31.15,31.1,31.15,19990889.0
2018-01-09 10:39:50.356000,31.15,31.1,31.15,19990889.0
2018-01-09 10:39:53.867000,31.15,31.1,31.15,19990889.0
2018-01-09 10:39:57.409000,31.15,31.1,31.15,19990889.0
2018-01-09 10:40:00.897000,31.15,31.1,31.15,19990889.0
2018-01-09 10:40:07.080000,31.15,31.1,31.15,19990889.0
2018-01-09 10:40:11.178000,31.15,31.1,31.15,19990889.0
2018-01-09 10:40:14.811000,31.15,31.1,31.15,19990889.0
2018-01-09 10:40:18.540000,31.15,31.1,31.15,19990889.0
2018-01-09 10:40:22.280000,31.15,31.1,31.15,19990889.0
2018-01-09 10:40:26.364000,31.15,31.1,31.15,19990889.0
2018-01-09 10:40:29.993000,31.15,31.1,31.15,19990889.0
2018-01-09 10:40:33.861000,31.15,31.1,31.15,19992389.0
2018-01-09 10:40:38.038000,31.15,31.15,31.2,20987389.0
2018-01-09 10:40:41.589000,31.15,31.15,31.2,20987389.0
2018-01-09 10:40:45.218000,31.15,31.15,31.2,20987389.0
2018-01-09 10:40:49.070000,31.15,31.15,31.2,20987389.0
2018-01-09 10:40:53.098000,31.15,31.1,31.15,21449889.0
2018-01-09 10:40:56.867000,31.15,31.1,31.15,21449889.0
2018-01-09 10:41:00.287000,31.15,31.1,31.15,21449889.0
2018-01-09 10:41:03.304000,31.15,31.1,31.15,21449889.0
2018-01-09 10:41:07.092000,31.15,31.1,31.15,21449889.0
2018-01-09 10:41:10.806000,31.15,31.1,31.15,21449889.0
2018-01-09 10:41:14.773000,31.15,31.1,31.15,21449889.0
2018-01-09 10:41:18.947000,31.15,31.1,31.15,21449889.0
2018-01-09 10:41:22.629000,31.15,31.1,31.15,21449889.0
2018-01-09 10:41:26.025000,31.15,31.1,31.15,21449889.0
2018-01-09 10:41:29.977000,31.15,31.15,31.2,21713389.0
2018-01-09 10:41:33.556000,31.15,31.15,31.2,21713389.0
2018-01-09 10:41:37.607000,31.15,31.1,31.15,22755889.0
2018-01-09 10:41:41.763000,31.15,31.1,31.15,22755889.0
2018-01-09 10:41:45.395000,31.15,31.1,31.15,22755889.0
2018-01-09 10:41:48.828000,31.15,31.1,31.15,22755889.0
2018-01-09 10:41:52.300000,31.15,31.1,31.15,23757389.0
2018-01-09 10:41:55.339000,31.15,31.1,31.15,23757389.0
2018-01-09 10:41:59.447000,31.15,31.1,31.15,23757389.0
2018-01-09 10:42:02.920000,31.15,31.1,31.15,23757389.0
2018-01-09 10:42:09.700000,31.15,31.1,31.15,23757389.0
2018-01-09 10:42:13.679000,31.15,31.1,31.15,23757389.0
2018-01-09 10:42:21.082000,31.15,31.1,31.15,23757389.0
2018-01-09 10:42:25.245000,31.15,31.1,31.15,24521889.0
2018-01-09 10:42:29.241000,31.15,31.1,31.15,24521889.0
2018-01-09 10:42:33.015000,31.15,31.1,31.15,24521889.0
2018-01-09 10:42:35.921000,31.15,31.1,31.15,24521889.0
2018-01-09 10:42:39.606000,31.15,31.1,31.15,24521889.0
2018-01-09 10:42:43.509000,31.15,31.1,31.15,24521889.0
2018-01-09 10:42:47.017000,31.15,31.1,31.15,24521889.0
2018-01-09 10:42:51.141000,31.15,31.1,31.15,24521889.0
2018-01-09 10:42:54.700000,31.15,31.1,31.15,24521889.0
2018-01-09 10:42:58.290000,31.15,31.1,31.15,24521889.0
2018-01-09 10:43:02.522000,31.15,31.1,31.15,24521889.0
2018-01-09 10:43:07.752000,31.15,31.1,31.15,24521889.0
2018-01-09 10:43:11.796000,31.15,31.1,31.15,24521889.0
2018-01-09 10:43:15.558000,31.15,31.1,31.15,24521889.0
2018-01-09 10:43:19.448000,31.15,31.1,31.15,24521889.0
2018-01-09 10:43:23.338000,31.15,31.1,31.15,24521889.0
2018-01-09 10:43:27.404000,31.15,31.1,31.15,24521889.0
2018-01-09 10:43:31.452000,31.15,31.1,31.15,24521889.0
2018-01-09 10:43:35.230000,31.15,31.1,31.15,24524389.0
2018-01-09 10:43:38.779000,31.15,31.1,31.15,25326889.0
2018-01-09 10:43:42.680000,31.15,31.1,31.15,25326889.0
2018-01-09 10:43:46.347000,31.15,31.1,31.15,25326889.0
2018-01-09 10:43:50.451000,31.15,31.1,31.15,25326889.0
2018-01-09 10:43:54.182000,31.15,31.1,31.15,25326889.0
2018-01-09 10:43:58.181000,31.15,31.1,31.15,25326889.0
2018-01-09 10:44:02.128000,31.15,31.1,31.15,25326889.0
2018-01-09 10:44:05.311000,31.15,31.1,31.15,25326889.0
2018-01-09 10:44:11.674000,31.15,31.1,31.15,25542369.0
2018-01-09 10:44:15.237000,31.15,31.1,31.15,25542369.0
2018-01-09 10:44:21.806000,31.15,31.1,31.15,25542369.0
2018-01-09 10:44:25.752000,31.15,31.1,31.15,25542369.0
2018-01-09 10:44:28.979000,31.15,31.1,31.15,25542369.0
2018-01-09 10:44:32.976000,31.15,31.1,31.15,25542369.0
2018-01-09 10:44:36.812000,31.15,31.1,31.15,25542369.0
2018-01-09 10:44:40.476000,31.15,31.1,31.15,25542369.0
2018-01-09 10:44:44.391000,31.15,31.15,31.2,25944869.0
2018-01-09 10:44:48.263000,31.15,31.15,31.2,25944869.0
2018-01-09 10:44:51.849000,31.15,31.15,31.2,25944869.0
2018-01-09 10:44:55.805000,31.15,31.15,31.2,25944869.0
2018-01-09 10:44:59.232000,31.15,31.15,31.2,25944869.0
2018-01-09 10:45:03.331000,31.15,31.15,31.2,25944869.0
2018-01-09 10:45:07.074000,31.15,31.15,31.2,25944869.0
2018-01-09 10:45:14.906000,31.15,31.15,31.2,25944869.0
2018-01-09 10:45:20.722000,31.15,31.15,31.2,25944869.0
2018-01-09 10:45:24.283000,31.15,31.15,31.2,25944869.0
2018-01-09 10:45:27.893000,31.15,31.15,31.2,25944869.0
2018-01-09 10:45:31.767000,31.15,31.15,31.2,25944869.0
2018-01-09 10:45:34.675000,31.15,31.15,31.2,25944869.0
2018-01-09 10:45:38.606000,31.15,31.15,31.2,25944869.0
2018-01-09 10:45:42.381000,31.15,31.15,31.2,25944869.0
2018-01-09 10:45:45.854000,31.15,31.15,31.2,25944869.0
2018-01-09 10:45:49.800000,31.15,31.15,31.2,25944869.0
2018-01-09 10:45:53.077000,31.15,31.15,31.2,25944869.0
2018-01-09 10:45:56.768000,31.15,31.15,31.2,25944869.0
2018-01-09 10:46:00.880000,31.15,31.15,31.2,25944869.0
2018-01-09 10:46:04.491000,31.15,31.15,31.2,25944869.0
2018-01-09 10:46:08.138000,31.15,31.15,31.2,25944869.0
2018-01-09 10:46:11.537000,31.15,31.15,31.2,25944869.0
2018-01-09 10:46:15.171000,31.15,31.15,31.2,25944869.0
2018-01-09 10:46:19.982000,31.15,31.15,31.2,25944869.0
2018-01-09 10:46:26.362000,31.15,31.15,31.2,25944869.0
2018-01-09 10:46:30.405000,31.15,31.1,31.15,26008869.0
2018-01-09 10:46:34.580000,31.15,31.1,31.15,26008869.0
2018-01-09 10:46:38.683000,31.15,31.1,31.15,26008869.0
2018-01-09 10:46:42.540000,31.15,31.1,31.15,26008869.0
2018-01-09 10:46:46.727000,31.15,31.1,31.15,26008869.0
2018-01-09 10:46:50.266000,31.15,31.1,31.15,26008869.0
2018-01-09 10:46:54.331000,31.15,31.1,31.15,26008869.0
2018-01-09 10:46:58.100000,31.15,31.1,31.15,26008869.0
2018-01-09 10:47:01.250000,31.15,31.1,31.15,26008869.0
2018-01-09 10:47:05.211000,31.15,31.1,31.15,26008869.0
2018-01-09 10:47:08.848000,31.1,31.1,31.15,26153369.0
2018-01-09 10:47:13.037000,31.1,31.1,31.15,26153369.0
2018-01-09 10:47:16.918000,31.1,31.1,31.15,26153369.0
2018-01-09 10:47:20.631000,31.1,31.1,31.15,26153369.0
2018-01-09 10:47:24.653000,31.1,31.1,31.15,26153369.0
2018-01-09 10:47:28.082000,31.1,31.1,31.15,26153369.0
2018-01-09 10:47:31.401000,31.1,31.1,31.15,26153369.0
2018-01-09 10:47:35.454000,31.1,31.1,31.15,26153369.0
2018-01-09 10:47:39.430000,31.15,31.1,31.2,26567369.0
2018-01-09 10:47:43.140000,31.15,31.1,31.2,26567369.0
2018-01-09 10:47:47.218000,31.15,31.1,31.2,26567369.0
2018-01-09 10:47:51.117000,31.15,31.1,31.2,26567369.0
2018-01-09 10:47:55.269000,31.15,31.1,31.2,26567369.0
2018-01-09 10:47:59.095000,31.15,31.1,31.2,26567369.0
2018-01-09 10:48:04.185000,31.15,31.1,31.2,26567369.0
2018-01-09 10:48:08.513000,31.15,31.1,31.2,26567369.0
2018-01-09 10:48:11.791000,31.15,31.1,31.2,26567369.0
2018-01-09 10:48:18.627000,31.15,31.1,31.2,26567369.0
2018-01-09 10:48:22.124000,31.15,31.1,31.2,26567369.0
2018-01-09 10:48:25.677000,31.15,31.1,31.2,26567369.0
2018-01-09 10:48:28.722000,31.15,31.1,31.2,26567369.0
2018-01-09 10:48:32.561000,31.15,31.1,31.2,26567369.0
2018-01-09 10:48:36.512000,31.15,31.1,31.2,26567369.0
2018-01-09 10:48:40.220000,31.15,31.1,31.2,26567369.0
2018-01-09 10:48:44.049000,31.15,31.1,31.2,26567369.0
2018-01-09 10:48:47.943000,31.15,31.1,31.2,26567369.0
2018-01-09 10:48:51.974000,31.15,31.1,31.2,26567369.0
2018-01-09 10:48:56.052000,31.15,31.1,31.2,26567369.0
2018-01-09 10:48:59.756000,31.15,31.1,31.2,26567369.0
2018-01-09 10:49:04.117000,31.15,31.1,31.2,26567369.0
2018-01-09 10:49:07.736000,31.15,31.1,31.2,26567369.0
2018-01-09 10:49:11.367000,31.15,31.1,31.2,26567369.0
2018-01-09 10:49:15.324000,31.15,31.1,31.2,26567369.0
2018-01-09 10:49:18.987000,31.15,31.1,31.2,26567369.0
2018-01-09 10:49:23.215000,31.2,31.15,31.2,26577869.0
2018-01-09 10:49:27.302000,31.2,31.15,31.2,26577869.0
2018-01-09 10:49:31.302000,31.2,31.15,31.2,26577869.0
2018-01-09 10:49:35.226000,31.2,31.15,31.2,26577869.0
2018-01-09 10:49:39.392000,31.2,31.15,31.2,26577869.0
2018-01-09 10:49:43.631000,31.2,31.15,31.2,26577869.0
2018-01-09 10:49:46.952000,31.2,31.15,31.2,26577869.0
2018-01-09 10:49:50.366000,31.2,31.15,31.2,26577869.0
2018-01-09 10:49:54.332000,31.2,31.15,31.2,26577869.0
2018-01-09 10:49:57.977000,31.2,31.15,31.2,26577869.0
2018-01-09 10:50:01.037000,31.2,31.15,31.2,26577869.0
2018-01-09 10:50:04.747000,31.2,31.15,31.2,26577869.0
2018-01-09 10:50:08.058000,31.2,31.15,31.2,26577869.0
2018-01-09 10:50:11.795000,31.2,31.15,31.2,26577869.0
2018-01-09 10:50:15.179000,31.2,31.15,31.2,26577869.0
2018-01-09 10:50:20.667000,31.2,31.15,31.2,26577869.0
2018-01-09 10:50:24.702000,31.2,31.15,31.2,26577869.0
2018-01-09 10:50:27.814000,31.2,31.15,31.2,26577869.0
2018-01-09 10:50:31.652000,31.2,31.15,31.2,26577869.0
2018-01-09 10:50:35.439000,31.2,31.15,31.2,26577869.0
2018-01-09 10:50:39.272000,31.2,31.15,31.2,26577869.0
2018-01-09 10:50:42.873000,31.2,31.15,31.2,26577869.0
2018-01-09 10:50:46.176000,31.2,31.15,31.2,26577869.0
2018-01-09 10:50:49.662000,31.2,31.15,31.2,26577869.0
2018-01-09 10:50:53.101000,31.2,31.15,31.2,26577869.0
2018-01-09 10:50:56.496000,31.2,31.15,31.2,26577869.0
2018-01-09 10:51:00.401000,31.2,31.15,31.2,26577869.0
2018-01-09 10:51:07.379000,31.2,31.15,31.2,26577869.0
2018-01-09 10:51:15.349000,31.2,31.15,31.2,26577869.0
2018-01-09 10:51:19.169000,31.2,31.15,31.2,26603369.0
2018-01-09 10:51:23.359000,31.2,31.15,31.2,26603369.0
2018-01-09 10:51:27.438000,31.2,31.15,31.2,26603369.0
2018-01-09 10:51:31.565000,31.2,31.15,31.2,26603369.0
2018-01-09 10:51:34.943000,31.2,31.15,31.2,26603369.0
2018-01-09 10:51:38.912000,31.2,31.15,31.2,26603369.0
2018-01-09 10:51:42.666000,31.2,31.15,31.2,26603369.0
2018-01-09 10:51:46.300000,31.2,31.15,31.2,26603369.0
2018-01-09 10:51:49.674000,31.2,31.15,31.2,26603369.0
2018-01-09 10:51:53.219000,31.2,31.15,31.2,26603369.0
2018-01-09 10:51:57.249000,31.2,31.15,31.2,26603369.0
2018-01-09 10:52:01.219000,31.2,31.15,31.2,26603369.0
2018-01-09 10:52:04.747000,31.2,31.15,31.2,26603369.0
2018-01-09 10:52:10.322000,31.2,31.15,31.2,26603369.0
2018-01-09 10:52:14.288000,31.2,31.15,31.2,26603369.0
2018-01-09 10:52:21.035000,31.2,31.15,31.2,26603369.0
2018-01-09 10:52:24.604000,31.2,31.15,31.2,26610369.0
2018-01-09 10:52:28.666000,31.2,31.15,31.2,26610369.0
2018-01-09 10:52:32.307000,31.2,31.15,31.2,26610369.0
2018-01-09 10:52:35.572000,31.2,31.15,31.2,26610369.0
2018-01-09 10:52:39.270000,31.2,31.15,31.2,26610369.0
2018-01-09 10:52:42.450000,31.2,31.15,31.2,26610369.0
2018-01-09 10:52:46.651000,31.2,31.15,31.2,26610369.0
2018-01-09 10:52:50.291000,31.2,31.15,31.2,26610369.0
2018-01-09 10:52:54.172000,31.2,31.15,31.2,26610369.0
2018-01-09 10:52:57.752000,31.2,31.15,31.2,26610369.0
2018-01-09 10:53:01.798000,31.2,31.15,31.2,26610369.0
2018-01-09 10:53:05.369000,31.2,31.15,31.2,26610369.0
2018-01-09 10:53:09.193000,31.2,31.15,31.2,26610369.0
2018-01-09 10:53:12.839000,31.2,31.15,31.2,26612369.0
2018-01-09 10:53:16.425000,31.2,31.15,31.2,26612369.0
2018-01-09 10:53:20.012000,31.15,31.1,31.15,26977869.0
2018-01-09 10:53:23.416000,31.15,31.1,31.15,26977869.0
2018-01-09 10:53:27.209000,31.15,31.1,31.15,26977869.0
2018-01-09 10:53:31.339000,31.15,31.1,31.15,26977869.0
2018-01-09 10:53:35.240000,31.15,31.1,31.15,26977869.0
2018-01-09 10:53:39.150000,31.15,31.1,31.15,26977869.0
2018-01-09 10:53:43.200000,31.15,31.1,31.15,26977869.0
2018-01-09 10:53:46.711000,31.15,31.1,31.15,26977869.0
2018-01-09 10:53:50.896000,31.15,31.1,31.15,26977869.0
2018-01-09 10:53:54.843000,31.15,31.1,31.15,27181369.0
2018-01-09 10:53:58.799000,31.15,31.1,31.15,27181369.0
2018-01-09 10:54:02.216000,31.15,31.1,31.15,27181369.0
2018-01-09 10:54:05.423000,31.15,31.1,31.15,27181369.0
2018-01-09 10:54:09.354000,31.15,31.1,31.15,27181369.0
2018-01-09 10:54:12.242000,31.15,31.1,31.15,27181369.0
2018-01-09 10:54:15.816000,31.15,31.1,31.15,27181369.0
2018-01-09 10:54:22.565000,31.15,31.1,31.15,27181369.0
2018-01-09 10:54:26.788000,31.15,31.1,31.15,27181369.0
2018-01-09 10:54:30.842000,31.15,31.1,31.15,27181369.0
2018-01-09 10:54:34.612000,31.15,31.15,31.2,27305369.0
2018-01-09 10:54:38.557000,31.15,31.15,31.2,27305369.0
2018-01-09 10:54:42.663000,31.15,31.15,31.2,27305369.0
2018-01-09 10:54:46.602000,31.15,31.15,31.2,27305369.0
2018-01-09 10:54:50.164000,31.15,31.15,31.2,27305369.0
2018-01-09 10:54:54.908000,31.15,31.15,31.2,27305369.0
2018-01-09 10:54:58.624000,31.15,31.15,31.2,27305369.0
2018-01-09 10:55:02.962000,31.15,31.15,31.2,27305369.0
2018-01-09 10:55:09.042000,31.15,31.15,31.2,27305369.0
2018-01-09 10:55:14.739000,31.15,31.15,31.2,27305369.0
2018-01-09 10:55:18.826000,31.15,31.15,31.2,27305369.0
2018-01-09 10:55:22.669000,31.15,31.15,31.2,27305369.0
2018-01-09 10:55:26.645000,31.15,31.15,31.2,27305369.0
2018-01-09 10:55:30.809000,31.15,31.15,31.2,27305369.0
2018-01-09 10:55:34.901000,31.15,31.15,31.2,27305369.0
2018-01-09 10:55:38.803000,31.15,31.15,31.2,27305369.0
2018-01-09 10:55:42.528000,31.15,31.15,31.2,27308369.0
2018-01-09 10:55:47.316000,31.15,31.15,31.2,27308369.0
2018-01-09 10:55:51.277000,31.15,31.15,31.2,27308369.0
2018-01-09 10:55:55.513000,31.15,31.15,31.2,27308369.0
2018-01-09 10:55:58.991000,31.15,31.15,31.2,27308369.0
2018-01-09 10:56:03.188000,31.15,31.15,31.2,27308369.0
2018-01-09 10:56:10.449000,31.15,31.15,31.2,27308369.0
2018-01-09 10:56:14.601000,31.15,31.15,31.2,27308369.0
2018-01-09 10:56:18.483000,31.15,31.15,31.2,27308369.0
2018-01-09 10:56:22.481000,31.15,31.15,31.2,27308369.0
2018-01-09 10:56:26.293000,31.15,31.15,31.2,27308369.0
2018-01-09 10:56:29.835000,31.15,31.15,31.2,27308369.0
2018-01-09 10:56:34.170000,31.15,31.15,31.2,27308369.0
2018-01-09 10:56:37.748000,31.15,31.15,31.2,27308369.0
2018-01-09 10:56:41.697000,31.15,31.15,31.2,27308369.0
2018-01-09 10:56:45.910000,31.15,31.15,31.2,27308369.0
2018-01-09 10:56:50.106000,31.15,31.15,31.2,27308369.0
2018-01-09 10:56:53.293000,31.15,31.15,31.2,27308369.0
2018-01-09 10:56:56.913000,31.15,31.15,31.2,27308369.0
2018-01-09 10:57:00.889000,31.15,31.15,31.2,27308369.0
2018-01-09 10:57:05.169000,31.15,31.15,31.2,27308369.0
2018-01-09 10:57:11.108000,31.15,31.15,31.2,27308369.0
2018-01-09 10:57:15.047000,31.15,31.15,31.2,27308369.0
2018-01-09 10:57:18.690000,31.2,31.15,31.2,27310396.0
2018-01-09 10:57:22.789000,31.2,31.15,31.2,27310396.0
2018-01-09 10:57:26.630000,31.2,31.15,31.2,27310396.0
2018-01-09 10:57:30.653000,31.2,31.15,31.2,27310396.0
2018-01-09 10:57:34.366000,31.2,31.15,31.2,27310396.0
2018-01-09 10:57:38.547000,31.2,31.15,31.2,27310396.0
2018-01-09 10:57:42.733000,31.2,31.15,31.2,27310396.0
2018-01-09 10:57:46.224000,31.2,31.15,31.2,27310396.0
2018-01-09 10:57:50.596000,31.2,31.15,31.2,27310396.0
2018-01-09 10:57:53.885000,31.2,31.15,31.2,27310396.0
2018-01-09 10:57:57.983000,31.2,31.15,31.2,27310396.0
2018-01-09 10:58:01.350000,31.2,31.15,31.2,27310396.0
2018-01-09 10:58:04.785000,31.2,31.15,31.2,27310396.0
2018-01-09 10:58:09.381000,31.2,31.15,31.2,27310396.0
2018-01-09 10:58:16.805000,31.2,31.15,31.2,27310396.0
2018-01-09 10:58:20.448000,31.15,31.15,31.2,27317896.0
2018-01-09 10:58:25.118000,31.15,31.15,31.2,27317896.0
2018-01-09 10:58:29.095000,31.15,31.15,31.2,27317896.0
2018-01-09 10:58:32.709000,31.15,31.15,31.2,27317896.0
2018-01-09 10:58:36.679000,31.15,31.15,31.2,27317896.0
2018-01-09 10:58:40.367000,31.15,31.15,31.2,27317896.0
2018-01-09 10:58:44.649000,31.15,31.15,31.2,27317896.0
2018-01-09 10:58:48.081000,31.15,31.15,31.2,27317896.0
2018-01-09 10:58:51.759000,31.15,31.15,31.2,27317896.0
2018-01-09 10:58:56.127000,31.15,31.15,31.2,27317896.0
2018-01-09 10:58:59.821000,31.15,31.15,31.2,27317896.0
2018-01-09 10:59:02.966000,31.15,31.15,31.2,27317896.0
2018-01-09 10:59:09.022000,31.15,31.15,31.2,27317896.0
2018-01-09 10:59:14.652000,31.15,31.15,31.2,27317896.0
2018-01-09 10:59:19.307000,31.15,31.15,31.2,27317896.0
2018-01-09 10:59:23.267000,31.15,31.15,31.2,27317896.0
2018-01-09 10:59:27.224000,31.15,31.15,31.2,27317896.0
2018-01-09 10:59:30.709000,31.2,31.15,31.2,27321396.0
2018-01-09 10:59:35.773000,31.2,31.15,31.2,27321396.0
2018-01-09 10:59:39.516000,31.2,31.15,31.2,27321396.0
2018-01-09 10:59:43.340000,31.2,31.15,31.2,27321396.0
2018-01-09 10:59:47.468000,31.2,31.15,31.2,27321396.0
2018-01-09 10:59:51.201000,31.2,31.15,31.2,27321396.0
2018-01-09 10:59:54.752000,31.2,31.15,31.2,27321396.0
2018-01-09 10:59:57.825000,31.2,31.15,31.2,27321396.0
2018-01-09 11:00:01.823000,31.2,31.15,31.2,27321396.0
2018-01-09 11:00:05.043000,31.2,31.15,31.2,27321396.0
2018-01-09 11:00:12.163000,31.2,31.15,31.2,27321396.0
2018-01-09 11:00:15.319000,31.2,31.15,31.2,27321396.0
2018-01-09 11:00:19.316000,31.2,31.15,31.2,27321396.0
2018-01-09 11:00:23.176000,31.15,31.15,31.2,27323896.0
2018-01-09 11:00:26.919000,31.15,31.15,31.2,27323896.0
2018-01-09 11:00:30.881000,31.15,31.15,31.2,27323896.0
2018-01-09 11:00:35.204000,31.15,31.15,31.2,27323896.0
2018-01-09 11:00:39.221000,31.15,31.15,31.2,27323896.0
2018-01-09 11:00:43.011000,31.15,31.15,31.2,27323896.0
2018-01-09 11:00:46.575000,31.15,31.15,31.2,27323896.0
2018-01-09 11:00:50.474000,31.15,31.15,31.2,27323896.0
2018-01-09 11:00:54.045000,31.15,31.15,31.2,27323896.0
2018-01-09 11:00:57.129000,31.15,31.15,31.2,27323896.0
2018-01-09 11:01:00.876000,31.15,31.15,31.2,27323896.0
2018-01-09 11:01:04.259000,31.15,31.15,31.2,27323896.0
2018-01-09 11:01:07.653000,31.15,31.15,31.2,27323896.0
2018-01-09 11:01:11.564000,31.15,31.15,31.2,27323896.0
2018-01-09 11:01:15.461000,31.15,31.15,31.2,27323896.0
2018-01-09 11:01:19.198000,31.15,31.15,31.2,27323896.0
2018-01-09 11:01:23.446000,31.15,31.15,31.2,27323896.0
2018-01-09 11:01:27.135000,31.15,31.15,31.2,27323896.0
2018-01-09 11:01:30.769000,31.15,31.15,31.2,27323896.0
2018-01-09 11:01:34.459000,31.15,31.15,31.2,27323896.0
2018-01-09 11:01:38.619000,31.15,31.15,31.2,27323896.0
2018-01-09 11:01:42.667000,31.15,31.15,31.2,27323896.0
2018-01-09 11:01:46.632000,31.15,31.15,31.2,27323896.0
2018-01-09 11:01:50.751000,31.15,31.15,31.2,27323896.0
2018-01-09 11:01:54.624000,31.15,31.15,31.2,27323896.0
2018-01-09 11:01:58.493000,31.15,31.15,31.2,27323896.0
2018-01-09 11:02:01.661000,31.15,31.15,31.2,27323896.0
2018-01-09 11:02:05.256000,31.2,31.15,31.2,27324896.0
2018-01-09 11:02:08.393000,31.2,31.15,31.2,27324896.0
2018-01-09 11:02:12.052000,31.2,31.15,31.2,27324896.0
2018-01-09 11:02:16.019000,31.2,31.15,31.2,27324896.0
2018-01-09 11:02:19.456000,31.2,31.15,31.2,27324896.0
2018-01-09 11:02:22.770000,31.2,31.15,31.2,27324896.0
2018-01-09 11:02:26.935000,31.2,31.15,31.2,27324896.0
2018-01-09 11:02:30.868000,31.2,31.15,31.2,27324896.0
2018-01-09 11:02:34.089000,31.2,31.15,31.2,27324896.0
2018-01-09 11:02:38.492000,31.2,31.15,31.2,27324896.0
2018-01-09 11:02:41.683000,31.2,31.15,31.2,27324896.0
2018-01-09 11:02:45.257000,31.2,31.15,31.2,27324896.0
2018-01-09 11:02:48.770000,31.2,31.15,31.2,27324896.0
2018-01-09 11:02:51.778000,31.2,31.15,31.2,27324896.0
2018-01-09 11:02:55.997000,31.2,31.15,31.2,27324896.0
2018-01-09 11:03:00.566000,31.2,31.15,31.2,27324896.0
2018-01-09 11:03:04.166000,31.2,31.15,31.2,27324896.0
2018-01-09 11:03:08.239000,31.2,31.15,31.2,27324896.0
2018-01-09 11:03:12.651000,31.2,31.15,31.2,27324896.0
2018-01-09 11:03:16.106000,31.2,31.15,31.2,27324896.0
2018-01-09 11:03:19.834000,31.2,31.15,31.2,27324896.0
2018-01-09 11:03:23.658000,31.2,31.15,31.2,27324896.0
2018-01-09 11:03:27.086000,31.2,31.15,31.2,27324896.0
2018-01-09 11:03:30.556000,31.2,31.15,31.2,27324896.0
2018-01-09 11:03:34.295000,31.2,31.15,31.2,27324896.0
2018-01-09 11:03:38.018000,31.2,31.15,31.2,27324896.0
2018-01-09 11:03:42.267000,31.2,31.15,31.2,27324896.0
2018-01-09 11:03:45.969000,31.2,31.15,31.2,27324896.0
2018-01-09 11:03:49.821000,31.2,31.15,31.2,27324896.0
2018-01-09 11:03:53.922000,31.2,31.15,31.2,27324896.0
2018-01-09 11:03:57.988000,31.15,31.15,31.2,27327896.0
2018-01-09 11:04:01.407000,31.15,31.1,31.15,27679396.0
2018-01-09 11:04:07.605000,31.15,31.1,31.15,27679396.0
2018-01-09 11:04:14.895000,31.15,31.1,31.15,27679396.0
2018-01-09 11:04:19.034000,31.15,31.1,31.15,27679396.0
2018-01-09 11:04:22.810000,31.15,31.1,31.15,27679396.0
2018-01-09 11:04:26.094000,31.15,31.1,31.15,27679396.0
2018-01-09 11:04:30.073000,31.15,31.1,31.15,27679396.0
2018-01-09 11:04:33.814000,31.15,31.1,31.15,27679396.0
2018-01-09 11:04:37.600000,31.15,31.1,31.15,27679396.0
2018-01-09 11:04:42.413000,31.15,31.1,31.15,27679396.0
2018-01-09 11:04:46.416000,31.15,31.1,31.15,27679396.0
2018-01-09 11:04:50.024000,31.15,31.1,31.15,27679396.0
2018-01-09 11:04:54.842000,31.15,31.1,31.15,27679396.0
2018-01-09 11:04:58.276000,31.15,31.1,31.15,27679396.0
2018-01-09 11:05:01.844000,31.15,31.1,31.15,27679396.0
2018-01-09 11:05:06.350000,31.15,31.1,31.15,27679396.0
2018-01-09 11:05:09.887000,31.15,31.1,31.2,27837896.0
2018-01-09 11:05:13.258000,31.15,31.1,31.2,27837896.0
2018-01-09 11:05:16.623000,31.15,31.1,31.2,27837896.0
2018-01-09 11:05:22.060000,31.15,31.1,31.2,27837896.0
2018-01-09 11:05:27.246000,31.15,31.1,31.2,27837896.0
2018-01-09 11:05:30.592000,31.15,31.1,31.2,27837896.0
2018-01-09 11:05:33.879000,31.15,31.1,31.2,27837896.0
2018-01-09 11:05:37.360000,31.15,31.1,31.2,27837896.0
2018-01-09 11:05:41.126000,31.15,31.1,31.2,27837896.0
2018-01-09 11:05:45.157000,31.15,31.1,31.2,27837896.0
2018-01-09 11:05:48.679000,31.15,31.1,31.2,27837896.0
2018-01-09 11:05:51.830000,31.15,31.1,31.2,27837896.0
2018-01-09 11:05:55.822000,31.15,31.1,31.2,27837896.0
2018-01-09 11:05:59.606000,31.15,31.1,31.2,27837896.0
2018-01-09 11:06:03.069000,31.15,31.1,31.2,27837896.0
2018-01-09 11:06:06.694000,31.15,31.1,31.2,27837896.0
2018-01-09 11:06:12.268000,31.15,31.1,31.2,27837896.0
2018-01-09 11:06:15.214000,31.15,31.1,31.2,27837896.0
2018-01-09 11:06:19.301000,31.15,31.1,31.2,27837896.0
2018-01-09 11:06:23.278000,31.15,31.1,31.2,27837896.0
2018-01-09 11:06:26.645000,31.15,31.1,31.2,27837896.0
2018-01-09 11:06:30.244000,31.15,31.15,31.2,27955396.0
2018-01-09 11:06:33.699000,31.15,31.15,31.2,27955396.0
2018-01-09 11:06:37.558000,31.15,31.15,31.2,27955396.0
2018-01-09 11:06:41.597000,31.15,31.15,31.2,27955396.0
2018-01-09 11:06:45.334000,31.15,31.15,31.2,27955396.0
2018-01-09 11:06:49.034000,31.15,31.15,31.2,27955396.0
2018-01-09 11:06:53.085000,31.15,31.15,31.2,27955396.0
2018-01-09 11:06:56.939000,31.15,31.15,31.2,27955396.0
2018-01-09 11:06:59.960000,31.15,31.15,31.2,27955396.0
2018-01-09 11:07:04.132000,31.15,31.15,31.2,27955396.0
2018-01-09 11:07:08.037000,31.15,31.15,31.2,27955396.0
2018-01-09 11:07:12.788000,31.15,31.15,31.2,27955396.0
2018-01-09 11:07:16.751000,31.15,31.15,31.2,27955396.0
2018-01-09 11:07:20.738000,31.15,31.15,31.2,27955396.0
2018-01-09 11:07:23.929000,31.15,31.15,31.2,27955396.0
2018-01-09 11:07:27.881000,31.15,31.15,31.2,27955396.0
2018-01-09 11:07:31.924000,31.15,31.15,31.2,27955396.0
2018-01-09 11:07:35.704000,31.15,31.15,31.2,27955396.0
2018-01-09 11:07:38.705000,31.15,31.15,31.2,27955396.0
2018-01-09 11:07:42.535000,31.15,31.15,31.2,27955396.0
2018-01-09 11:07:46.294000,31.15,31.15,31.2,27955396.0
2018-01-09 11:07:50.183000,31.15,31.15,31.2,27955396.0
2018-01-09 11:07:53.588000,31.15,31.15,31.2,27955396.0
2018-01-09 11:07:57.642000,31.15,31.15,31.2,27955396.0
2018-01-09 11:08:01.472000,31.15,31.15,31.2,27955396.0
2018-01-09 11:08:07.920000,31.15,31.15,31.2,27955396.0
2018-01-09 11:08:13.432000,31.2,31.15,31.2,27957396.0
2018-01-09 11:08:17.525000,31.2,31.15,31.2,27957396.0
2018-01-09 11:08:21.633000,31.2,31.15,31.2,27957396.0
2018-01-09 11:08:25.228000,31.2,31.15,31.2,27957396.0
2018-01-09 11:08:28.597000,31.2,31.15,31.2,27957396.0
2018-01-09 11:08:32.758000,31.2,31.15,31.2,27957396.0
2018-01-09 11:08:36.614000,31.2,31.15,31.2,27957396.0
2018-01-09 11:08:40.494000,31.2,31.15,31.2,27957396.0
2018-01-09 11:08:44.559000,31.2,31.15,31.2,27957396.0
2018-01-09 11:08:48.380000,31.2,31.15,31.2,27957396.0
2018-01-09 11:08:52.356000,31.2,31.15,31.2,27957396.0
2018-01-09 11:08:56.374000,31.2,31.15,31.2,27957396.0
2018-01-09 11:09:00.512000,31.2,31.15,31.2,27957396.0
2018-01-09 11:09:03.877000,31.2,31.15,31.2,27957396.0
2018-01-09 11:09:07.684000,31.2,31.15,31.2,27957396.0
2018-01-09 11:09:11.327000,31.2,31.15,31.2,27957396.0
2018-01-09 11:09:15.095000,31.2,31.15,31.2,27957396.0
2018-01-09 11:09:18.843000,31.2,31.15,31.2,27957396.0
2018-01-09 11:09:22.832000,31.2,31.15,31.2,27957396.0
2018-01-09 11:09:26.004000,31.2,31.15,31.2,27957396.0
2018-01-09 11:09:29.416000,31.2,31.15,31.2,27957396.0
2018-01-09 11:09:32.581000,31.2,31.15,31.2,27957396.0
2018-01-09 11:09:36.143000,31.2,31.15,31.2,27957396.0
2018-01-09 11:09:40.086000,31.2,31.15,31.2,27957396.0
2018-01-09 11:09:44.234000,31.2,31.15,31.2,27957396.0
2018-01-09 11:09:47.818000,31.2,31.15,31.2,27957396.0
2018-01-09 11:09:51.456000,31.2,31.15,31.2,27957396.0
2018-01-09 11:09:54.923000,31.2,31.15,31.2,27957396.0
2018-01-09 11:09:58.472000,31.2,31.15,31.2,27957396.0
2018-01-09 11:10:03.124000,31.2,31.15,31.2,27957396.0
2018-01-09 11:10:07.365000,31.2,31.15,31.2,27957396.0
2018-01-09 11:10:11.596000,31.2,31.15,31.2,27957396.0
2018-01-09 11:10:17.527000,31.15,31.15,31.2,27957896.0
2018-01-09 11:10:21.425000,31.15,31.15,31.2,27957896.0
2018-01-09 11:10:24.829000,31.15,31.15,31.2,27957896.0
2018-01-09 11:10:28.328000,31.15,31.15,31.2,27957896.0
2018-01-09 11:10:32.378000,31.15,31.15,31.2,27957896.0
2018-01-09 11:10:35.978000,31.15,31.15,31.2,27957896.0
2018-01-09 11:10:40.019000,31.15,31.15,31.2,27957896.0
2018-01-09 11:10:43.830000,31.15,31.15,31.2,27957896.0
2018-01-09 11:10:47.408000,31.15,31.15,31.2,27957896.0
2018-01-09 11:10:51.378000,31.15,31.15,31.2,27957896.0
2018-01-09 11:10:54.783000,31.15,31.15,31.2,27957896.0
2018-01-09 11:10:58.144000,31.15,31.15,31.2,27957896.0
2018-01-09 11:11:02.075000,31.15,31.15,31.2,27957896.0
2018-01-09 11:11:05.960000,31.15,31.15,31.2,27957896.0
2018-01-09 11:11:09.894000,31.15,31.15,31.2,27957896.0
2018-01-09 11:11:13.460000,31.15,31.15,31.2,27957896.0
2018-01-09 11:11:17.221000,31.15,31.15,31.2,27957896.0
2018-01-09 11:11:21.061000,31.15,31.15,31.2,27957896.0
2018-01-09 11:11:25.114000,31.15,31.15,31.2,27957896.0
2018-01-09 11:11:28.369000,31.15,31.15,31.2,27957896.0
2018-01-09 11:11:31.431000,31.15,31.15,31.2,27957896.0
2018-01-09 11:11:35.483000,31.15,31.15,31.2,27977896.0
2018-01-09 11:11:39.261000,31.15,31.15,31.2,27977896.0
2018-01-09 11:11:42.587000,31.15,31.15,31.2,27977896.0
2018-01-09 11:11:45.974000,31.15,31.15,31.2,27977896.0
2018-01-09 11:11:49.666000,31.15,31.15,31.2,27977896.0
2018-01-09 11:11:52.908000,31.15,31.15,31.2,27977896.0
2018-01-09 11:11:56.510000,31.15,31.15,31.2,27977896.0
2018-01-09 11:12:00.218000,31.15,31.15,31.2,27977896.0
2018-01-09 11:12:04.697000,31.15,31.15,31.2,27977896.0
2018-01-09 11:12:11.497000,31.15,31.15,31.2,27977896.0
2018-01-09 11:12:15.577000,31.15,31.15,31.2,27977896.0
2018-01-09 11:12:19.322000,31.15,31.15,31.2,27977896.0
2018-01-09 11:12:22.653000,31.15,31.15,31.2,27977896.0
2018-01-09 11:12:26.223000,31.15,31.15,31.2,27977896.0
2018-01-09 11:12:30.159000,31.15,31.15,31.2,27977896.0
2018-01-09 11:12:34.104000,31.15,31.15,31.2,27977896.0
2018-01-09 11:12:37.296000,31.15,31.15,31.2,27977896.0
2018-01-09 11:12:40.923000,31.2,31.15,31.2,27982096.0
2018-01-09 11:12:44.890000,31.2,31.15,31.2,27982096.0
2018-01-09 11:12:48.797000,31.2,31.15,31.2,27982096.0
2018-01-09 11:12:52.067000,31.2,31.15,31.2,27982096.0
2018-01-09 11:12:55.902000,31.2,31.15,31.2,27982096.0
2018-01-09 11:12:59.419000,31.2,31.15,31.2,27982096.0
2018-01-09 11:13:03.553000,31.2,31.15,31.2,27982096.0
2018-01-09 11:13:07.512000,31.2,31.15,31.2,27982096.0
2018-01-09 11:13:12.483000,31.2,31.15,31.2,27982096.0
2018-01-09 11:13:18.665000,31.2,31.15,31.2,27982096.0
2018-01-09 11:13:22.597000,31.2,31.15,31.2,28205596.0
2018-01-09 11:13:26.493000,31.2,31.15,31.2,28205596.0
2018-01-09 11:13:30.400000,31.2,31.15,31.2,28205596.0
2018-01-09 11:13:34.671000,31.2,31.15,31.2,28205596.0
2018-01-09 11:13:38.284000,31.2,31.15,31.2,28205596.0
2018-01-09 11:13:42.402000,31.2,31.15,31.2,28205596.0
2018-01-09 11:13:45.802000,31.2,31.15,31.2,28205596.0
2018-01-09 11:13:49.363000,31.2,31.15,31.2,28205596.0
2018-01-09 11:13:52.842000,31.2,31.15,31.2,28205596.0
2018-01-09 11:13:57.367000,31.2,31.15,31.2,28205596.0
2018-01-09 11:14:01.191000,31.2,31.15,31.2,28205596.0
2018-01-09 11:14:07.399000,31.2,31.15,31.2,28205596.0
2018-01-09 11:14:17.298000,31.2,31.15,31.2,28205596.0
2018-01-09 11:14:20.468000,31.2,31.15,31.2,28205596.0
2018-01-09 11:14:24.021000,31.2,31.15,31.2,28205596.0
2018-01-09 11:14:27.349000,31.2,31.15,31.2,28205596.0
2018-01-09 11:14:30.856000,31.2,31.15,31.2,28205596.0
2018-01-09 11:14:34.815000,31.2,31.15,31.2,28205596.0
2018-01-09 11:14:38.585000,31.2,31.15,31.2,28205596.0
2018-01-09 11:14:42.465000,31.2,31.15,31.2,28205596.0
2018-01-09 11:14:46.270000,31.15,31.15,31.2,28206096.0
2018-01-09 11:14:49.810000,31.15,31.15,31.2,28206096.0
2018-01-09 11:14:54.159000,31.15,31.15,31.2,28206096.0
2018-01-09 11:14:58.302000,31.15,31.15,31.2,28206096.0
2018-01-09 11:15:01.698000,31.15,31.15,31.2,28206096.0
2018-01-09 11:15:07.214000,31.15,31.15,31.2,28206096.0
2018-01-09 11:15:11.324000,31.15,31.15,31.2,28206096.0
2018-01-09 11:15:14.689000,31.15,31.15,31.2,28206096.0
2018-01-09 11:15:18.012000,31.15,31.15,31.2,28206096.0
2018-01-09 11:15:21.019000,31.15,31.15,31.2,28206096.0
2018-01-09 11:15:24.612000,31.15,31.15,31.2,28206096.0
2018-01-09 11:15:28.026000,31.15,31.15,31.2,28206096.0
2018-01-09 11:15:31.787000,31.15,31.15,31.2,28206096.0
2018-01-09 11:15:35.812000,31.15,31.15,31.2,28206096.0
2018-01-09 11:15:39.318000,31.15,31.15,31.2,28206096.0
2018-01-09 11:15:42.922000,31.15,31.15,31.2,28206096.0
2018-01-09 11:15:46.588000,31.15,31.15,31.2,28207096.0
2018-01-09 11:15:50.622000,31.15,31.15,31.2,28207096.0
2018-01-09 11:15:54.762000,31.15,31.15,31.2,28207096.0
2018-01-09 11:15:58.183000,31.15,31.15,31.2,28207096.0
2018-01-09 11:16:02.143000,31.15,31.15,31.2,28207096.0
2018-01-09 11:16:06.288000,31.15,31.15,31.2,28207096.0
2018-01-09 11:16:10.219000,31.15,31.15,31.2,28207096.0
2018-01-09 11:16:14.230000,31.15,31.15,31.2,28207096.0
2018-01-09 11:16:18.198000,31.15,31.15,31.2,28207096.0
2018-01-09 11:16:21.895000,31.15,31.15,31.2,28207096.0
2018-01-09 11:16:25.817000,31.15,31.15,31.2,28207096.0
2018-01-09 11:16:29.489000,31.15,31.15,31.2,28207096.0
2018-01-09 11:16:32.802000,31.15,31.15,31.2,28207096.0
2018-01-09 11:16:36.792000,31.15,31.15,31.2,28207096.0
2018-01-09 11:16:40.510000,31.15,31.15,31.2,28207096.0
2018-01-09 11:16:43.845000,31.15,31.15,31.2,28207096.0
2018-01-09 11:16:47.472000,31.15,31.15,31.2,28207096.0
2018-01-09 11:16:50.924000,31.15,31.15,31.2,28207096.0
2018-01-09 11:16:54.369000,31.15,31.15,31.2,28207096.0
2018-01-09 11:16:58.155000,31.15,31.15,31.2,28207096.0
2018-01-09 11:17:01.959000,31.15,31.15,31.2,28207096.0
2018-01-09 11:17:05.494000,31.15,31.15,31.2,28214936.0
2018-01-09 11:17:09.101000,31.15,31.15,31.2,28214936.0
2018-01-09 11:17:12.977000,31.15,31.15,31.2,28214936.0
2018-01-09 11:17:16.906000,31.15,31.15,31.2,28214936.0
2018-01-09 11:17:20.246000,31.15,31.15,31.2,28214936.0
2018-01-09 11:17:23.611000,31.15,31.15,31.2,28214936.0
2018-01-09 11:17:27.160000,31.15,31.15,31.2,28214936.0
2018-01-09 11:17:30.708000,31.15,31.15,31.2,28214936.0
2018-01-09 11:17:34.680000,31.15,31.15,31.2,28214936.0
2018-01-09 11:17:38.413000,31.15,31.15,31.2,28214936.0
2018-01-09 11:17:42.266000,31.15,31.15,31.2,28214936.0
2018-01-09 11:17:46.181000,31.15,31.15,31.2,28214936.0
2018-01-09 11:17:50.353000,31.15,31.15,31.2,28214936.0
2018-01-09 11:17:54.102000,31.15,31.15,31.2,28214936.0
2018-01-09 11:17:58.068000,31.15,31.15,31.2,28214936.0
2018-01-09 11:18:01.518000,31.15,31.15,31.2,28214936.0
2018-01-09 11:18:04.714000,31.15,31.15,31.2,28214936.0
2018-01-09 11:18:07.749000,31.15,31.15,31.2,28214936.0
2018-01-09 11:18:14.621000,31.15,31.15,31.2,28214936.0
2018-01-09 11:18:18.691000,31.15,31.15,31.2,28214936.0
2018-01-09 11:18:21.494000,31.15,31.15,31.2,28214936.0
2018-01-09 11:18:25.468000,31.15,31.15,31.2,28214936.0
2018-01-09 11:18:29.426000,31.15,31.15,31.2,28214936.0
2018-01-09 11:18:32.554000,31.15,31.15,31.2,28214936.0
2018-01-09 11:18:36.950000,31.15,31.15,31.2,28214936.0
2018-01-09 11:18:40.628000,31.15,31.15,31.2,28214936.0
2018-01-09 11:18:44.288000,31.2,31.15,31.2,28225936.0
2018-01-09 11:18:47.864000,31.2,31.15,31.2,28225936.0
2018-01-09 11:18:51.784000,31.2,31.15,31.2,28225936.0
2018-01-09 11:18:55.894000,31.2,31.15,31.2,28225936.0
2018-01-09 11:18:59.532000,31.2,31.15,31.2,28225936.0
2018-01-09 11:19:02.982000,31.2,31.15,31.2,28225936.0
2018-01-09 11:19:06.941000,31.2,31.15,31.2,28225936.0
2018-01-09 11:19:10.804000,31.2,31.15,31.2,28225936.0
2018-01-09 11:19:16.181000,31.2,31.15,31.2,28225936.0
2018-01-09 11:19:20.168000,31.2,31.15,31.2,28225936.0
2018-01-09 11:19:24.091000,31.2,31.15,31.2,28225936.0
2018-01-09 11:19:26.881000,31.2,31.15,31.2,28225936.0
2018-01-09 11:19:30.812000,31.2,31.15,31.2,28225936.0
2018-01-09 11:19:34.617000,31.2,31.15,31.2,28225936.0
2018-01-09 11:19:38.042000,31.2,31.15,31.2,28225936.0
2018-01-09 11:19:41.314000,31.2,31.15,31.2,28225936.0
2018-01-09 11:19:44.677000,31.2,31.15,31.2,28225936.0
2018-01-09 11:19:48.119000,31.2,31.15,31.2,28225936.0
2018-01-09 11:19:51.902000,31.2,31.15,31.2,28225936.0
2018-01-09 11:19:55.777000,31.2,31.15,31.2,28225936.0
2018-01-09 11:20:00.160000,31.2,31.15,31.2,28225936.0
2018-01-09 11:20:03.553000,31.2,31.15,31.2,28225936.0
2018-01-09 11:20:07.051000,31.2,31.15,31.2,28225936.0
2018-01-09 11:20:12.345000,31.2,31.15,31.2,28225936.0
2018-01-09 11:20:16.297000,31.2,31.15,31.2,28225936.0
2018-01-09 11:20:19.670000,31.2,31.15,31.2,28225936.0
2018-01-09 11:20:23.803000,31.2,31.15,31.2,28225936.0
2018-01-09 11:20:27.332000,31.2,31.15,31.2,28225936.0
2018-01-09 11:20:31.269000,31.2,31.15,31.2,28225936.0
2018-01-09 11:20:35.521000,31.2,31.15,31.2,28225936.0
2018-01-09 11:20:39.076000,31.15,31.15,31.2,28236436.0
2018-01-09 11:20:42.441000,31.15,31.15,31.2,28236436.0
2018-01-09 11:20:46.353000,31.15,31.15,31.2,28236436.0
2018-01-09 11:20:49.804000,31.15,31.15,31.2,28236436.0
2018-01-09 11:20:52.985000,31.15,31.15,31.2,28236436.0
2018-01-09 11:20:56.838000,31.15,31.15,31.2,28236436.0
2018-01-09 11:21:00.212000,31.15,31.15,31.2,28236436.0
2018-01-09 11:21:03.942000,31.15,31.15,31.2,28236436.0
2018-01-09 11:21:07.561000,31.15,31.15,31.2,28236436.0
2018-01-09 11:21:11.167000,31.15,31.15,31.2,28236436.0
2018-01-09 11:21:15.048000,31.15,31.15,31.2,28236436.0
2018-01-09 11:21:20.025000,31.15,31.15,31.2,28236436.0
2018-01-09 11:21:23.512000,31.15,31.15,31.2,28236436.0
2018-01-09 11:21:27.509000,31.15,31.15,31.2,28236436.0
2018-01-09 11:21:31.524000,31.15,31.15,31.2,28236436.0
2018-01-09 11:21:35.581000,31.15,31.15,31.2,28236436.0
2018-01-09 11:21:39.268000,31.15,31.15,31.2,28236436.0
2018-01-09 11:21:42.137000,31.15,31.15,31.2,28236436.0
2018-01-09 11:21:45.882000,31.15,31.15,31.2,28236436.0
2018-01-09 11:21:49.435000,31.15,31.15,31.2,28236436.0
2018-01-09 11:21:53.167000,31.15,31.15,31.2,28236436.0
2018-01-09 11:21:57.340000,31.15,31.15,31.2,28236436.0
2018-01-09 11:22:00.797000,31.15,31.15,31.2,28236436.0
2018-01-09 11:22:06.944000,31.15,31.15,31.2,28236436.0
2018-01-09 11:22:12.550000,31.15,31.15,31.2,28236436.0
2018-01-09 11:22:16.599000,31.15,31.15,31.2,28236436.0
2018-01-09 11:22:20.412000,31.15,31.15,31.2,28236436.0
2018-01-09 11:22:24.406000,31.15,31.15,31.2,28242936.0
2018-01-09 11:22:28.748000,31.15,31.15,31.2,28242936.0
2018-01-09 11:22:32.324000,31.15,31.15,31.2,28242936.0
2018-01-09 11:22:35.951000,31.15,31.15,31.2,28242936.0
2018-01-09 11:22:39.833000,31.15,31.15,31.2,28242936.0
2018-01-09 11:22:43.234000,31.15,31.15,31.2,28242936.0
2018-01-09 11:22:46.934000,31.15,31.15,31.2,28242936.0
2018-01-09 11:22:50.476000,31.15,31.15,31.2,28242936.0
2018-01-09 11:22:54.438000,31.15,31.15,31.2,28242936.0
2018-01-09 11:22:58.250000,31.15,31.15,31.2,28242936.0
2018-01-09 11:23:01.277000,31.15,31.15,31.2,28242936.0
2018-01-09 11:23:05.148000,31.15,31.15,31.2,28242936.0
2018-01-09 11:23:09.318000,31.15,31.15,31.2,28242936.0
2018-01-09 11:23:13.301000,31.15,31.15,31.2,28242936.0
2018-01-09 11:23:16.730000,31.15,31.15,31.2,28242936.0
2018-01-09 11:23:20.510000,31.15,31.15,31.2,28242936.0
2018-01-09 11:23:24.644000,31.15,31.15,31.2,28242936.0
2018-01-09 11:23:28.674000,31.15,31.15,31.2,28242936.0
2018-01-09 11:23:32.620000,31.15,31.15,31.2,28242936.0
2018-01-09 11:23:36.169000,31.15,31.15,31.2,28242936.0
2018-01-09 11:23:39.279000,31.15,31.15,31.2,28242936.0
2018-01-09 11:23:43.010000,31.15,31.15,31.2,28249936.0
2018-01-09 11:23:46.369000,31.15,31.15,31.2,28249936.0
2018-01-09 11:23:50.124000,31.15,31.15,31.2,28249936.0
2018-01-09 11:23:53.507000,31.15,31.15,31.2,28249936.0
2018-01-09 11:23:57.650000,31.15,31.15,31.2,28249936.0
2018-01-09 11:24:01.364000,31.15,31.15,31.2,28249936.0
2018-01-09 11:24:05.389000,31.15,31.15,31.2,28249936.0
2018-01-09 11:24:09.929000,31.15,31.15,31.2,28249936.0
2018-01-09 11:24:13.992000,31.15,31.15,31.2,28249936.0
2018-01-09 11:24:18.384000,31.15,31.15,31.2,28249936.0
2018-01-09 11:24:21.493000,31.15,31.15,31.2,28249936.0
2018-01-09 11:24:25.248000,31.15,31.15,31.2,28249936.0
2018-01-09 11:24:29.347000,31.15,31.15,31.2,28249936.0
2018-01-09 11:24:33.929000,31.15,31.15,31.2,28249936.0
2018-01-09 11:24:38.047000,31.15,31.15,31.2,28249936.0
2018-01-09 11:24:41.831000,31.15,31.15,31.2,28249936.0
2018-01-09 11:24:45.734000,31.15,31.15,31.2,28249936.0
2018-01-09 11:24:49.136000,31.15,31.15,31.2,28249936.0
2018-01-09 11:24:52.746000,31.15,31.15,31.2,28249936.0
2018-01-09 11:24:56.623000,31.15,31.15,31.2,28249936.0
2018-01-09 11:25:00.611000,31.15,31.15,31.2,28249936.0
2018-01-09 11:25:04.596000,31.2,31.15,31.2,28259436.0
2018-01-09 11:25:08.231000,31.2,31.15,31.2,28259436.0
2018-01-09 11:25:11.755000,31.2,31.15,31.2,28259436.0
2018-01-09 11:25:15.596000,31.2,31.15,31.2,28259436.0
2018-01-09 11:25:19.694000,31.2,31.15,31.2,28259436.0
2018-01-09 11:25:23.382000,31.2,31.15,31.2,28259436.0
2018-01-09 11:25:27.289000,31.2,31.15,31.2,28259436.0
2018-01-09 11:25:30.644000,31.2,31.15,31.2,28259436.0
2018-01-09 11:25:34.758000,31.2,31.15,31.2,28259436.0
2018-01-09 11:25:38.857000,31.2,31.15,31.2,28259436.0
2018-01-09 11:25:42.524000,31.2,31.15,31.2,28259436.0
2018-01-09 11:25:46.416000,31.2,31.15,31.2,28259436.0
2018-01-09 11:25:50.309000,31.2,31.15,31.2,28259436.0
2018-01-09 11:25:53.612000,31.2,31.15,31.2,28259436.0
2018-01-09 11:25:57.443000,31.2,31.15,31.2,28259436.0
2018-01-09 11:26:01.092000,31.2,31.15,31.2,28259436.0
2018-01-09 11:26:05.176000,31.2,31.15,31.2,28259436.0
2018-01-09 11:26:12.585000,31.2,31.15,31.2,28259436.0
2018-01-09 11:26:18.557000,31.2,31.15,31.2,28263436.0
2018-01-09 11:26:22.454000,31.2,31.15,31.2,28263436.0
2018-01-09 11:26:25.864000,31.2,31.15,31.2,28263436.0
2018-01-09 11:26:29.513000,31.2,31.15,31.2,28263436.0
2018-01-09 11:26:33.376000,31.2,31.15,31.2,28263436.0
2018-01-09 11:26:36.713000,31.2,31.15,31.2,28263436.0
2018-01-09 11:26:40.390000,31.2,31.15,31.2,28263436.0
2018-01-09 11:26:43.834000,31.2,31.15,31.2,28263436.0
2018-01-09 11:26:47.496000,31.2,31.15,31.2,28263436.0
2018-01-09 11:26:51.091000,31.2,31.15,31.2,28263436.0
2018-01-09 11:26:54.422000,31.2,31.15,31.2,28289436.0
2018-01-09 11:26:57.947000,31.2,31.15,31.2,28289436.0
2018-01-09 11:27:01.733000,31.2,31.15,31.2,28289436.0
2018-01-09 11:27:05.903000,31.2,31.15,31.2,28289436.0
2018-01-09 11:27:09.625000,31.2,31.15,31.2,28289436.0
2018-01-09 11:27:16.813000,31.2,31.15,31.2,28289436.0
2018-01-09 11:27:20.279000,31.2,31.15,31.2,28289436.0
2018-01-09 11:27:23.942000,31.2,31.15,31.2,28289436.0
2018-01-09 11:27:27.636000,31.2,31.15,31.2,28289436.0
2018-01-09 11:27:31.449000,31.2,31.15,31.2,28289436.0
2018-01-09 11:27:34.870000,31.2,31.15,31.2,28289436.0
2018-01-09 11:27:38.707000,31.2,31.15,31.2,28289436.0
2018-01-09 11:27:42.159000,31.2,31.15,31.2,28289436.0
2018-01-09 11:27:46.539000,31.2,31.15,31.2,28289436.0
2018-01-09 11:27:50.703000,31.2,31.15,31.2,28289436.0
