time,price,bid,ask,volume
2018-01-09 09:29:04.442000,5.32,5.32,5.33,200.0
2018-01-09 09:29:07.680000,5.32,5.32,5.33,200.0
2018-01-09 09:29:11.321000,5.32,5.32,5.33,200.0
2018-01-09 09:29:15.120000,5.32,5.32,5.33,200.0
2018-01-09 09:29:18.659000,5.32,5.32,5.33,200.0
2018-01-09 09:29:22.681000,5.32,5.32,5.33,200.0
2018-01-09 09:29:26.428000,5.32,5.32,5.33,200.0
2018-01-09 09:29:29.682000,5.32,5.32,5.33,200.0
2018-01-09 09:29:33.180000,5.32,5.32,5.33,200.0
2018-01-09 09:29:37.061000,5.32,5.32,5.33,200.0
2018-01-09 09:29:40.416000,5.32,5.32,5.33,200.0
2018-01-09 09:29:44.351000,5.32,5.32,5.33,200.0
2018-01-09 09:29:47.941000,5.32,5.32,5.33,200.0
2018-01-09 09:29:51.915000,5.32,5.32,5.33,200.0
2018-01-09 09:29:55.678000,5.32,5.32,5.33,200.0
2018-01-09 09:29:58.870000,5.32,5.32,5.33,200.0
2018-01-09 09:30:02.572000,5.32,5.32,5.33,10000.0
2018-01-09 09:30:05.673000,5.32,5.32,5.33,10000.0
2018-01-09 09:30:08.738000,5.32,5.32,5.33,10000.0
2018-01-09 09:30:12.227000,5.32,5.32,5.33,10000.0
2018-01-09 09:30:15.601000,5.32,5.32,5.33,10000.0
2018-01-09 09:30:18.820000,5.32,5.32,5.33,10000.0
2018-01-09 09:30:21.685000,5.32,5.32,5.33,10000.0
2018-01-09 09:30:25.606000,5.32,5.32,5.33,10000.0
2018-01-09 09:30:29.729000,5.32,5.32,5.33,10000.0
2018-01-09 09:30:33.339000,5.32,5.32,5.33,10000.0
2018-01-09 09:30:37.056000,5.32,5.32,5.33,10000.0
2018-01-09 09:30:41.011000,5.32,5.32,5.33,10000.0
2018-01-09 09:30:43.598000,5.32,5.32,5.33,10000.0
2018-01-09 09:30:46.808000,5.32,5.32,5.33,10000.0
2018-01-09 09:30:50.680000,5.32,5.32,5.33,10000.0
2018-01-09 09:30:54.516000,5.32,5.32,5.33,10000.0
2018-01-09 09:30:57.745000,5.32,5.32,5.33,10000.0
2018-01-09 09:31:01.505000,5.32,5.32,5.33,10000.0
2018-01-09 09:31:05.303000,5.32,5.32,5.33,10000.0
2018-01-09 09:31:09.166000,5.32,5.32,5.33,10000.0
2018-01-09 09:31:13.230000,5.32,5.32,5.33,10000.0
2018-01-09 09:31:16.260000,5.32,5.32,5.33,10000.0
2018-01-09 09:31:19.244000,5.32,5.32,5.33,10000.0
2018-01-09 09:31:22.009000,5.32,5.32,5.33,10000.0
2018-01-09 09:31:25.138000,5.32,5.32,5.33,10000.0
2018-01-09 09:31:28.966000,5.32,5.32,5.33,10000.0
2018-01-09 09:31:32.668000,5.32,5.32,5.33,10000.0
2018-01-09 09:31:36.450000,5.32,5.32,5.33,10000.0
2018-01-09 09:31:40.267000,5.32,5.32,5.33,10000.0
2018-01-09 09:31:43.744000,5.32,5.32,5.33,10000.0
2018-01-09 09:31:47.668000,5.3,5.3,5.31,110500.0
2018-01-09 09:31:51.947000,5.3,5.3,5.31,110500.0
2018-01-09 09:31:55.688000,5.3,5.3,5.31,110500.0
2018-01-09 09:31:59.310000,5.3,5.3,5.31,111600.0
2018-01-09 09:32:03.387000,5.3,5.3,5.31,116600.0
2018-01-09 09:32:06.667000,5.3,5.3,5.31,116600.0
2018-01-09 09:32:13.733000,5.3,5.3,5.31,116600.0
2018-01-09 09:32:17.011000,5.3,5.3,5.31,116600.0
2018-01-09 09:32:20.149000,5.3,5.3,5.31,116600.0
2018-01-09 09:32:24.295000,5.3,5.3,5.31,116600.0
2018-01-09 09:32:27.918000,5.3,5.3,5.31,116600.0
2018-01-09 09:32:31.337000,5.3,5.3,5.31,116600.0
2018-01-09 09:32:34.617000,5.3,5.3,5.31,116600.0
2018-01-09 09:32:38.044000,5.3,5.3,5.31,116600.0
2018-01-09 09:32:41.357000,5.3,5.3,5.31,116600.0
2018-01-09 09:32:45.323000,5.3,5.3,5.31,116600.0
2018-01-09 09:32:48.670000,5.3,5.3,5.31,116600.0
2018-01-09 09:32:51.865000,5.3,5.3,5.31,116600.0
2018-01-09 09:32:55.854000,5.3,5.3,5.31,116600.0
2018-01-09 09:33:00.123000,5.3,5.3,5.31,116600.0
2018-01-09 09:33:03.325000,5.3,5.3,5.31,116600.0
2018-01-09 09:33:06.951000,5.3,5.3,5.31,116600.0
2018-01-09 09:33:12.200000,5.3,5.3,5.31,116600.0
2018-01-09 09:33:15.897000,5.3,5.3,5.31,116600.0
2018-01-09 09:33:19.170000,5.3,5.3,5.31,116600.0
2018-01-09 09:33:22.983000,5.3,5.3,5.31,116600.0
2018-01-09 09:33:27.106000,5.3,5.3,5.31,116600.0
2018-01-09 09:33:30.889000,5.3,5.3,5.31,116600.0
2018-01-09 09:33:34.421000,5.3,5.3,5.31,116600.0
2018-01-09 09:33:38.185000,5.3,5.3,5.31,116600.0
2018-01-09 09:33:41.716000,5.3,5.3,5.31,116600.0
2018-01-09 09:33:45.483000,5.3,5.3,5.31,116600.0
2018-01-09 09:33:48.544000,5.3,5.3,5.31,116600.0
2018-01-09 09:33:52.374000,5.3,5.3,5.31,116600.0
2018-01-09 09:33:55.926000,5.3,5.3,5.31,116600.0
2018-01-09 09:33:59.169000,5.3,5.3,5.31,116600.0
2018-01-09 09:34:02.341000,5.3,5.3,5.31,116600.0
2018-01-09 09:34:05.848000,5.3,5.3,5.31,116600.0
2018-01-09 09:34:11.307000,5.3,5.3,5.31,116600.0
2018-01-09 09:34:15.279000,5.3,5.3,5.31,116600.0
2018-01-09 09:34:19.072000,5.3,5.3,5.31,116600.0
2018-01-09 09:34:23.342000,5.3,5.3,5.31,116600.0
2018-01-09 09:34:27.011000,5.3,5.3,5.31,116600.0
2018-01-09 09:34:30.363000,5.3,5.3,5.31,116600.0
2018-01-09 09:34:34.313000,5.29,5.29,5.31,116600.0
2018-01-09 09:34:38.046000,5.29,5.29,5.31,116600.0
2018-01-09 09:34:42.204000,5.29,5.29,5.31,116600.0
2018-01-09 09:34:45.814000,5.29,5.29,5.31,116600.0
2018-01-09 09:34:50.018000,5.3,5.29,5.31,416600.0
2018-01-09 09:34:54.138000,5.3,5.29,5.31,416600.0
2018-01-09 09:34:57.812000,5.3,5.29,5.31,416600.0
2018-01-09 09:35:01.110000,5.3,5.29,5.31,416600.0
2018-01-09 09:35:03.938000,5.3,5.29,5.31,416600.0
2018-01-09 09:35:07.672000,5.3,5.29,5.31,416600.0
2018-01-09 09:35:10.953000,5.3,5.29,5.31,416600.0
2018-01-09 09:35:14.908000,5.3,5.29,5.31,416600.0
2018-01-09 09:35:20.829000,5.3,5.3,5.31,416600.0
2018-01-09 09:35:24.189000,5.3,5.3,5.31,416600.0
2018-01-09 09:35:27.547000,5.3,5.3,5.31,416600.0
2018-01-09 09:35:31.391000,5.3,5.3,5.31,416600.0
2018-01-09 09:35:35.211000,5.3,5.3,5.31,416600.0
2018-01-09 09:35:39.188000,5.3,5.3,5.31,416600.0
2018-01-09 09:35:43.173000,5.3,5.3,5.31,416600.0
2018-01-09 09:35:46.674000,5.3,5.3,5.31,416600.0
2018-01-09 09:35:50.080000,5.3,5.3,5.31,416600.0
2018-01-09 09:35:53.940000,5.3,5.3,5.31,416600.0
2018-01-09 09:35:58.169000,5.3,5.3,5.31,416600.0
2018-01-09 09:36:01.388000,5.3,5.3,5.31,416600.0
2018-01-09 09:36:07.439000,5.3,5.3,5.31,416600.0
2018-01-09 09:36:12.089000,5.3,5.3,5.31,416600.0
2018-01-09 09:36:16.741000,5.3,5.3,5.31,416600.0
2018-01-09 09:36:19.966000,5.3,5.29,5.31,436600.0
2018-01-09 09:36:23.251000,5.3,5.29,5.31,436600.0
2018-01-09 09:36:27.267000,5.3,5.29,5.31,436600.0
2018-01-09 09:36:31.080000,5.3,5.29,5.31,436600.0
2018-01-09 09:36:35.402000,5.3,5.29,5.31,436600.0
2018-01-09 09:36:39.153000,5.3,5.29,5.31,436600.0
2018-01-09 09:36:43.113000,5.3,5.29,5.31,436600.0
2018-01-09 09:36:46.746000,5.3,5.29,5.31,436600.0
2018-01-09 09:36:50.240000,5.3,5.29,5.31,436600.0
2018-01-09 09:36:54.257000,5.3,5.29,5.31,436600.0
2018-01-09 09:36:58.143000,5.3,5.29,5.31,436600.0
2018-01-09 09:37:01.497000,5.3,5.29,5.31,436600.0
2018-01-09 09:37:05.549000,5.3,5.29,5.31,436600.0
2018-01-09 09:37:12.565000,5.3,5.29,5.31,436600.0
2018-01-09 09:37:16.230000,5.3,5.29,5.31,436600.0
2018-01-09 09:37:19.836000,5.3,5.29,5.31,436600.0
2018-01-09 09:37:23.208000,5.3,5.29,5.31,436600.0
2018-01-09 09:37:27.258000,5.3,5.29,5.31,436600.0
2018-01-09 09:37:31.104000,5.3,5.29,5.31,436600.0
2018-01-09 09:37:34.882000,5.3,5.29,5.31,436600.0
2018-01-09 09:37:38.279000,5.3,5.29,5.31,436600.0
2018-01-09 09:37:42.272000,5.3,5.29,5.31,436600.0
2018-01-09 09:37:45.890000,5.3,5.29,5.31,436600.0
2018-01-09 09:37:49.868000,5.3,5.29,5.31,436600.0
2018-01-09 09:37:53.606000,5.3,5.29,5.31,436600.0
2018-01-09 09:37:56.672000,5.3,5.29,5.31,436600.0
2018-01-09 09:37:59.962000,5.3,5.29,5.31,436600.0
2018-01-09 09:38:03.587000,5.3,5.29,5.31,436600.0
2018-01-09 09:38:06.865000,5.3,5.29,5.31,436600.0
2018-01-09 09:38:10.624000,5.3,5.29,5.31,436600.0
2018-01-09 09:38:13.606000,5.3,5.29,5.31,436600.0
2018-01-09 09:38:17,5.3,5.29,5.31,436600.0
2018-01-09 09:38:21.222000,5.3,5.29,5.31,436600.0
2018-01-09 09:38:24.293000,5.3,5.29,5.31,436600.0
2018-01-09 09:38:28.490000,5.3,5.29,5.31,436600.0
2018-01-09 09:38:32.038000,5.3,5.29,5.31,436600.0
2018-01-09 09:38:35.933000,5.3,5.29,5.31,436600.0
2018-01-09 09:38:40.135000,5.3,5.29,5.31,436600.0
2018-01-09 09:38:43.781000,5.3,5.29,5.31,436600.0
2018-01-09 09:38:47.716000,5.3,5.29,5.31,436600.0
2018-01-09 09:38:52.238000,5.3,5.29,5.31,436600.0
2018-01-09 09:38:55.307000,5.3,5.29,5.31,436600.0
2018-01-09 09:38:58.225000,5.3,5.29,5.31,436600.0
2018-01-09 09:39:05.428000,5.3,5.29,5.31,436600.0
2018-01-09 09:39:10.730000,5.3,5.29,5.31,436600.0
2018-01-09 09:39:14.576000,5.3,5.29,5.31,436600.0
2018-01-09 09:39:18.618000,5.3,5.29,5.31,436600.0
2018-01-09 09:39:22.265000,5.3,5.29,5.31,436600.0
2018-01-09 09:39:25.903000,5.3,5.29,5.31,436600.0
2018-01-09 09:39:29.902000,5.3,5.29,5.31,436600.0
2018-01-09 09:39:32.992000,5.3,5.29,5.31,436600.0
2018-01-09 09:39:36.573000,5.3,5.29,5.31,436600.0
2018-01-09 09:39:40.347000,5.31,5.3,5.31,476600.0
2018-01-09 09:39:45.375000,5.31,5.3,5.31,476600.0
2018-01-09 09:39:48.991000,5.31,5.3,5.31,476600.0
2018-01-09 09:39:53.148000,5.31,5.3,5.31,476600.0
2018-01-09 09:39:56.696000,5.31,5.3,5.31,476600.0
2018-01-09 09:40:00.304000,5.31,5.3,5.31,476600.0
2018-01-09 09:40:07.428000,5.31,5.3,5.31,476600.0
2018-01-09 09:40:11.122000,5.31,5.3,5.31,476600.0
2018-01-09 09:40:14.956000,5.31,5.3,5.31,476600.0
2018-01-09 09:40:20.810000,5.31,5.3,5.31,476600.0
2018-01-09 09:40:24.418000,5.31,5.3,5.31,476600.0
2018-01-09 09:40:27.225000,5.31,5.3,5.31,476600.0
2018-01-09 09:40:30.919000,5.31,5.3,5.31,476600.0
2018-01-09 09:40:34.745000,5.31,5.3,5.31,476600.0
2018-01-09 09:40:37.853000,5.31,5.3,5.31,476600.0
2018-01-09 09:40:41.068000,5.31,5.3,5.31,476600.0
2018-01-09 09:40:45.053000,5.31,5.3,5.31,476600.0
2018-01-09 09:40:48.856000,5.31,5.3,5.31,476600.0
2018-01-09 09:40:52.435000,5.31,5.3,5.31,476600.0
2018-01-09 09:40:56.263000,5.31,5.3,5.31,476600.0
2018-01-09 09:41:00.041000,5.31,5.3,5.31,476600.0
2018-01-09 09:41:03.918000,5.31,5.3,5.31,476600.0
2018-01-09 09:41:08.856000,5.31,5.3,5.31,476600.0
2018-01-09 09:41:12.313000,5.31,5.3,5.31,476600.0
2018-01-09 09:41:15.919000,5.31,5.3,5.31,476600.0
2018-01-09 09:41:18.883000,5.31,5.3,5.31,476600.0
2018-01-09 09:41:22.398000,5.31,5.3,5.31,476600.0
2018-01-09 09:41:25.764000,5.31,5.3,5.31,476600.0
2018-01-09 09:41:29.533000,5.31,5.3,5.31,476600.0
2018-01-09 09:41:32.777000,5.31,5.3,5.31,476600.0
2018-01-09 09:41:36.562000,5.31,5.3,5.31,476600.0
2018-01-09 09:41:40.813000,5.31,5.3,5.31,476600.0
2018-01-09 09:41:44.244000,5.31,5.3,5.31,476600.0
2018-01-09 09:41:48.118000,5.31,5.3,5.31,476600.0
2018-01-09 09:41:51.719000,5.31,5.3,5.31,476600.0
2018-01-09 09:41:54.781000,5.31,5.3,5.31,476600.0
2018-01-09 09:41:58.263000,5.31,5.3,5.31,476600.0
2018-01-09 09:42:01.973000,5.31,5.3,5.31,476600.0
2018-01-09 09:42:05.872000,5.31,5.3,5.31,476600.0
2018-01-09 09:42:09.447000,5.31,5.3,5.31,476600.0
2018-01-09 09:42:13.153000,5.31,5.3,5.31,476600.0
2018-01-09 09:42:17.182000,5.31,5.3,5.31,476600.0
2018-01-09 09:42:20.743000,5.31,5.3,5.31,476600.0
2018-01-09 09:42:24.827000,5.31,5.3,5.31,476600.0
2018-01-09 09:42:28.152000,5.31,5.3,5.31,476600.0
2018-01-09 09:42:31.970000,5.31,5.3,5.31,476600.0
2018-01-09 09:42:36.108000,5.31,5.3,5.31,476600.0
2018-01-09 09:42:39.448000,5.31,5.3,5.31,496600.0
2018-01-09 09:42:42.995000,5.31,5.3,5.31,496600.0
2018-01-09 09:42:46.709000,5.31,5.3,5.31,496600.0
2018-01-09 09:42:50.485000,5.31,5.3,5.31,496600.0
2018-01-09 09:42:54.577000,5.31,5.3,5.31,496600.0
2018-01-09 09:42:58.545000,5.31,5.3,5.31,496600.0
2018-01-09 09:43:02.470000,5.31,5.3,5.31,496600.0
2018-01-09 09:43:06.360000,5.31,5.3,5.31,496600.0
2018-01-09 09:43:10.513000,5.31,5.3,5.31,496600.0
2018-01-09 09:43:14.139000,5.31,5.3,5.31,496600.0
2018-01-09 09:43:21.070000,5.31,5.3,5.31,496600.0
2018-01-09 09:43:24.461000,5.31,5.3,5.31,496600.0
2018-01-09 09:43:28.246000,5.31,5.3,5.31,496600.0
2018-01-09 09:43:32.584000,5.31,5.3,5.31,496600.0
2018-01-09 09:43:36.032000,5.31,5.3,5.31,496600.0
2018-01-09 09:43:39.326000,5.31,5.3,5.31,496600.0
2018-01-09 09:43:42.610000,5.31,5.3,5.31,496600.0
2018-01-09 09:43:46.786000,5.31,5.3,5.31,496600.0
2018-01-09 09:43:50.811000,5.31,5.3,5.31,496600.0
2018-01-09 09:43:54.971000,5.31,5.3,5.31,496600.0
2018-01-09 09:43:58.468000,5.31,5.3,5.31,496600.0
2018-01-09 09:44:01.967000,5.31,5.3,5.31,496600.0
2018-01-09 09:44:06.018000,5.31,5.3,5.31,496600.0
2018-01-09 09:44:15.008000,5.32,5.31,5.32,519000.0
2018-01-09 09:44:18.672000,5.32,5.31,5.32,519000.0
2018-01-09 09:44:22.045000,5.32,5.31,5.32,519000.0
2018-01-09 09:44:25.971000,5.32,5.31,5.32,519000.0
2018-01-09 09:44:29.893000,5.32,5.31,5.32,519000.0
2018-01-09 09:44:33.529000,5.32,5.31,5.32,519000.0
2018-01-09 09:44:37.667000,5.32,5.31,5.32,519000.0
2018-01-09 09:44:41.612000,5.32,5.31,5.32,519000.0
2018-01-09 09:44:45.378000,5.32,5.31,5.32,519000.0
2018-01-09 09:44:48.798000,5.32,5.31,5.32,519000.0
2018-01-09 09:44:52.703000,5.32,5.31,5.32,519000.0
2018-01-09 09:44:56.847000,5.32,5.31,5.32,519000.0
2018-01-09 09:45:00.565000,5.32,5.31,5.32,519000.0
2018-01-09 09:45:03.801000,5.32,5.31,5.33,519000.0
2018-01-09 09:45:07.581000,5.32,5.31,5.33,519000.0
2018-01-09 09:45:12.174000,5.32,5.31,5.33,519000.0
2018-01-09 09:45:16.278000,5.32,5.31,5.33,519000.0
2018-01-09 09:45:24.437000,5.32,5.31,5.33,519000.0
2018-01-09 09:45:28.533000,5.32,5.31,5.33,519000.0
2018-01-09 09:45:32.052000,5.32,5.31,5.33,519000.0
2018-01-09 09:45:35.958000,5.32,5.31,5.33,519000.0
2018-01-09 09:45:39.988000,5.32,5.31,5.33,519000.0
2018-01-09 09:45:43.861000,5.32,5.31,5.33,519000.0
2018-01-09 09:45:47.932000,5.32,5.31,5.33,519000.0
2018-01-09 09:45:51.682000,5.32,5.31,5.33,519000.0
2018-01-09 09:45:55.567000,5.32,5.31,5.33,519000.0
2018-01-09 09:45:59.565000,5.32,5.31,5.33,519000.0
2018-01-09 09:46:03.658000,5.32,5.31,5.33,519000.0
2018-01-09 09:46:07.162000,5.32,5.31,5.33,519000.0
2018-01-09 09:46:10.711000,5.32,5.31,5.33,519000.0
2018-01-09 09:46:15.869000,5.32,5.31,5.33,519000.0
2018-01-09 09:46:19.552000,5.32,5.31,5.33,519000.0
2018-01-09 09:46:23.314000,5.32,5.32,5.33,519500.0
2018-01-09 09:46:26.755000,5.32,5.32,5.33,519500.0
2018-01-09 09:46:30.387000,5.32,5.32,5.33,519500.0
2018-01-09 09:46:34.254000,5.32,5.32,5.33,519500.0
2018-01-09 09:46:37.886000,5.32,5.32,5.33,519500.0
2018-01-09 09:46:41.951000,5.32,5.32,5.33,519500.0
2018-01-09 09:46:46.012000,5.32,5.32,5.33,519500.0
2018-01-09 09:46:50.085000,5.32,5.32,5.33,519500.0
2018-01-09 09:46:54.237000,5.32,5.32,5.33,519500.0
2018-01-09 09:46:58.888000,5.32,5.32,5.33,519500.0
2018-01-09 09:47:02.876000,5.32,5.32,5.33,519500.0
2018-01-09 09:47:06.177000,5.32,5.32,5.33,519500.0
2018-01-09 09:47:10.285000,5.32,5.32,5.33,519500.0
2018-01-09 09:47:15.061000,5.32,5.32,5.33,519500.0
2018-01-09 09:47:19.112000,5.32,5.32,5.33,519500.0
2018-01-09 09:47:22.509000,5.32,5.32,5.33,519500.0
2018-01-09 09:47:26.161000,5.32,5.32,5.33,519500.0
2018-01-09 09:47:29.444000,5.32,5.32,5.33,519500.0
2018-01-09 09:47:33.127000,5.32,5.32,5.33,519500.0
2018-01-09 09:47:37.202000,5.32,5.32,5.33,519500.0
2018-01-09 09:47:41.102000,5.32,5.32,5.33,519500.0
2018-01-09 09:47:44.791000,5.32,5.32,5.33,519500.0
2018-01-09 09:47:49.239000,5.32,5.32,5.33,519500.0
2018-01-09 09:47:53.017000,5.32,5.32,5.33,519500.0
2018-01-09 09:47:56.739000,5.32,5.32,5.33,519500.0
2018-01-09 09:48:00.719000,5.32,5.32,5.33,519500.0
2018-01-09 09:48:04.773000,5.32,5.32,5.33,519500.0
2018-01-09 09:48:09.118000,5.32,5.32,5.33,519500.0
2018-01-09 09:48:12.356000,5.32,5.32,5.33,519500.0
2018-01-09 09:48:16.232000,5.32,5.32,5.33,519500.0
2018-01-09 09:48:21.723000,5.32,5.32,5.33,519500.0
2018-01-09 09:48:25.492000,5.32,5.32,5.33,519500.0
2018-01-09 09:48:29.540000,5.32,5.32,5.33,519500.0
2018-01-09 09:48:33.427000,5.32,5.32,5.33,519500.0
2018-01-09 09:48:37.103000,5.32,5.32,5.33,519500.0
2018-01-09 09:48:41.533000,5.32,5.32,5.33,519500.0
2018-01-09 09:48:45.322000,5.32,5.32,5.33,519500.0
2018-01-09 09:48:49.523000,5.32,5.32,5.33,519500.0
2018-01-09 09:48:53.641000,5.32,5.32,5.33,519500.0
2018-01-09 09:48:57.185000,5.32,5.32,5.33,519500.0
2018-01-09 09:49:01.352000,5.32,5.32,5.33,519500.0
2018-01-09 09:49:05.040000,5.32,5.32,5.33,519500.0
2018-01-09 09:49:08.429000,5.32,5.32,5.33,519500.0
2018-01-09 09:49:12.611000,5.32,5.32,5.33,519500.0
2018-01-09 09:49:16.496000,5.32,5.32,5.33,519500.0
2018-01-09 09:49:20.603000,5.32,5.32,5.33,519500.0
2018-01-09 09:49:24.539000,5.32,5.32,5.33,519500.0
2018-01-09 09:49:28.647000,5.32,5.32,5.33,519500.0
2018-01-09 09:49:32.338000,5.32,5.32,5.33,519500.0
2018-01-09 09:49:36.178000,5.32,5.32,5.33,519500.0
2018-01-09 09:49:40.194000,5.32,5.32,5.33,519500.0
2018-01-09 09:49:43.662000,5.32,5.31,5.32,534500.0
2018-01-09 09:49:46.737000,5.32,5.31,5.32,534500.0
2018-01-09 09:49:49.729000,5.32,5.31,5.32,534500.0
2018-01-09 09:49:53.251000,5.32,5.31,5.32,534500.0
2018-01-09 09:49:57.988000,5.32,5.31,5.32,534500.0
2018-01-09 09:50:01.451000,5.32,5.31,5.32,534500.0
2018-01-09 09:50:06.447000,5.32,5.31,5.32,534500.0
2018-01-09 09:50:11.073000,5.32,5.31,5.32,534500.0
2018-01-09 09:50:14.642000,5.32,5.31,5.32,534500.0
2018-01-09 09:50:18.278000,5.32,5.31,5.32,534500.0
2018-01-09 09:50:21.529000,5.32,5.31,5.32,534500.0
2018-01-09 09:50:24.774000,5.32,5.31,5.32,534500.0
2018-01-09 09:50:28.664000,5.32,5.31,5.32,534500.0
2018-01-09 09:50:32.856000,5.32,5.31,5.32,554500.0
2018-01-09 09:50:36.748000,5.32,5.31,5.32,554500.0
2018-01-09 09:50:40.504000,5.32,5.31,5.32,554500.0
2018-01-09 09:50:44.761000,5.32,5.31,5.33,554500.0
2018-01-09 09:50:48.274000,5.32,5.31,5.33,554500.0
2018-01-09 09:50:51.561000,5.32,5.31,5.33,554500.0
2018-01-09 09:50:55.136000,5.32,5.31,5.33,554500.0
2018-01-09 09:50:59.009000,5.32,5.31,5.33,554500.0
2018-01-09 09:51:03.806000,5.32,5.31,5.33,554500.0
2018-01-09 09:51:10.620000,5.32,5.31,5.33,554500.0
2018-01-09 09:51:14.545000,5.32,5.31,5.33,554500.0
2018-01-09 09:51:18.524000,5.32,5.31,5.33,554500.0
2018-01-09 09:51:22.436000,5.32,5.31,5.33,554500.0
2018-01-09 09:51:26.306000,5.32,5.31,5.33,554500.0
2018-01-09 09:51:30.030000,5.32,5.31,5.33,554500.0
2018-01-09 09:51:34.011000,5.32,5.31,5.33,554500.0
2018-01-09 09:51:37.390000,5.32,5.31,5.33,554500.0
2018-01-09 09:51:41.294000,5.32,5.31,5.33,554500.0
2018-01-09 09:51:44.685000,5.32,5.31,5.33,554500.0
2018-01-09 09:51:48.853000,5.32,5.31,5.33,554500.0
2018-01-09 09:51:51.965000,5.32,5.31,5.33,554500.0
2018-01-09 09:51:55.370000,5.32,5.31,5.33,554500.0
2018-01-09 09:51:59.544000,5.32,5.31,5.33,554500.0
2018-01-09 09:52:03.345000,5.32,5.31,5.33,554500.0
2018-01-09 09:52:07.156000,5.32,5.31,5.33,554500.0
2018-01-09 09:52:14.385000,5.32,5.31,5.33,554500.0
2018-01-09 09:52:18.480000,5.32,5.31,5.33,554500.0
2018-01-09 09:52:22.342000,5.32,5.31,5.33,554500.0
2018-01-09 09:52:26.716000,5.32,5.31,5.33,554500.0
2018-01-09 09:52:30.593000,5.32,5.31,5.33,554500.0
2018-01-09 09:52:34.763000,5.32,5.31,5.33,554500.0
2018-01-09 09:52:39.185000,5.32,5.31,5.33,554500.0
2018-01-09 09:52:43.132000,5.32,5.31,5.33,554500.0
2018-01-09 09:52:47.030000,5.32,5.31,5.33,554500.0
2018-01-09 09:52:51.061000,5.32,5.31,5.32,674500.0
2018-01-09 09:52:55.074000,5.32,5.31,5.32,674500.0
2018-01-09 09:52:59.090000,5.32,5.31,5.32,674500.0
2018-01-09 09:53:03.277000,5.32,5.31,5.32,674500.0
2018-01-09 09:53:07.323000,5.32,5.31,5.32,674500.0
2018-01-09 09:53:13.174000,5.32,5.31,5.32,674500.0
2018-01-09 09:53:17.139000,5.32,5.31,5.32,674500.0
2018-01-09 09:53:21.345000,5.32,5.31,5.32,674500.0
2018-01-09 09:53:25.314000,5.32,5.31,5.32,674500.0
2018-01-09 09:53:29.216000,5.32,5.31,5.32,674500.0
2018-01-09 09:53:33.081000,5.32,5.31,5.32,674500.0
2018-01-09 09:53:37.609000,5.32,5.31,5.32,674500.0
2018-01-09 09:53:41.014000,5.32,5.31,5.32,674500.0
2018-01-09 09:53:44.877000,5.32,5.31,5.32,674500.0
2018-01-09 09:53:48.858000,5.31,5.3,5.32,697000.0
2018-01-09 09:53:52.871000,5.31,5.3,5.32,697000.0
2018-01-09 09:53:57.488000,5.31,5.3,5.32,697000.0
2018-01-09 09:54:01.672000,5.31,5.3,5.32,697000.0
2018-01-09 09:54:05.326000,5.31,5.31,5.32,717000.0
2018-01-09 09:54:09.028000,5.31,5.31,5.32,717000.0
2018-01-09 09:54:13.937000,5.31,5.3,5.32,717000.0
2018-01-09 09:54:18.477000,5.31,5.3,5.32,717000.0
2018-01-09 09:54:22.737000,5.31,5.3,5.32,717000.0
2018-01-09 09:54:26.727000,5.31,5.3,5.32,717000.0
2018-01-09 09:54:30.649000,5.31,5.3,5.32,717000.0
2018-01-09 09:54:35.206000,5.31,5.3,5.32,717000.0
2018-01-09 09:54:38.758000,5.31,5.3,5.32,717000.0
2018-01-09 09:54:42.619000,5.31,5.3,5.32,717000.0
2018-01-09 09:54:46.648000,5.31,5.3,5.32,717000.0
2018-01-09 09:54:50.406000,5.31,5.3,5.32,717000.0
2018-01-09 09:54:54.359000,5.31,5.3,5.32,717000.0
2018-01-09 09:54:58.491000,5.31,5.3,5.32,717000.0
2018-01-09 09:55:03.935000,5.31,5.3,5.32,717000.0
2018-01-09 09:55:08.856000,5.31,5.3,5.32,717000.0
2018-01-09 09:55:12.039000,5.31,5.3,5.32,717000.0
2018-01-09 09:55:18.277000,5.31,5.3,5.32,717000.0
2018-01-09 09:55:23.102000,5.31,5.3,5.32,727000.0
2018-01-09 09:55:26.846000,5.31,5.3,5.32,727000.0
2018-01-09 09:55:30.147000,5.31,5.3,5.32,727000.0
2018-01-09 09:55:34.125000,5.31,5.3,5.32,727000.0
2018-01-09 09:55:37.242000,5.31,5.3,5.32,727000.0
2018-01-09 09:55:41.461000,5.31,5.3,5.32,727000.0
2018-01-09 09:55:44.958000,5.31,5.3,5.32,727000.0
2018-01-09 09:55:48.227000,5.31,5.3,5.32,727000.0
2018-01-09 09:55:52.394000,5.31,5.3,5.32,727000.0
2018-01-09 09:55:55.980000,5.31,5.3,5.32,727000.0
2018-01-09 09:55:59.502000,5.31,5.3,5.32,727000.0
2018-01-09 09:56:04.189000,5.31,5.3,5.32,727000.0
2018-01-09 09:56:12.462000,5.31,5.3,5.32,727000.0
2018-01-09 09:56:15.409000,5.31,5.3,5.32,727000.0
2018-01-09 09:56:19.173000,5.31,5.3,5.32,747000.0
2018-01-09 09:56:23.591000,5.31,5.3,5.32,747000.0
2018-01-09 09:56:27.511000,5.31,5.3,5.32,747000.0
2018-01-09 09:56:31.480000,5.31,5.3,5.32,747000.0
2018-01-09 09:56:35.709000,5.31,5.3,5.32,747000.0
2018-01-09 09:56:39.630000,5.31,5.31,5.32,767000.0
2018-01-09 09:56:44.037000,5.31,5.31,5.32,767000.0
2018-01-09 09:56:47.986000,5.31,5.31,5.32,767000.0
2018-01-09 09:56:51.915000,5.31,5.3,5.31,787000.0
2018-01-09 09:56:56.239000,5.31,5.3,5.31,787000.0
2018-01-09 09:57:00.193000,5.31,5.3,5.31,787000.0
2018-01-09 09:57:04.252000,5.31,5.3,5.31,787000.0
2018-01-09 09:57:07.479000,5.31,5.3,5.32,787000.0
2018-01-09 09:57:11.587000,5.31,5.3,5.32,787000.0
2018-01-09 09:57:18.462000,5.31,5.3,5.32,787000.0
2018-01-09 09:57:22.444000,5.31,5.3,5.32,787000.0
2018-01-09 09:57:26.443000,5.31,5.3,5.32,787000.0
2018-01-09 09:57:30.685000,5.31,5.3,5.32,787000.0
2018-01-09 09:57:34.920000,5.31,5.3,5.32,787000.0
2018-01-09 09:57:38.783000,5.31,5.3,5.31,807000.0
2018-01-09 09:57:42.100000,5.31,5.3,5.31,807000.0
2018-01-09 09:57:45.575000,5.31,5.3,5.31,807000.0
2018-01-09 09:57:49.349000,5.31,5.3,5.31,807000.0
2018-01-09 09:57:53.293000,5.31,5.3,5.31,807000.0
2018-01-09 09:57:57.256000,5.31,5.3,5.31,807000.0
2018-01-09 09:58:01.151000,5.31,5.3,5.31,807000.0
2018-01-09 09:58:05.795000,5.31,5.31,5.32,807000.0
2018-01-09 09:58:12.935000,5.31,5.31,5.32,807000.0
2018-01-09 09:58:18.176000,5.31,5.31,5.32,807000.0
2018-01-09 09:58:22.229000,5.31,5.31,5.32,807000.0
2018-01-09 09:58:25.814000,5.31,5.31,5.32,807000.0
2018-01-09 09:58:29.788000,5.31,5.31,5.32,807000.0
2018-01-09 09:58:33.598000,5.31,5.31,5.32,807000.0
2018-01-09 09:58:37.560000,5.31,5.31,5.32,807000.0
2018-01-09 09:58:41.806000,5.31,5.31,5.32,807000.0
2018-01-09 09:58:45.241000,5.31,5.3,5.31,807000.0
2018-01-09 09:58:49.087000,5.31,5.3,5.31,807000.0
2018-01-09 09:58:52.685000,5.31,5.3,5.31,807000.0
2018-01-09 09:58:56.194000,5.31,5.3,5.31,807000.0
2018-01-09 09:58:59.916000,5.31,5.3,5.31,807000.0
2018-01-09 09:59:03.519000,5.31,5.3,5.31,807000.0
2018-01-09 09:59:07.574000,5.31,5.3,5.31,807000.0
2018-01-09 09:59:12.220000,5.31,5.31,5.32,807000.0
2018-01-09 09:59:15.643000,5.31,5.31,5.32,807000.0
2018-01-09 09:59:19.696000,5.31,5.31,5.32,807000.0
2018-01-09 09:59:23.371000,5.31,5.31,5.32,807000.0
2018-01-09 09:59:27.282000,5.31,5.31,5.32,807000.0
2018-01-09 09:59:30.795000,5.31,5.31,5.32,807000.0
2018-01-09 09:59:34.804000,5.31,5.31,5.32,807000.0
2018-01-09 09:59:38.937000,5.31,5.31,5.32,807000.0
2018-01-09 09:59:42.948000,5.31,5.31,5.32,857000.0
2018-01-09 09:59:46.791000,5.31,5.31,5.32,857000.0
2018-01-09 09:59:50.304000,5.31,5.31,5.32,857000.0
2018-01-09 09:59:54.238000,5.31,5.31,5.32,857000.0
2018-01-09 09:59:57.925000,5.31,5.31,5.32,967000.0
2018-01-09 10:00:01.668000,5.31,5.31,5.32,967000.0
2018-01-09 10:00:06.090000,5.31,5.31,5.32,967000.0
2018-01-09 10:00:09.884000,5.31,5.31,5.32,967000.0
2018-01-09 10:00:14.444000,5.31,5.31,5.32,967000.0
2018-01-09 10:00:20.511000,5.31,5.31,5.32,967000.0
2018-01-09 10:00:24.538000,5.31,5.31,5.32,967000.0
2018-01-09 10:00:28.372000,5.31,5.31,5.32,967000.0
2018-01-09 10:00:32.216000,5.31,5.31,5.32,967000.0
2018-01-09 10:00:36.212000,5.31,5.3,5.32,987000.0
2018-01-09 10:00:39.603000,5.31,5.3,5.32,987000.0
2018-01-09 10:00:43.138000,5.31,5.3,5.32,987000.0
2018-01-09 10:00:47.335000,5.31,5.3,5.32,987000.0
2018-01-09 10:00:50.724000,5.31,5.3,5.32,987000.0
2018-01-09 10:00:54.836000,5.31,5.3,5.32,987000.0
2018-01-09 10:00:59.227000,5.31,5.3,5.32,987000.0
2018-01-09 10:01:02.871000,5.31,5.3,5.32,987000.0
2018-01-09 10:01:06.480000,5.31,5.3,5.32,987000.0
2018-01-09 10:01:12.854000,5.31,5.3,5.32,987000.0
2018-01-09 10:01:16.181000,5.31,5.3,5.32,987000.0
2018-01-09 10:01:21.638000,5.31,5.3,5.32,987000.0
2018-01-09 10:01:25.620000,5.31,5.3,5.31,997000.0
2018-01-09 10:01:29.647000,5.31,5.3,5.31,997000.0
2018-01-09 10:01:33.244000,5.31,5.3,5.31,997000.0
2018-01-09 10:01:37.566000,5.31,5.3,5.31,997000.0
2018-01-09 10:01:41.010000,5.31,5.3,5.31,997000.0
2018-01-09 10:01:44.994000,5.31,5.3,5.31,997000.0
2018-01-09 10:01:48.920000,5.31,5.3,5.31,997000.0
2018-01-09 10:01:52.811000,5.31,5.3,5.31,1007000.0
2018-01-09 10:01:56.105000,5.31,5.3,5.31,1007000.0
2018-01-09 10:01:59.668000,5.31,5.3,5.31,1007000.0
2018-01-09 10:02:03.633000,5.31,5.3,5.31,1007000.0
2018-01-09 10:02:07.448000,5.31,5.3,5.31,1007000.0
2018-01-09 10:02:10.904000,5.31,5.3,5.31,1007000.0
2018-01-09 10:02:15.119000,5.31,5.3,5.31,1007000.0
2018-01-09 10:02:19.008000,5.31,5.3,5.31,1007000.0
2018-01-09 10:02:23.021000,5.31,5.3,5.31,1007000.0
2018-01-09 10:02:27.422000,5.31,5.3,5.31,1007000.0
2018-01-09 10:02:31.746000,5.31,5.3,5.31,1007000.0
2018-01-09 10:02:35.699000,5.31,5.3,5.31,1007000.0
2018-01-09 10:02:39.140000,5.31,5.3,5.31,1007000.0
2018-01-09 10:02:42.495000,5.31,5.3,5.31,1007000.0
2018-01-09 10:02:46.577000,5.31,5.3,5.31,1007000.0
2018-01-09 10:02:50.843000,5.31,5.3,5.31,1007000.0
2018-01-09 10:02:54.747000,5.31,5.3,5.31,1007000.0
2018-01-09 10:02:58.596000,5.31,5.3,5.31,1007000.0
2018-01-09 10:03:03.830000,5.31,5.3,5.31,1007000.0
2018-01-09 10:03:07.765000,5.31,5.3,5.31,1007000.0
2018-01-09 10:03:11.506000,5.31,5.3,5.31,1007000.0
2018-01-09 10:03:15.545000,5.31,5.3,5.31,1007000.0
2018-01-09 10:03:19.493000,5.31,5.3,5.31,1007000.0
2018-01-09 10:03:23.438000,5.31,5.3,5.31,1007000.0
2018-01-09 10:03:27.309000,5.31,5.3,5.31,1007000.0
2018-01-09 10:03:31.404000,5.31,5.3,5.31,1007000.0
2018-01-09 10:03:35.202000,5.31,5.3,5.31,1007000.0
2018-01-09 10:03:39.032000,5.31,5.3,5.31,1007000.0
2018-01-09 10:03:43.465000,5.31,5.3,5.31,1007000.0
2018-01-09 10:03:47.468000,5.31,5.3,5.31,1007000.0
2018-01-09 10:03:51.279000,5.31,5.3,5.31,1007000.0
2018-01-09 10:03:54.905000,5.31,5.3,5.31,1007000.0
2018-01-09 10:03:58.815000,5.31,5.3,5.31,1007000.0
2018-01-09 10:04:01.937000,5.31,5.3,5.31,1007000.0
2018-01-09 10:04:05.922000,5.31,5.3,5.31,1007000.0
2018-01-09 10:04:09.701000,5.31,5.3,5.31,1025800.0
2018-01-09 10:04:13.045000,5.31,5.3,5.31,1025800.0
2018-01-09 10:04:17.114000,5.31,5.3,5.31,1025800.0
2018-01-09 10:04:22.354000,5.31,5.3,5.31,1025800.0
2018-01-09 10:04:25.857000,5.31,5.3,5.31,1025800.0
2018-01-09 10:04:29.841000,5.31,5.3,5.31,1025800.0
2018-01-09 10:04:33.877000,5.31,5.3,5.31,1025800.0
2018-01-09 10:04:38.048000,5.31,5.3,5.31,1025800.0
2018-01-09 10:04:42.021000,5.31,5.3,5.31,1025800.0
2018-01-09 10:04:46.126000,5.31,5.3,5.31,1025800.0
2018-01-09 10:04:50.108000,5.31,5.3,5.31,1025800.0
2018-01-09 10:04:54.052000,5.31,5.3,5.31,1025800.0
2018-01-09 10:04:58.431000,5.31,5.3,5.31,1025800.0
2018-01-09 10:05:05.766000,5.31,5.3,5.31,1025800.0
2018-01-09 10:05:12.959000,5.31,5.3,5.31,1025800.0
2018-01-09 10:05:16.126000,5.31,5.3,5.31,1025800.0
2018-01-09 10:05:20.611000,5.31,5.3,5.31,1025800.0
2018-01-09 10:05:24.905000,5.31,5.3,5.31,1025800.0
2018-01-09 10:05:28.741000,5.31,5.3,5.31,1025800.0
2018-01-09 10:05:32.707000,5.31,5.3,5.31,1025800.0
2018-01-09 10:05:36.511000,5.31,5.3,5.31,1025800.0
2018-01-09 10:05:40.782000,5.31,5.3,5.31,1025800.0
2018-01-09 10:05:44.879000,5.31,5.3,5.31,1025800.0
2018-01-09 10:05:48.612000,5.31,5.3,5.31,1025800.0
2018-01-09 10:05:52.738000,5.31,5.3,5.31,1025800.0
2018-01-09 10:05:56.317000,5.31,5.3,5.31,1025800.0
2018-01-09 10:05:59.940000,5.31,5.3,5.31,1025800.0
2018-01-09 10:06:03.770000,5.31,5.3,5.31,1025800.0
2018-01-09 10:06:07.662000,5.31,5.3,5.31,1025800.0
2018-01-09 10:06:11.472000,5.31,5.3,5.31,1025800.0
2018-01-09 10:06:14.939000,5.31,5.3,5.31,1025800.0
2018-01-09 10:06:19.170000,5.31,5.3,5.31,1025800.0
2018-01-09 10:06:23.161000,5.31,5.3,5.31,1025800.0
2018-01-09 10:06:26.902000,5.31,5.3,5.31,1025800.0
2018-01-09 10:06:30.032000,5.31,5.3,5.31,1025800.0
2018-01-09 10:06:33.973000,5.31,5.3,5.31,1025800.0
2018-01-09 10:06:37.511000,5.31,5.3,5.31,1025800.0
2018-01-09 10:06:41.190000,5.31,5.3,5.31,1025800.0
2018-01-09 10:06:44.245000,5.31,5.3,5.31,1025800.0
2018-01-09 10:06:48.254000,5.31,5.3,5.31,1025800.0
2018-01-09 10:06:52.238000,5.31,5.3,5.31,1025800.0
2018-01-09 10:06:55.830000,5.31,5.3,5.31,1025800.0
2018-01-09 10:06:59.740000,5.31,5.3,5.31,1025800.0
2018-01-09 10:07:03.511000,5.31,5.3,5.31,1025800.0
2018-01-09 10:07:07.513000,5.31,5.3,5.31,1025800.0
2018-01-09 10:07:11.974000,5.31,5.3,5.31,1025800.0
2018-01-09 10:07:16.001000,5.31,5.3,5.31,1025800.0
2018-01-09 10:07:19.114000,5.31,5.3,5.31,1025800.0
2018-01-09 10:07:22.735000,5.31,5.3,5.31,1025800.0
2018-01-09 10:07:27.148000,5.31,5.3,5.31,1025800.0
2018-01-09 10:07:31.022000,5.31,5.3,5.31,1025800.0
2018-01-09 10:07:35.174000,5.31,5.3,5.31,1025800.0
2018-01-09 10:07:38.943000,5.31,5.3,5.31,1025800.0
2018-01-09 10:07:42.165000,5.31,5.3,5.31,1025800.0
2018-01-09 10:07:45.600000,5.3,5.3,5.31,1031300.0
2018-01-09 10:07:49.557000,5.3,5.3,5.31,1031300.0
2018-01-09 10:07:53.241000,5.3,5.3,5.31,1031300.0
2018-01-09 10:07:56.941000,5.3,5.3,5.31,1031300.0
2018-01-09 10:08:00.586000,5.3,5.3,5.31,1031300.0
2018-01-09 10:08:04.730000,5.3,5.3,5.31,1031300.0
2018-01-09 10:08:08.338000,5.3,5.3,5.31,1031300.0
2018-01-09 10:08:14.081000,5.3,5.3,5.31,1031300.0
2018-01-09 10:08:17.647000,5.3,5.3,5.31,1031300.0
2018-01-09 10:08:22.071000,5.3,5.3,5.31,1031300.0
2018-01-09 10:08:25.851000,5.3,5.3,5.31,1031300.0
2018-01-09 10:08:29.991000,5.3,5.3,5.31,1031300.0
2018-01-09 10:08:34.409000,5.3,5.3,5.31,1031300.0
2018-01-09 10:08:38.024000,5.3,5.3,5.31,1031300.0
2018-01-09 10:08:42.213000,5.3,5.3,5.31,1031300.0
2018-01-09 10:08:46.098000,5.3,5.3,5.31,1031300.0
2018-01-09 10:08:49.830000,5.3,5.3,5.31,1031300.0
2018-01-09 10:08:53.433000,5.3,5.3,5.31,1031300.0
2018-01-09 10:08:56.785000,5.3,5.3,5.31,1031300.0
2018-01-09 10:09:00.742000,5.3,5.3,5.31,1031300.0
2018-01-09 10:09:05.539000,5.3,5.3,5.31,1031300.0
2018-01-09 10:09:12.870000,5.3,5.3,5.31,1031300.0
2018-01-09 10:09:15.990000,5.3,5.3,5.31,1031300.0
2018-01-09 10:09:20.491000,5.3,5.3,5.31,1031300.0
2018-01-09 10:09:23.979000,5.3,5.3,5.31,1031300.0
2018-01-09 10:09:27.579000,5.3,5.3,5.31,1031300.0
2018-01-09 10:09:30.944000,5.3,5.3,5.31,1031300.0
2018-01-09 10:09:34.760000,5.3,5.3,5.31,1031300.0
2018-01-09 10:09:38.962000,5.3,5.3,5.31,1031300.0
2018-01-09 10:09:42.385000,5.3,5.3,5.31,1031300.0
2018-01-09 10:09:46.287000,5.3,5.3,5.31,1031300.0
2018-01-09 10:09:50.679000,5.3,5.3,5.31,1031300.0
2018-01-09 10:09:53.955000,5.3,5.3,5.31,1031300.0
2018-01-09 10:09:57.473000,5.3,5.3,5.31,1031300.0
2018-01-09 10:10:00.991000,5.3,5.3,5.31,1031300.0
2018-01-09 10:10:05.479000,5.3,5.3,5.31,1031300.0
2018-01-09 10:10:09.234000,5.3,5.3,5.31,1031300.0
2018-01-09 10:10:13.433000,5.3,5.3,5.31,1031300.0
2018-01-09 10:10:18.930000,5.3,5.3,5.31,1031300.0
2018-01-09 10:10:22.995000,5.3,5.3,5.31,1031300.0
2018-01-09 10:10:26.993000,5.3,5.3,5.31,1031300.0
2018-01-09 10:10:30.479000,5.3,5.3,5.31,1031300.0
2018-01-09 10:10:34.186000,5.3,5.3,5.31,1031300.0
2018-01-09 10:10:37.843000,5.3,5.3,5.31,1031300.0
2018-01-09 10:10:41.682000,5.3,5.3,5.31,1031300.0
2018-01-09 10:10:45.806000,5.3,5.3,5.31,1031300.0
2018-01-09 10:10:49.454000,5.3,5.3,5.31,1031300.0
2018-01-09 10:10:53.085000,5.3,5.3,5.31,1031300.0
2018-01-09 10:10:56.602000,5.3,5.3,5.31,1031300.0
2018-01-09 10:11:00.074000,5.3,5.3,5.31,1031300.0
2018-01-09 10:11:03.260000,5.3,5.3,5.31,1031300.0
2018-01-09 10:11:06.698000,5.3,5.3,5.31,1031300.0
2018-01-09 10:11:12.415000,5.3,5.3,5.31,1031300.0
2018-01-09 10:11:16.086000,5.3,5.3,5.31,1031300.0
2018-01-09 10:11:19.729000,5.3,5.3,5.31,1031300.0
2018-01-09 10:11:23.710000,5.3,5.3,5.31,1031300.0
2018-01-09 10:11:27.759000,5.3,5.3,5.31,1031300.0
2018-01-09 10:11:31.495000,5.3,5.3,5.31,1031300.0
2018-01-09 10:11:35.202000,5.3,5.3,5.31,1031300.0
2018-01-09 10:11:38.331000,5.3,5.3,5.31,1031300.0
2018-01-09 10:11:41.916000,5.3,5.3,5.31,1031300.0
2018-01-09 10:11:45.824000,5.3,5.3,5.31,1031300.0
2018-01-09 10:11:49.430000,5.3,5.3,5.31,1031300.0
2018-01-09 10:11:53.387000,5.3,5.3,5.31,1031300.0
2018-01-09 10:11:56.710000,5.3,5.3,5.31,1031300.0
2018-01-09 10:12:00.091000,5.3,5.3,5.31,1031300.0
2018-01-09 10:12:05.253000,5.3,5.3,5.31,1031300.0
2018-01-09 10:12:08.515000,5.3,5.3,5.31,1031300.0
2018-01-09 10:12:12.486000,5.3,5.3,5.31,1031300.0
2018-01-09 10:12:17.135000,5.3,5.3,5.31,1031300.0
2018-01-09 10:12:20.900000,5.3,5.3,5.31,1031300.0
2018-01-09 10:12:24.293000,5.3,5.3,5.31,1046300.0
2018-01-09 10:12:27.951000,5.3,5.3,5.31,1046300.0
2018-01-09 10:12:31.995000,5.3,5.3,5.31,1046300.0
2018-01-09 10:12:35.511000,5.3,5.3,5.31,1046300.0
2018-01-09 10:12:39.403000,5.3,5.3,5.31,1046300.0
2018-01-09 10:12:43.004000,5.3,5.3,5.31,1046300.0
2018-01-09 10:12:46.997000,5.3,5.3,5.31,1046300.0
2018-01-09 10:12:51.323000,5.3,5.3,5.31,1046300.0
2018-01-09 10:12:55.113000,5.3,5.3,5.31,1046300.0
2018-01-09 10:12:58.764000,5.3,5.3,5.31,1046300.0
2018-01-09 10:13:02.889000,5.3,5.3,5.31,1046300.0
2018-01-09 10:13:12.791000,5.3,5.3,5.31,1046300.0
2018-01-09 10:13:16.324000,5.3,5.3,5.31,1046300.0
2018-01-09 10:13:20.268000,5.3,5.3,5.31,1067300.0
2018-01-09 10:13:24.140000,5.3,5.3,5.31,1067300.0
2018-01-09 10:13:27.874000,5.3,5.3,5.31,1067300.0
2018-01-09 10:13:31.212000,5.3,5.3,5.31,1067300.0
2018-01-09 10:13:34.801000,5.3,5.3,5.31,1067300.0
2018-01-09 10:13:38.764000,5.3,5.3,5.31,1067300.0
2018-01-09 10:13:42.654000,5.3,5.3,5.31,1067300.0
2018-01-09 10:13:46.231000,5.3,5.3,5.31,1067300.0
2018-01-09 10:13:50.431000,5.3,5.3,5.31,1067300.0
2018-01-09 10:13:54.159000,5.3,5.3,5.31,1067300.0
2018-01-09 10:13:58.219000,5.3,5.3,5.31,1067300.0
2018-01-09 10:14:04.024000,5.3,5.3,5.31,1067300.0
2018-01-09 10:14:08.131000,5.3,5.3,5.31,1067300.0
2018-01-09 10:14:15.578000,5.3,5.3,5.31,1067300.0
2018-01-09 10:14:19.711000,5.3,5.3,5.31,1067300.0
2018-01-09 10:14:22.858000,5.3,5.3,5.31,1067300.0
2018-01-09 10:14:26.501000,5.3,5.3,5.31,1067300.0
2018-01-09 10:14:30.483000,5.3,5.3,5.31,1067300.0
2018-01-09 10:14:33.592000,5.3,5.3,5.31,1067300.0
2018-01-09 10:14:37.656000,5.3,5.3,5.31,1067300.0
2018-01-09 10:14:40.576000,5.3,5.3,5.31,1067300.0
2018-01-09 10:14:44.517000,5.3,5.3,5.31,1067300.0
2018-01-09 10:14:48.402000,5.3,5.3,5.31,1067300.0
2018-01-09 10:14:52.415000,5.3,5.3,5.31,1067300.0
2018-01-09 10:14:57.388000,5.3,5.3,5.31,1067300.0
2018-01-09 10:15:00.778000,5.3,5.3,5.31,1067300.0
2018-01-09 10:15:04.965000,5.3,5.3,5.31,1067300.0
2018-01-09 10:15:09.519000,5.3,5.3,5.31,1067300.0
2018-01-09 10:15:13.210000,5.3,5.3,5.31,1067300.0
2018-01-09 10:15:19.688000,5.3,5.3,5.31,1067300.0
2018-01-09 10:15:23.471000,5.3,5.3,5.31,1067300.0
2018-01-09 10:15:26.562000,5.3,5.3,5.31,1067300.0
2018-01-09 10:15:30.190000,5.3,5.3,5.31,1067300.0
2018-01-09 10:15:34.262000,5.3,5.3,5.31,1067300.0
2018-01-09 10:15:38.130000,5.3,5.3,5.31,1067300.0
2018-01-09 10:15:41.983000,5.3,5.3,5.31,1067300.0
2018-01-09 10:15:45.779000,5.3,5.3,5.31,1067300.0
2018-01-09 10:15:49.974000,5.3,5.3,5.31,1067300.0
2018-01-09 10:15:53.954000,5.3,5.3,5.31,1067300.0
2018-01-09 10:15:57.515000,5.3,5.3,5.31,1067300.0
2018-01-09 10:16:01.483000,5.3,5.3,5.31,1067300.0
2018-01-09 10:16:05.471000,5.3,5.3,5.31,1067300.0
2018-01-09 10:16:10.953000,5.3,5.3,5.31,1067300.0
2018-01-09 10:16:15.452000,5.3,5.3,5.31,1067300.0
2018-01-09 10:16:19.471000,5.3,5.3,5.31,1067300.0
2018-01-09 10:16:24.154000,5.3,5.3,5.31,1067300.0
2018-01-09 10:16:28.744000,5.3,5.3,5.31,1067300.0
2018-01-09 10:16:32.410000,5.3,5.3,5.31,1067300.0
2018-01-09 10:16:35.999000,5.3,5.3,5.31,1067300.0
2018-01-09 10:16:40.005000,5.3,5.3,5.31,1067300.0
2018-01-09 10:16:43.940000,5.3,5.3,5.31,1067300.0
2018-01-09 10:16:48.176000,5.3,5.3,5.31,1067300.0
2018-01-09 10:16:52.504000,5.3,5.3,5.31,1067300.0
2018-01-09 10:16:56.237000,5.3,5.3,5.31,1067300.0
2018-01-09 10:16:59.663000,5.3,5.3,5.31,1067300.0
2018-01-09 10:17:04.583000,5.3,5.3,5.31,1067300.0
2018-01-09 10:17:08.753000,5.3,5.3,5.31,1067300.0
2018-01-09 10:17:12.350000,5.3,5.3,5.31,1067300.0
2018-01-09 10:17:15.509000,5.3,5.3,5.31,1067300.0
2018-01-09 10:17:19.775000,5.3,5.3,5.31,1067300.0
2018-01-09 10:17:23.941000,5.3,5.3,5.31,1067300.0
2018-01-09 10:17:28.084000,5.3,5.3,5.31,1067300.0
2018-01-09 10:17:32.111000,5.3,5.3,5.31,1067300.0
2018-01-09 10:17:35.570000,5.3,5.3,5.31,1067300.0
2018-01-09 10:17:38.988000,5.3,5.3,5.31,1067300.0
2018-01-09 10:17:42.502000,5.3,5.3,5.31,1067300.0
2018-01-09 10:17:46.253000,5.3,5.3,5.31,1067300.0
2018-01-09 10:17:50.094000,5.3,5.3,5.31,1067300.0
2018-01-09 10:17:53.530000,5.3,5.3,5.31,1067300.0
2018-01-09 10:17:57.410000,5.3,5.3,5.31,1067300.0
2018-01-09 10:18:01.425000,5.3,5.3,5.31,1067300.0
2018-01-09 10:18:04.764000,5.3,5.3,5.31,1067300.0
2018-01-09 10:18:09.866000,5.3,5.3,5.31,1067300.0
2018-01-09 10:18:14.176000,5.3,5.3,5.31,1067300.0
2018-01-09 10:18:17.865000,5.3,5.3,5.31,1121300.0
2018-01-09 10:18:21.507000,5.3,5.3,5.31,1121300.0
2018-01-09 10:18:25.525000,5.3,5.3,5.31,1121300.0
2018-01-09 10:18:29.177000,5.3,5.3,5.31,1121300.0
2018-01-09 10:18:32.897000,5.3,5.3,5.31,1121300.0
2018-01-09 10:18:36.474000,5.3,5.3,5.31,1121300.0
2018-01-09 10:18:40.295000,5.3,5.3,5.31,1121300.0
2018-01-09 10:18:44.241000,5.3,5.3,5.31,1121300.0
2018-01-09 10:18:48.332000,5.3,5.3,5.31,1121300.0
2018-01-09 10:18:52.367000,5.3,5.3,5.31,1121300.0
2018-01-09 10:18:55.944000,5.3,5.3,5.31,1121300.0
2018-01-09 10:18:59.694000,5.3,5.3,5.31,1121300.0
2018-01-09 10:19:03.842000,5.3,5.3,5.31,1121300.0
2018-01-09 10:19:10.384000,5.3,5.3,5.31,1121300.0
2018-01-09 10:19:17.998000,5.3,5.3,5.31,1121300.0
2018-01-09 10:19:22.117000,5.3,5.3,5.31,1121300.0
2018-01-09 10:19:25.606000,5.3,5.3,5.31,1121300.0
2018-01-09 10:19:29.543000,5.3,5.3,5.31,1121300.0
2018-01-09 10:19:33.712000,5.3,5.3,5.31,1121300.0
2018-01-09 10:19:37.253000,5.3,5.3,5.31,1121300.0
2018-01-09 10:19:41.285000,5.3,5.3,5.31,1121300.0
2018-01-09 10:19:45.116000,5.3,5.3,5.31,1121300.0
2018-01-09 10:19:48.442000,5.3,5.3,5.31,1121300.0
2018-01-09 10:19:52.523000,5.3,5.3,5.31,1121300.0
2018-01-09 10:19:56.285000,5.3,5.3,5.31,1121300.0
2018-01-09 10:20:00.063000,5.3,5.3,5.31,1121300.0
2018-01-09 10:20:03.813000,5.3,5.3,5.31,1121300.0
2018-01-09 10:20:07.977000,5.3,5.3,5.31,1121300.0
2018-01-09 10:20:13.540000,5.3,5.3,5.31,1121300.0
2018-01-09 10:20:16.993000,5.3,5.3,5.31,1121300.0
2018-01-09 10:20:20.966000,5.3,5.3,5.31,1121300.0
2018-01-09 10:20:24.827000,5.3,5.3,5.31,1121300.0
2018-01-09 10:20:28.746000,5.3,5.3,5.31,1121300.0
2018-01-09 10:20:32.696000,5.3,5.3,5.31,1121300.0
2018-01-09 10:20:36.302000,5.3,5.3,5.32,1144300.0
2018-01-09 10:20:40.227000,5.3,5.3,5.32,1144300.0
2018-01-09 10:20:44.170000,5.3,5.3,5.32,1144300.0
2018-01-09 10:20:47.663000,5.3,5.3,5.32,1144300.0
2018-01-09 10:20:51.052000,5.31,5.31,5.32,1204300.0
2018-01-09 10:20:54.623000,5.31,5.31,5.32,1204300.0
2018-01-09 10:20:58.720000,5.31,5.31,5.32,1204300.0
2018-01-09 10:21:02.194000,5.31,5.31,5.32,1204300.0
2018-01-09 10:21:08.190000,5.31,5.3,5.32,1234300.0
2018-01-09 10:21:15.864000,5.31,5.3,5.32,1234300.0
2018-01-09 10:21:19.447000,5.31,5.3,5.32,1234300.0
2018-01-09 10:21:23.042000,5.31,5.3,5.32,1234300.0
2018-01-09 10:21:28.435000,5.31,5.3,5.32,1234300.0
2018-01-09 10:21:31.852000,5.31,5.3,5.32,1234300.0
2018-01-09 10:21:35.745000,5.31,5.3,5.32,1234300.0
2018-01-09 10:21:39.592000,5.31,5.3,5.32,1234300.0
2018-01-09 10:21:43.168000,5.31,5.3,5.32,1234300.0
2018-01-09 10:21:46.554000,5.31,5.3,5.32,1234300.0
2018-01-09 10:21:50.161000,5.31,5.3,5.32,1234300.0
2018-01-09 10:21:53.496000,5.31,5.3,5.32,1234300.0
2018-01-09 10:21:57.556000,5.31,5.3,5.32,1234300.0
2018-01-09 10:22:01.383000,5.31,5.3,5.32,1234300.0
2018-01-09 10:22:05.092000,5.31,5.3,5.32,1234300.0
2018-01-09 10:22:09.828000,5.31,5.3,5.32,1234300.0
2018-01-09 10:22:13.954000,5.31,5.3,5.32,1234300.0
2018-01-09 10:22:18.434000,5.31,5.3,5.32,1234300.0
2018-01-09 10:22:22.509000,5.31,5.3,5.32,1234300.0
2018-01-09 10:22:26.190000,5.31,5.3,5.32,1234300.0
2018-01-09 10:22:29.902000,5.31,5.3,5.32,1234300.0
2018-01-09 10:22:33.777000,5.31,5.3,5.32,1234300.0
2018-01-09 10:22:37.151000,5.31,5.3,5.32,1234300.0
2018-01-09 10:22:40.389000,5.31,5.3,5.32,1234300.0
2018-01-09 10:22:44.562000,5.31,5.3,5.32,1234300.0
2018-01-09 10:22:48.399000,5.31,5.3,5.32,1234300.0
2018-01-09 10:22:52.106000,5.31,5.3,5.32,1234300.0
2018-01-09 10:22:55.813000,5.31,5.3,5.32,1234300.0
2018-01-09 10:22:59.592000,5.31,5.3,5.32,1234300.0
2018-01-09 10:23:04.388000,5.31,5.3,5.32,1234300.0
2018-01-09 10:23:07.861000,5.31,5.3,5.32,1234300.0
2018-01-09 10:23:14.854000,5.3,5.3,5.31,1248300.0
2018-01-09 10:23:19.122000,5.3,5.3,5.31,1248300.0
2018-01-09 10:23:22.932000,5.3,5.3,5.31,1248300.0
2018-01-09 10:23:26.827000,5.3,5.3,5.31,1248300.0
2018-01-09 10:23:30.553000,5.3,5.3,5.31,1248300.0
2018-01-09 10:23:34.813000,5.3,5.3,5.31,1248300.0
2018-01-09 10:23:38.167000,5.3,5.3,5.31,1248300.0
2018-01-09 10:23:42.097000,5.3,5.3,5.31,1248300.0
2018-01-09 10:23:45.792000,5.3,5.3,5.31,1248300.0
2018-01-09 10:23:49.633000,5.3,5.3,5.31,1248300.0
2018-01-09 10:23:53.639000,5.3,5.3,5.31,1248300.0
2018-01-09 10:23:56.950000,5.3,5.3,5.31,1248300.0
2018-01-09 10:24:00.501000,5.3,5.3,5.31,1248300.0
2018-01-09 10:24:04.009000,5.3,5.3,5.31,1248300.0
2018-01-09 10:24:09.180000,5.3,5.3,5.31,1248300.0
2018-01-09 10:24:13.203000,5.3,5.3,5.31,1248300.0
2018-01-09 10:24:17.166000,5.3,5.3,5.31,1248300.0
2018-01-09 10:24:21.370000,5.3,5.3,5.31,1248300.0
2018-01-09 10:24:24.866000,5.3,5.3,5.31,1248300.0
2018-01-09 10:24:28.285000,5.3,5.3,5.31,1248300.0
2018-01-09 10:24:32.246000,5.3,5.3,5.31,1248300.0
2018-01-09 10:24:35.422000,5.3,5.3,5.31,1248300.0
2018-01-09 10:24:39.018000,5.3,5.3,5.31,1248300.0
2018-01-09 10:24:42.984000,5.3,5.3,5.31,1248300.0
2018-01-09 10:24:46.700000,5.3,5.3,5.31,1248300.0
2018-01-09 10:24:50.718000,5.3,5.3,5.31,1248300.0
2018-01-09 10:24:54.546000,5.3,5.3,5.31,1248300.0
2018-01-09 10:24:58.638000,5.3,5.3,5.31,1248300.0
2018-01-09 10:25:02.547000,5.3,5.3,5.31,1248300.0
2018-01-09 10:25:05.911000,5.3,5.3,5.31,1248300.0
2018-01-09 10:25:11.337000,5.3,5.3,5.31,1248300.0
2018-01-09 10:25:15.391000,5.3,5.3,5.31,1248300.0
2018-01-09 10:25:19.355000,5.3,5.3,5.31,1248300.0
2018-01-09 10:25:23.366000,5.3,5.3,5.31,1248300.0
2018-01-09 10:25:26.372000,5.3,5.3,5.31,1248300.0
2018-01-09 10:25:29.994000,5.3,5.3,5.31,1248300.0
2018-01-09 10:25:33.453000,5.3,5.3,5.31,1248300.0
2018-01-09 10:25:37.014000,5.3,5.3,5.31,1248300.0
2018-01-09 10:25:40.746000,5.3,5.3,5.31,1248300.0
2018-01-09 10:25:44.595000,5.3,5.3,5.31,1248300.0
2018-01-09 10:25:48.752000,5.3,5.3,5.31,1248300.0
2018-01-09 10:25:52.781000,5.3,5.3,5.31,1248300.0
2018-01-09 10:25:56.238000,5.3,5.3,5.31,1248300.0
2018-01-09 10:26:00.078000,5.3,5.3,5.31,1248300.0
2018-01-09 10:26:03.940000,5.3,5.3,5.31,1248300.0
2018-01-09 10:26:07.297000,5.3,5.3,5.31,1248300.0
2018-01-09 10:26:13.033000,5.3,5.3,5.31,1248300.0
2018-01-09 10:26:17.016000,5.3,5.3,5.31,1248300.0
2018-01-09 10:26:20.869000,5.3,5.3,5.31,1248300.0
2018-01-09 10:26:24.487000,5.3,5.3,5.31,1248300.0
2018-01-09 10:26:27.847000,5.3,5.3,5.31,1248300.0
2018-01-09 10:26:35.701000,5.3,5.3,5.31,1248300.0
2018-01-09 10:26:39.315000,5.3,5.3,5.31,1248300.0
2018-01-09 10:26:43.141000,5.3,5.3,5.31,1248300.0
2018-01-09 10:26:47.140000,5.3,5.3,5.31,1248300.0
2018-01-09 10:26:51.021000,5.3,5.3,5.31,1248300.0
2018-01-09 10:26:55.050000,5.3,5.3,5.31,1248300.0
2018-01-09 10:26:58.251000,5.3,5.3,5.31,1248300.0
2018-01-09 10:27:01.784000,5.3,5.3,5.31,1248300.0
2018-01-09 10:27:06.759000,5.3,5.3,5.31,1248300.0
2018-01-09 10:27:10.204000,5.3,5.3,5.31,1248300.0
2018-01-09 10:27:14.191000,5.3,5.3,5.31,1248300.0
2018-01-09 10:27:19.457000,5.3,5.3,5.31,1248300.0
2018-01-09 10:27:23.252000,5.3,5.3,5.31,1248300.0
2018-01-09 10:27:27.017000,5.3,5.3,5.31,1248300.0
2018-01-09 10:27:30.796000,5.3,5.3,5.31,1248300.0
2018-01-09 10:27:34.514000,5.3,5.3,5.31,1248300.0
2018-01-09 10:27:37.974000,5.3,5.3,5.31,1248300.0
2018-01-09 10:27:41.938000,5.3,5.3,5.31,1248300.0
2018-01-09 10:27:45.489000,5.3,5.3,5.31,1248300.0
2018-01-09 10:27:49.394000,5.3,5.3,5.31,1248300.0
2018-01-09 10:27:52.643000,5.3,5.3,5.31,1248300.0
2018-01-09 10:27:56.795000,5.3,5.3,5.31,1248300.0
2018-01-09 10:28:00.770000,5.3,5.3,5.31,1248300.0
2018-01-09 10:28:04.615000,5.3,5.3,5.31,1248300.0
2018-01-09 10:28:08.410000,5.3,5.3,5.31,1248300.0
2018-01-09 10:28:12.263000,5.3,5.3,5.31,1248300.0
2018-01-09 10:28:16.486000,5.3,5.3,5.31,1248300.0
2018-01-09 10:28:20.381000,5.3,5.3,5.31,1248300.0
2018-01-09 10:28:23.771000,5.3,5.3,5.31,1248300.0
2018-01-09 10:28:27.283000,5.3,5.3,5.31,1248300.0
2018-01-09 10:28:30.678000,5.3,5.3,5.31,1248300.0
2018-01-09 10:28:34.672000,5.3,5.3,5.31,1248300.0
2018-01-09 10:28:38.167000,5.3,5.3,5.31,1248300.0
2018-01-09 10:28:41.956000,5.3,5.3,5.31,1248300.0
2018-01-09 10:28:45.962000,5.3,5.3,5.31,1248300.0
2018-01-09 10:28:49.933000,5.3,5.3,5.31,1248300.0
2018-01-09 10:28:53.714000,5.3,5.3,5.31,1248300.0
2018-01-09 10:28:57.924000,5.3,5.3,5.31,1248300.0
2018-01-09 10:29:01.134000,5.3,5.3,5.31,1248300.0
2018-01-09 10:29:04.960000,5.3,5.3,5.31,1248300.0
2018-01-09 10:29:08.927000,5.3,5.3,5.31,1248300.0
2018-01-09 10:29:15.259000,5.3,5.3,5.31,1248300.0
2018-01-09 10:29:19.397000,5.3,5.3,5.31,1248300.0
2018-01-09 10:29:23.419000,5.3,5.3,5.31,1248300.0
2018-01-09 10:29:26.814000,,,,
2018-01-09 10:29:30.563000,,,,
2018-01-09 10:29:33.945000,5.3,5.3,5.31,1248300.0
2018-01-09 10:29:37.316000,5.3,5.3,5.31,1248300.0
2018-01-09 10:29:41.101000,5.3,5.3,5.31,1248300.0
2018-01-09 10:29:44.853000,5.3,5.3,5.31,1248300.0
2018-01-09 10:29:48.885000,5.3,5.3,5.31,1248300.0
2018-01-09 10:29:52.819000,5.3,5.3,5.31,1248300.0
2018-01-09 10:29:56.525000,5.3,5.3,5.31,1248300.0
2018-01-09 10:30:00.065000,5.3,5.3,5.31,1248300.0
2018-01-09 10:30:03.457000,5.3,5.3,5.31,1248300.0
2018-01-09 10:30:07.426000,5.3,5.3,5.31,1248300.0
2018-01-09 10:30:11.202000,5.3,5.3,5.31,1248300.0
2018-01-09 10:30:14.929000,5.3,5.3,5.31,1248300.0
2018-01-09 10:30:19.104000,5.3,5.3,5.31,1248300.0
2018-01-09 10:30:22.959000,5.3,5.3,5.31,1248300.0
2018-01-09 10:30:25.999000,5.3,5.3,5.31,1248300.0
2018-01-09 10:30:29.602000,5.3,5.3,5.31,1248300.0
2018-01-09 10:30:33.311000,5.3,5.3,5.31,1248300.0
2018-01-09 10:30:36.648000,5.3,5.3,5.31,1248300.0
2018-01-09 10:30:40.199000,5.3,5.3,5.31,1248300.0
2018-01-09 10:30:43.664000,5.3,5.3,5.31,1248300.0
2018-01-09 10:30:47.210000,5.3,5.3,5.31,1248300.0
2018-01-09 10:30:51.118000,5.3,5.3,5.31,1248300.0
2018-01-09 10:30:54.858000,5.3,5.3,5.31,1248300.0
2018-01-09 10:30:57.834000,5.3,5.3,5.31,1248300.0
2018-01-09 10:31:01.793000,5.3,5.3,5.31,1248300.0
2018-01-09 10:31:05.524000,5.3,5.3,5.31,1248300.0
2018-01-09 10:31:10.558000,5.3,5.3,5.31,1248300.0
2018-01-09 10:31:14.548000,5.3,5.3,5.31,1248300.0
2018-01-09 10:31:18.982000,5.3,5.3,5.31,1248300.0
2018-01-09 10:31:22.774000,5.3,5.3,5.31,1248300.0
2018-01-09 10:31:26.477000,5.3,5.3,5.31,1248300.0
2018-01-09 10:31:30.294000,5.3,5.3,5.31,1248300.0
2018-01-09 10:31:34.340000,5.3,5.3,5.31,1248300.0
2018-01-09 10:31:38.163000,5.3,5.3,5.31,1248300.0
2018-01-09 10:31:41.775000,5.3,5.3,5.31,1248300.0
2018-01-09 10:31:45.764000,5.3,5.3,5.31,1248300.0
2018-01-09 10:31:49.902000,5.3,5.3,5.31,1248300.0
2018-01-09 10:31:53.728000,5.3,5.3,5.31,1248300.0
2018-01-09 10:31:57.605000,5.3,5.3,5.31,1248300.0
2018-01-09 10:32:01.374000,5.3,5.3,5.31,1248300.0
2018-01-09 10:32:05.030000,5.3,5.3,5.31,1248300.0
2018-01-09 10:32:11.574000,5.3,5.3,5.31,1248300.0
2018-01-09 10:32:18.979000,5.3,5.3,5.31,1248300.0
2018-01-09 10:32:22.886000,5.3,5.3,5.31,1248300.0
2018-01-09 10:32:26.624000,5.3,5.3,5.31,1248300.0
2018-01-09 10:32:30.329000,5.3,5.3,5.31,1248300.0
2018-01-09 10:32:34.167000,5.3,5.3,5.31,1248300.0
2018-01-09 10:32:38.431000,5.3,5.3,5.31,1248300.0
2018-01-09 10:32:42.017000,5.3,5.3,5.31,1248300.0
2018-01-09 10:32:45.973000,5.3,5.3,5.31,1248300.0
2018-01-09 10:32:50.030000,5.3,5.3,5.31,1248300.0
2018-01-09 10:32:54.053000,5.3,5.3,5.31,1248300.0
2018-01-09 10:32:57.228000,5.3,5.3,5.31,1248300.0
2018-01-09 10:33:00.973000,5.3,5.3,5.31,1248300.0
2018-01-09 10:33:05.031000,5.3,5.3,5.31,1248300.0
2018-01-09 10:33:08.825000,5.3,5.3,5.31,1248300.0
2018-01-09 10:33:16.830000,5.3,5.3,5.31,1248300.0
2018-01-09 10:33:20.756000,5.3,5.3,5.31,1248300.0
2018-01-09 10:33:24.359000,5.3,5.3,5.31,1248300.0
2018-01-09 10:33:27.932000,5.3,5.3,5.31,1248300.0
2018-01-09 10:33:31.397000,5.3,5.3,5.31,1248300.0
2018-01-09 10:33:34.859000,5.3,5.3,5.31,1248300.0
2018-01-09 10:33:39.120000,5.3,5.3,5.31,1248300.0
2018-01-09 10:33:43.228000,5.3,5.3,5.31,1248300.0
2018-01-09 10:33:46.889000,5.3,5.3,5.31,1248300.0
2018-01-09 10:33:50.358000,5.3,5.3,5.31,1248300.0
2018-01-09 10:33:54.494000,5.3,5.3,5.31,1248300.0
2018-01-09 10:33:58.183000,5.3,5.3,5.31,1248300.0
2018-01-09 10:34:01.521000,5.3,5.3,5.31,1248300.0
2018-01-09 10:34:05.638000,5.3,5.3,5.31,1248300.0
2018-01-09 10:34:09.665000,5.31,5.3,5.31,1278300.0
2018-01-09 10:34:13.426000,5.31,5.3,5.31,1278300.0
2018-01-09 10:34:18.703000,5.31,5.3,5.31,1278300.0
2018-01-09 10:34:22.824000,5.31,5.3,5.31,1278300.0
2018-01-09 10:34:26.776000,5.31,5.3,5.31,1278300.0
2018-01-09 10:34:30.670000,5.31,5.3,5.31,1278300.0
2018-01-09 10:34:34.652000,5.31,5.3,5.31,1278300.0
2018-01-09 10:34:38.843000,5.31,5.3,5.31,1278300.0
2018-01-09 10:34:42.625000,5.31,5.3,5.31,1278300.0
2018-01-09 10:34:46.441000,5.31,5.3,5.31,1278300.0
2018-01-09 10:34:50.759000,5.31,5.3,5.31,1278300.0
2018-01-09 10:34:54.785000,5.31,5.3,5.31,1278300.0
2018-01-09 10:34:58.684000,5.31,5.3,5.31,1278300.0
2018-01-09 10:35:02.637000,5.31,5.3,5.31,1278300.0
2018-01-09 10:35:06.390000,5.31,5.3,5.31,1278300.0
2018-01-09 10:35:13.606000,5.31,5.3,5.31,1278300.0
2018-01-09 10:35:17.346000,5.31,5.3,5.31,1278300.0
2018-01-09 10:35:21.238000,5.31,5.3,5.31,1278300.0
2018-01-09 10:35:24.850000,5.31,5.3,5.31,1278300.0
2018-01-09 10:35:28.203000,5.31,5.3,5.31,1278300.0
2018-01-09 10:35:31.650000,5.31,5.3,5.31,1278300.0
2018-01-09 10:35:35.525000,5.31,5.3,5.31,1278300.0
2018-01-09 10:35:39.728000,5.31,5.3,5.31,1278300.0
2018-01-09 10:35:43.436000,5.31,5.3,5.31,1278300.0
2018-01-09 10:35:47.813000,5.31,5.3,5.31,1278300.0
2018-01-09 10:35:51.904000,5.31,5.3,5.31,1278300.0
2018-01-09 10:35:56.231000,5.31,5.3,5.31,1278300.0
2018-01-09 10:36:00.238000,5.31,5.3,5.31,1278300.0
2018-01-09 10:36:03.466000,5.31,5.3,5.31,1278300.0
2018-01-09 10:36:07.937000,5.31,5.3,5.31,1278300.0
2018-01-09 10:36:12.096000,5.31,5.3,5.31,1278300.0
2018-01-09 10:36:16.017000,5.31,5.3,5.31,1278300.0
2018-01-09 10:36:21.813000,5.31,5.3,5.31,1278300.0
2018-01-09 10:36:25.112000,5.31,5.3,5.31,1278300.0
2018-01-09 10:36:28.265000,5.31,5.3,5.31,1278300.0
2018-01-09 10:36:31.925000,5.31,5.3,5.31,1278300.0
2018-01-09 10:36:35.988000,5.31,5.3,5.31,1278300.0
2018-01-09 10:36:39.456000,5.31,5.3,5.31,1278300.0
2018-01-09 10:36:43.110000,5.31,5.3,5.31,1278300.0
2018-01-09 10:36:46.804000,5.31,5.3,5.31,1278300.0
2018-01-09 10:36:50.458000,5.31,5.3,5.31,1278300.0
2018-01-09 10:36:54.962000,5.31,5.3,5.31,1278300.0
2018-01-09 10:36:59.221000,5.31,5.3,5.31,1278300.0
2018-01-09 10:37:04.019000,5.31,5.3,5.31,1278300.0
2018-01-09 10:37:12.420000,5.31,5.3,5.31,1278300.0
2018-01-09 10:37:16.520000,5.31,5.3,5.31,1278300.0
2018-01-09 10:37:20.048000,5.31,5.3,5.31,1278300.0
2018-01-09 10:37:23.956000,5.31,5.3,5.31,1278300.0
2018-01-09 10:37:28.018000,5.31,5.3,5.31,1278300.0
2018-01-09 10:37:31.937000,5.31,5.3,5.31,1278300.0
2018-01-09 10:37:36.141000,5.31,5.3,5.31,1278300.0
2018-01-09 10:37:40.110000,5.31,5.3,5.31,1278300.0
2018-01-09 10:37:43.657000,5.31,5.3,5.31,1326300.0
2018-01-09 10:37:47.550000,5.31,5.3,5.31,1326300.0
2018-01-09 10:37:51.073000,5.31,5.3,5.31,1326300.0
2018-01-09 10:37:54.627000,5.31,5.3,5.31,1326300.0
2018-01-09 10:37:58.986000,5.31,5.3,5.31,1326300.0
2018-01-09 10:38:06.657000,5.31,5.3,5.31,1326300.0
2018-01-09 10:38:10.131000,5.31,5.3,5.31,1326300.0
2018-01-09 10:38:14.236000,5.31,5.3,5.31,1326300.0
2018-01-09 10:38:17.970000,5.31,5.3,5.31,1326300.0
2018-01-09 10:38:22.105000,5.31,5.3,5.31,1326300.0
2018-01-09 10:38:26.022000,5.31,5.3,5.31,1326300.0
2018-01-09 10:38:30.053000,5.31,5.3,5.31,1326300.0
2018-01-09 10:38:33.982000,5.31,5.3,5.31,1326300.0
2018-01-09 10:38:37.412000,5.31,5.3,5.31,1326300.0
2018-01-09 10:38:41.530000,5.31,5.3,5.31,1326300.0
2018-01-09 10:38:45.255000,5.31,5.3,5.31,1326300.0
2018-01-09 10:38:49.519000,5.31,5.3,5.31,1326300.0
2018-01-09 10:38:53.692000,5.31,5.3,5.31,1326300.0
2018-01-09 10:38:57.613000,5.31,5.3,5.31,1326300.0
2018-01-09 10:39:01.131000,5.31,5.3,5.31,1326300.0
2018-01-09 10:39:04.689000,5.31,5.3,5.31,1326300.0
2018-01-09 10:39:13.222000,5.31,5.3,5.31,1326300.0
2018-01-09 10:39:16.884000,5.31,5.3,5.31,1326300.0
2018-01-09 10:39:20.663000,5.31,5.3,5.31,1326300.0
2018-01-09 10:39:24.834000,5.31,5.3,5.31,1326300.0
2018-01-09 10:39:28.612000,5.31,5.3,5.31,1326300.0
2018-01-09 10:39:32.669000,5.31,5.3,5.31,1326300.0
2018-01-09 10:39:36.238000,5.31,5.3,5.31,1326300.0
2018-01-09 10:39:40.101000,5.31,5.3,5.31,1326300.0
2018-01-09 10:39:44.065000,5.31,5.3,5.31,1326300.0
2018-01-09 10:39:48.255000,5.31,5.3,5.31,1326300.0
2018-01-09 10:39:52.171000,5.31,5.3,5.31,1326300.0
2018-01-09 10:39:55.643000,5.31,5.3,5.31,1326300.0
2018-01-09 10:39:59.318000,5.31,5.3,5.31,1326300.0
2018-01-09 10:40:02.538000,5.31,5.3,5.31,1326300.0
2018-01-09 10:40:09.116000,5.31,5.3,5.31,1326300.0
2018-01-09 10:40:13.226000,5.31,5.3,5.31,1326300.0
2018-01-09 10:40:16.720000,5.31,5.3,5.31,1326300.0
2018-01-09 10:40:20.400000,5.31,5.3,5.31,1326300.0
2018-01-09 10:40:24.228000,5.31,5.3,5.31,1326300.0
2018-01-09 10:40:28.396000,5.31,5.3,5.31,1326300.0
2018-01-09 10:40:31.872000,5.31,5.3,5.31,1326300.0
2018-01-09 10:40:35.783000,5.31,5.3,5.31,1326300.0
2018-01-09 10:40:39.630000,5.31,5.3,5.31,1326300.0
2018-01-09 10:40:43.427000,5.31,5.3,5.31,1326300.0
2018-01-09 10:40:47.049000,5.31,5.3,5.31,1326300.0
2018-01-09 10:40:50.752000,5.31,5.3,5.31,1326300.0
2018-01-09 10:40:54.898000,5.31,5.3,5.31,1326300.0
2018-01-09 10:40:58.771000,5.31,5.3,5.31,1326300.0
2018-01-09 10:41:01.729000,5.31,5.3,5.31,1326300.0
2018-01-09 10:41:05.416000,5.31,5.3,5.31,1326300.0
2018-01-09 10:41:08.928000,5.31,5.3,5.31,1326300.0
2018-01-09 10:41:12.814000,5.31,5.3,5.31,1326300.0
2018-01-09 10:41:16.714000,5.31,5.3,5.31,1326300.0
2018-01-09 10:41:20.863000,5.31,5.3,5.31,1326300.0
2018-01-09 10:41:24.306000,5.31,5.3,5.31,1326300.0
2018-01-09 10:41:27.934000,5.31,5.3,5.31,1326300.0
2018-01-09 10:41:31.486000,5.31,5.3,5.31,1326300.0
2018-01-09 10:41:35.478000,5.31,5.3,5.31,1326300.0
2018-01-09 10:41:39.635000,5.31,5.3,5.31,1326300.0
2018-01-09 10:41:43.305000,5.31,5.3,5.31,1326300.0
2018-01-09 10:41:46.867000,5.31,5.3,5.31,1326300.0
2018-01-09 10:41:50.266000,5.31,5.3,5.31,1326300.0
2018-01-09 10:41:53.773000,5.31,5.3,5.31,1326300.0
2018-01-09 10:41:57.402000,5.31,5.3,5.31,1326300.0
2018-01-09 10:42:01.303000,5.31,5.3,5.31,1326300.0
2018-01-09 10:42:04.798000,5.31,5.3,5.31,1326300.0
2018-01-09 10:42:11.263000,5.31,5.3,5.31,1326300.0
2018-01-09 10:42:19.094000,5.31,5.3,5.31,1326300.0
2018-01-09 10:42:23.016000,5.31,5.3,5.31,1326300.0
2018-01-09 10:42:27.170000,5.31,5.3,5.31,1326300.0
2018-01-09 10:42:31.183000,5.31,5.3,5.31,1326300.0
2018-01-09 10:42:34.429000,5.31,5.3,5.31,1326300.0
2018-01-09 10:42:37.549000,5.31,5.3,5.31,1326300.0
2018-01-09 10:42:41.445000,5.31,5.3,5.31,1326300.0
2018-01-09 10:42:44.985000,5.31,5.3,5.31,1326300.0
2018-01-09 10:42:49.121000,5.31,5.3,5.31,1326300.0
2018-01-09 10:42:52.690000,5.31,5.3,5.31,1326300.0
2018-01-09 10:42:56.263000,5.31,5.3,5.31,1326300.0
2018-01-09 10:43:00.387000,5.31,5.3,5.31,1326300.0
2018-01-09 10:43:06.186000,5.31,5.3,5.31,1326300.0
2018-01-09 10:43:09.702000,5.31,5.3,5.31,1326300.0
2018-01-09 10:43:13.508000,5.31,5.3,5.31,1326300.0
2018-01-09 10:43:17.192000,5.3,5.3,5.31,1331200.0
2018-01-09 10:43:21.314000,5.3,5.3,5.31,1331200.0
2018-01-09 10:43:25.310000,5.3,5.3,5.31,1331200.0
2018-01-09 10:43:29.417000,5.3,5.3,5.31,1331200.0
2018-01-09 10:43:33.339000,5.3,5.3,5.31,1331200.0
2018-01-09 10:43:37.141000,5.3,5.3,5.31,1331200.0
2018-01-09 10:43:40.821000,5.3,5.3,5.31,1331200.0
2018-01-09 10:43:44.419000,5.3,5.3,5.31,1331200.0
2018-01-09 10:43:48.187000,5.3,5.3,5.31,1331200.0
2018-01-09 10:43:52.267000,5.3,5.3,5.31,1331200.0
2018-01-09 10:43:56.249000,5.3,5.3,5.31,1331200.0
2018-01-09 10:43:59.999000,5.3,5.3,5.31,1331200.0
2018-01-09 10:44:03.462000,5.3,5.3,5.31,1331200.0
2018-01-09 10:44:09.421000,5.3,5.3,5.31,1331200.0
2018-01-09 10:44:13.515000,5.3,5.3,5.31,1331200.0
2018-01-09 10:44:19.766000,5.3,5.3,5.31,1331200.0
2018-01-09 10:44:23.763000,5.3,5.3,5.31,1331200.0
2018-01-09 10:44:27.392000,5.3,5.3,5.31,1331200.0
2018-01-09 10:44:30.842000,5.3,5.3,5.31,1331200.0
2018-01-09 10:44:34.684000,5.3,5.3,5.31,1331200.0
2018-01-09 10:44:38.308000,5.3,5.3,5.31,1331200.0
2018-01-09 10:44:42.201000,5.3,5.3,5.31,1331200.0
2018-01-09 10:44:46.049000,5.3,5.3,5.31,1331200.0
2018-01-09 10:44:50.145000,5.3,5.3,5.31,1331200.0
2018-01-09 10:44:53.717000,5.3,5.3,5.31,1331200.0
2018-01-09 10:44:57.343000,5.3,5.3,5.31,1331200.0
2018-01-09 10:45:01.126000,5.3,5.3,5.31,1331200.0
2018-01-09 10:45:05.465000,5.3,5.3,5.31,1331200.0
2018-01-09 10:45:12.934000,5.3,5.3,5.31,1331200.0
2018-01-09 10:45:16.738000,5.3,5.3,5.31,1331200.0
2018-01-09 10:45:22.535000,5.3,5.3,5.31,1331200.0
2018-01-09 10:45:26.189000,5.3,5.3,5.31,1331200.0
2018-01-09 10:45:29.843000,5.3,5.3,5.31,1331200.0
2018-01-09 10:45:33.083000,5.3,5.3,5.31,1331200.0
2018-01-09 10:45:36.631000,5.3,5.3,5.31,1331200.0
2018-01-09 10:45:40.500000,5.3,5.3,5.31,1331200.0
2018-01-09 10:45:44.242000,5.3,5.3,5.31,1331200.0
2018-01-09 10:45:47.842000,5.3,5.3,5.31,1331200.0
2018-01-09 10:45:51.144000,5.3,5.3,5.31,1331200.0
2018-01-09 10:45:54.545000,5.3,5.3,5.31,1331200.0
2018-01-09 10:45:58.891000,5.3,5.3,5.31,1331200.0
2018-01-09 10:46:02.833000,5.3,5.3,5.31,1331200.0
2018-01-09 10:46:06.291000,5.3,5.3,5.31,1331200.0
2018-01-09 10:46:09.364000,5.3,5.3,5.31,1331200.0
2018-01-09 10:46:13.155000,5.3,5.3,5.31,1331200.0
2018-01-09 10:46:18.326000,5.3,5.3,5.31,1331200.0
2018-01-09 10:46:22.092000,5.3,5.3,5.31,1331200.0
2018-01-09 10:46:28.431000,5.3,5.3,5.31,1331200.0
2018-01-09 10:46:32.377000,5.3,5.3,5.31,1331200.0
2018-01-09 10:46:36.591000,5.3,5.3,5.31,1331200.0
2018-01-09 10:46:40.526000,5.3,5.3,5.31,1331200.0
2018-01-09 10:46:44.616000,5.3,5.3,5.31,1331200.0
2018-01-09 10:46:48.285000,5.3,5.3,5.31,1331200.0
2018-01-09 10:46:52.364000,5.3,5.3,5.31,1331200.0
2018-01-09 10:46:56.065000,5.3,5.3,5.31,1331200.0
2018-01-09 10:46:59.667000,5.3,5.3,5.31,1331200.0
2018-01-09 10:47:03.194000,5.3,5.3,5.31,1331200.0
2018-01-09 10:47:07.018000,5.3,5.3,5.31,1331200.0
2018-01-09 10:47:11.042000,5.3,5.3,5.31,1331200.0
2018-01-09 10:47:14.986000,5.3,5.3,5.31,1331200.0
2018-01-09 10:47:18.734000,5.3,5.3,5.31,1331200.0
2018-01-09 10:47:22.488000,5.3,5.3,5.31,1331200.0
2018-01-09 10:47:26.020000,5.3,5.3,5.31,1331200.0
2018-01-09 10:47:29.838000,5.3,5.3,5.31,1331200.0
2018-01-09 10:47:33.349000,5.3,5.3,5.31,1331200.0
2018-01-09 10:47:37.252000,5.3,5.3,5.31,1331200.0
2018-01-09 10:47:41.505000,5.3,5.3,5.31,1331200.0
2018-01-09 10:47:45.104000,5.3,5.3,5.31,1331200.0
2018-01-09 10:47:49.109000,5.3,5.3,5.31,1331200.0
2018-01-09 10:47:53.118000,5.3,5.3,5.31,1331200.0
2018-01-09 10:47:57.075000,5.3,5.3,5.31,1331200.0
2018-01-09 10:48:01.065000,5.3,5.3,5.31,1331200.0
2018-01-09 10:48:05.803000,5.3,5.3,5.31,1331200.0
2018-01-09 10:48:09.897000,5.3,5.3,5.31,1331200.0
2018-01-09 10:48:13.659000,5.3,5.3,5.31,1336200.0
2018-01-09 10:48:20.315000,5.3,5.29,5.31,1383200.0
2018-01-09 10:48:23.924000,5.3,5.29,5.31,1383200.0
2018-01-09 10:48:27.083000,5.3,5.29,5.31,1383200.0
2018-01-09 10:48:30.637000,5.3,5.29,5.31,1383200.0
2018-01-09 10:48:34.503000,5.3,5.29,5.31,1383200.0
2018-01-09 10:48:38.278000,5.3,5.29,5.31,1383200.0
2018-01-09 10:48:42.044000,5.3,5.29,5.31,1383200.0
2018-01-09 10:48:46.052000,5.3,5.29,5.31,1383200.0
2018-01-09 10:48:49.830000,5.3,5.29,5.31,1383200.0
2018-01-09 10:48:54.017000,5.3,5.29,5.31,1383200.0
2018-01-09 10:48:57.904000,5.3,5.29,5.31,1383200.0
2018-01-09 10:49:01.764000,5.3,5.29,5.31,1383200.0
2018-01-09 10:49:05.992000,5.3,5.29,5.31,1383200.0
2018-01-09 10:49:09.741000,5.3,5.29,5.31,1383200.0
2018-01-09 10:49:13.582000,5.3,5.29,5.31,1383200.0
2018-01-09 10:49:17.491000,5.3,5.29,5.31,1383200.0
2018-01-09 10:49:21.080000,5.3,5.29,5.31,1383200.0
2018-01-09 10:49:25.261000,5.3,5.29,5.31,1383200.0
2018-01-09 10:49:29.191000,5.3,5.29,5.31,1383200.0
2018-01-09 10:49:33.141000,5.3,5.29,5.3,1493200.0
2018-01-09 10:49:37.338000,5.3,5.29,5.3,1493200.0
2018-01-09 10:49:41.305000,5.3,5.29,5.3,1493200.0
2018-01-09 10:49:44.992000,5.3,5.29,5.3,1493200.0
2018-01-09 10:49:48.343000,5.3,5.29,5.3,1493200.0
2018-01-09 10:49:52.301000,5.3,5.29,5.3,1493200.0
2018-01-09 10:49:56.027000,5.3,5.29,5.3,1493200.0
2018-01-09 10:49:59.501000,5.3,5.29,5.3,1493200.0
2018-01-09 10:50:02.781000,5.3,5.29,5.3,1493200.0
2018-01-09 10:50:06.175000,5.3,5.29,5.3,1493200.0
2018-01-09 10:50:09.915000,5.3,5.29,5.3,1493200.0
2018-01-09 10:50:13.242000,5.3,5.29,5.3,1493200.0
2018-01-09 10:50:18.806000,5.3,5.29,5.3,1493200.0
2018-01-09 10:50:22.626000,5.3,5.29,5.3,1493200.0
2018-01-09 10:50:26.130000,5.3,5.29,5.3,1493200.0
2018-01-09 10:50:29.796000,5.3,5.29,5.3,1493200.0
2018-01-09 10:50:33.480000,5.3,5.29,5.3,1493200.0
2018-01-09 10:50:37.416000,5.3,5.29,5.31,1513200.0
2018-01-09 10:50:41.355000,5.3,5.29,5.31,1513200.0
2018-01-09 10:50:44.786000,5.3,5.29,5.31,1513200.0
2018-01-09 10:50:48.022000,5.3,5.29,5.31,1513200.0
2018-01-09 10:50:51.219000,5.3,5.29,5.31,1513200.0
2018-01-09 10:50:55.016000,5.3,5.29,5.31,1513200.0
2018-01-09 10:50:58.257000,5.3,5.29,5.31,1513200.0
2018-01-09 10:51:02.194000,5.3,5.29,5.31,1513200.0
2018-01-09 10:51:11.840000,5.3,5.3,5.31,1553200.0
2018-01-09 10:51:17.282000,5.3,5.3,5.31,1553200.0
2018-01-09 10:51:21.234000,5.3,5.3,5.31,1553200.0
2018-01-09 10:51:25.362000,5.3,5.3,5.31,1553200.0
2018-01-09 10:51:29.440000,5.3,5.3,5.31,1553200.0
2018-01-09 10:51:33.278000,5.3,5.3,5.31,1553200.0
2018-01-09 10:51:36.815000,5.3,5.3,5.31,1553200.0
2018-01-09 10:51:41.036000,5.3,5.3,5.31,1553200.0
2018-01-09 10:51:44.556000,5.3,5.3,5.31,1553200.0
2018-01-09 10:51:47.677000,5.3,5.3,5.31,1553200.0
2018-01-09 10:51:51.537000,5.3,5.3,5.31,1553200.0
2018-01-09 10:51:55.003000,5.3,5.3,5.31,1573200.0
2018-01-09 10:51:59.127000,5.3,5.3,5.31,1573200.0
2018-01-09 10:52:03.174000,5.3,5.3,5.31,1573200.0
2018-01-09 10:52:06.863000,5.3,5.3,5.31,1573200.0
2018-01-09 10:52:12.247000,5.3,5.3,5.31,1573200.0
2018-01-09 10:52:19.106000,5.3,5.3,5.31,1573200.0
2018-01-09 10:52:22.470000,5.3,5.3,5.31,1573200.0
2018-01-09 10:52:26.509000,5.3,5.29,5.31,1783200.0
2018-01-09 10:52:30.180000,5.3,5.29,5.31,1783200.0
2018-01-09 10:52:33.809000,5.3,5.29,5.31,1783200.0
2018-01-09 10:52:37.188000,5.3,5.29,5.31,1783200.0
2018-01-09 10:52:40.840000,5.3,5.29,5.31,1783200.0
2018-01-09 10:52:44.604000,5.3,5.29,5.31,1783200.0
2018-01-09 10:52:48.620000,5.3,5.29,5.31,1783200.0
2018-01-09 10:52:52.308000,5.3,5.29,5.31,1783200.0
2018-01-09 10:52:55.573000,5.3,5.29,5.31,1783200.0
2018-01-09 10:52:59.728000,5.3,5.29,5.31,1783200.0
2018-01-09 10:53:03.417000,5.3,5.29,5.31,1783200.0
2018-01-09 10:53:07.182000,5.3,5.29,5.31,1783200.0
2018-01-09 10:53:10.731000,5.3,5.29,5.31,1783200.0
2018-01-09 10:53:14.903000,5.3,5.29,5.31,1783200.0
2018-01-09 10:53:18.508000,5.3,5.29,5.31,1783200.0
2018-01-09 10:53:21.446000,5.3,5.29,5.31,1783200.0
2018-01-09 10:53:25.290000,5.3,5.29,5.31,1783200.0
2018-01-09 10:53:29.080000,5.3,5.29,5.31,1783200.0
2018-01-09 10:53:33.573000,5.3,5.29,5.31,1783200.0
2018-01-09 10:53:37.153000,5.3,5.29,5.31,1783200.0
2018-01-09 10:53:41.020000,5.3,5.29,5.31,1783200.0
2018-01-09 10:53:45.140000,5.3,5.29,5.31,1783200.0
2018-01-09 10:53:48.888000,5.3,5.29,5.31,1783200.0
2018-01-09 10:53:52.951000,5.3,5.29,5.31,1783200.0
2018-01-09 10:53:56.688000,5.3,5.29,5.31,1783200.0
2018-01-09 10:54:00.267000,5.3,5.29,5.31,1783200.0
2018-01-09 10:54:03.837000,5.3,5.29,5.31,1783200.0
2018-01-09 10:54:07.434000,5.3,5.29,5.31,1783200.0
2018-01-09 10:54:10.858000,5.3,5.29,5.31,1783200.0
2018-01-09 10:54:13.851000,5.3,5.29,5.31,1783200.0
2018-01-09 10:54:20.270000,5.3,5.29,5.31,1783200.0
2018-01-09 10:54:24.588000,5.3,5.29,5.31,1783200.0
2018-01-09 10:54:28.953000,5.3,5.29,5.31,1783200.0
2018-01-09 10:54:32.755000,5.3,5.29,5.31,1783200.0
2018-01-09 10:54:36.702000,5.3,5.29,5.31,1783200.0
2018-01-09 10:54:40.568000,5.3,5.29,5.31,1783200.0
2018-01-09 10:54:44.582000,5.3,5.29,5.31,1783200.0
2018-01-09 10:54:48.246000,5.3,5.29,5.31,1783200.0
2018-01-09 10:54:52.121000,5.3,5.29,5.31,1783200.0
2018-01-09 10:54:56.747000,5.3,5.29,5.31,1783200.0
2018-01-09 10:55:00.640000,5.3,5.29,5.31,1783200.0
2018-01-09 10:55:06.812000,5.3,5.29,5.31,1783200.0
2018-01-09 10:55:10.835000,5.3,5.29,5.31,1783200.0
2018-01-09 10:55:16.678000,5.3,5.29,5.31,1783200.0
2018-01-09 10:55:20.717000,5.3,5.29,5.31,1783200.0
2018-01-09 10:55:24.610000,5.3,5.29,5.31,1783200.0
2018-01-09 10:55:28.653000,5.3,5.29,5.31,1783200.0
2018-01-09 10:55:32.890000,5.3,5.29,5.31,1783200.0
2018-01-09 10:55:36.755000,5.3,5.29,5.31,1783200.0
2018-01-09 10:55:40.410000,5.3,5.29,5.31,1783200.0
2018-01-09 10:55:44.293000,5.3,5.29,5.31,1783200.0
2018-01-09 10:55:49.412000,5.3,5.29,5.31,1783200.0
2018-01-09 10:55:53.196000,5.31,5.3,5.31,1786200.0
2018-01-09 10:55:56.934000,5.31,5.3,5.31,1786200.0
2018-01-09 10:56:00.984000,5.31,5.3,5.31,1786200.0
2018-01-09 10:56:06.363000,5.31,5.3,5.31,1786200.0
2018-01-09 10:56:12.638000,5.31,5.3,5.31,1786200.0
2018-01-09 10:56:16.642000,5.31,5.3,5.31,1786200.0
2018-01-09 10:56:20.343000,5.31,5.3,5.31,1786200.0
2018-01-09 10:56:24.522000,5.31,5.3,5.31,1786200.0
2018-01-09 10:56:27.762000,5.31,5.3,5.31,1786200.0
2018-01-09 10:56:31.870000,5.31,5.3,5.31,1786200.0
2018-01-09 10:56:36.033000,5.31,5.3,5.31,1786200.0
2018-01-09 10:56:39.821000,5.31,5.3,5.31,1786200.0
2018-01-09 10:56:43.724000,5.31,5.3,5.31,1786200.0
2018-01-09 10:56:48.040000,5.31,5.3,5.31,1786200.0
2018-01-09 10:56:51.664000,5.31,5.3,5.31,1786200.0
2018-01-09 10:56:55.265000,5.31,5.3,5.31,1786200.0
2018-01-09 10:56:58.791000,5.31,5.3,5.31,1786200.0
2018-01-09 10:57:03.203000,5.31,5.3,5.31,1786200.0
2018-01-09 10:57:06.986000,5.3,5.29,5.31,1855700.0
2018-01-09 10:57:13.063000,5.3,5.29,5.31,1855700.0
2018-01-09 10:57:16.981000,5.3,5.29,5.31,1855700.0
2018-01-09 10:57:20.623000,5.3,5.29,5.31,1855700.0
2018-01-09 10:57:24.754000,5.3,5.29,5.31,1855700.0
2018-01-09 10:57:28.593000,5.3,5.29,5.31,1855700.0
2018-01-09 10:57:32.563000,5.3,5.29,5.31,1855700.0
2018-01-09 10:57:36.463000,5.3,5.29,5.31,1855700.0
2018-01-09 10:57:40.723000,5.3,5.29,5.3,1855700.0
2018-01-09 10:57:44.147000,5.3,5.29,5.3,1855700.0
2018-01-09 10:57:48.671000,5.3,5.29,5.3,1855700.0
2018-01-09 10:57:52.169000,5.3,5.29,5.3,1855700.0
2018-01-09 10:57:55.979000,5.3,5.29,5.3,1855700.0
2018-01-09 10:57:59.872000,5.3,5.29,5.3,1855700.0
2018-01-09 10:58:03.214000,5.3,5.29,5.3,1855700.0
2018-01-09 10:58:07.608000,5.3,5.29,5.3,1855700.0
2018-01-09 10:58:12.398000,5.3,5.29,5.3,1855700.0
2018-01-09 10:58:18.591000,5.3,5.29,5.3,1855700.0
2018-01-09 10:58:23.364000,5.3,5.29,5.31,1855700.0
2018-01-09 10:58:27.086000,5.3,5.29,5.31,1855700.0
2018-01-09 10:58:31.017000,5.3,5.29,5.31,1855700.0
2018-01-09 10:58:34.660000,5.3,5.29,5.31,1855700.0
2018-01-09 10:58:38.413000,5.3,5.29,5.31,1855700.0
2018-01-09 10:58:42.464000,5.3,5.29,5.31,1855700.0
2018-01-09 10:58:46.459000,5.3,5.29,5.31,1855700.0
2018-01-09 10:58:49.760000,5.3,5.29,5.31,1855700.0
2018-01-09 10:58:54.094000,5.3,5.29,5.31,1855700.0
2018-01-09 10:58:57.626000,5.3,5.29,5.31,1855700.0
2018-01-09 10:59:01.253000,5.3,5.29,5.31,1855700.0
2018-01-09 10:59:07.090000,5.3,5.29,5.31,1855700.0
2018-01-09 10:59:12.794000,5.3,5.29,5.31,1855700.0
2018-01-09 10:59:16.543000,5.3,5.29,5.31,1855700.0
2018-01-09 10:59:21.128000,5.3,5.29,5.31,1855700.0
2018-01-09 10:59:25.086000,5.3,5.29,5.31,1855700.0
2018-01-09 10:59:28.943000,5.3,5.29,5.31,1855700.0
2018-01-09 10:59:33.907000,5.3,5.29,5.31,1855700.0
2018-01-09 10:59:37.508000,5.3,5.29,5.31,1855700.0
2018-01-09 10:59:41.351000,5.3,5.29,5.31,1855700.0
2018-01-09 10:59:45.170000,5.3,5.29,5.31,1855700.0
2018-01-09 10:59:49.512000,5.3,5.29,5.31,1855700.0
2018-01-09 10:59:52.642000,5.3,5.29,5.31,1855700.0
2018-01-09 10:59:56.213000,5.3,5.29,5.31,1855700.0
2018-01-09 10:59:59.920000,5.3,5.29,5.31,1855700.0
2018-01-09 11:00:03.415000,5.3,5.29,5.31,1855700.0
2018-01-09 11:00:10.146000,5.3,5.29,5.31,1855700.0
2018-01-09 11:00:13.729000,5.3,5.29,5.31,1855700.0
2018-01-09 11:00:17.182000,5.3,5.29,5.31,1855700.0
2018-01-09 11:00:21.301000,5.3,5.29,5.31,1855700.0
2018-01-09 11:00:24.985000,5.3,5.29,5.31,1855700.0
2018-01-09 11:00:29.049000,5.3,5.29,5.31,1855700.0
2018-01-09 11:00:32.883000,5.3,5.29,5.31,1855700.0
2018-01-09 11:00:37.144000,5.3,5.29,5.31,1855700.0
2018-01-09 11:00:41.164000,5.3,5.29,5.31,1855700.0
2018-01-09 11:00:45.073000,5.3,5.29,5.31,1855700.0
2018-01-09 11:00:48.513000,5.3,5.29,5.31,1855700.0
2018-01-09 11:00:51.978000,5.3,5.29,5.31,1855700.0
2018-01-09 11:00:55.588000,5.3,5.29,5.31,1855700.0
2018-01-09 11:00:58.946000,5.3,5.29,5.31,1855700.0
2018-01-09 11:01:02.264000,5.3,5.29,5.31,1855700.0
2018-01-09 11:01:06.012000,5.3,5.29,5.31,1855700.0
2018-01-09 11:01:09.645000,5.3,5.29,5.31,1855700.0
2018-01-09 11:01:13.487000,5.3,5.29,5.31,1855700.0
2018-01-09 11:01:16.937000,5.3,5.29,5.3,1875700.0
2018-01-09 11:01:21.431000,5.3,5.29,5.3,1875700.0
2018-01-09 11:01:25.147000,5.3,5.29,5.3,1875700.0
2018-01-09 11:01:28.856000,5.3,5.29,5.3,1875700.0
2018-01-09 11:01:32.543000,5.3,5.29,5.3,1875700.0
2018-01-09 11:01:36.287000,5.3,5.29,5.3,1875700.0
2018-01-09 11:01:40.559000,5.3,5.29,5.3,1875700.0
2018-01-09 11:01:44.582000,5.3,5.29,5.3,1875700.0
2018-01-09 11:01:48.564000,5.3,5.29,5.3,1875700.0
2018-01-09 11:01:52.696000,5.3,5.29,5.3,1875700.0
2018-01-09 11:01:56.428000,5.3,5.29,5.3,1875700.0
2018-01-09 11:01:59.934000,5.3,5.29,5.3,1875700.0
2018-01-09 11:02:03.162000,5.3,5.29,5.3,1875700.0
2018-01-09 11:02:06.589000,5.3,5.29,5.3,1875700.0
2018-01-09 11:02:09.802000,5.3,5.29,5.3,1875700.0
2018-01-09 11:02:13.991000,5.3,5.29,5.31,1876700.0
2018-01-09 11:02:17.853000,5.3,5.29,5.31,1876700.0
2018-01-09 11:02:20.729000,5.3,5.29,5.31,1876700.0
2018-01-09 11:02:24.771000,5.3,5.29,5.31,1876700.0
2018-01-09 11:02:28.883000,5.3,5.29,5.31,1876700.0
2018-01-09 11:02:32.604000,5.3,5.29,5.31,1876700.0
2018-01-09 11:02:36.145000,5.3,5.29,5.31,1876700.0
2018-01-09 11:02:40.039000,5.3,5.29,5.31,1876700.0
2018-01-09 11:02:43.256000,5.3,5.29,5.31,1876700.0
2018-01-09 11:02:46.876000,5.3,5.29,5.31,1876700.0
2018-01-09 11:02:50.303000,5.3,5.29,5.31,1881600.0
2018-01-09 11:02:53.563000,5.3,5.29,5.31,1881600.0
2018-01-09 11:02:58.306000,5.3,5.29,5.31,1881600.0
2018-01-09 11:03:02.335000,5.3,5.29,5.31,1881600.0
2018-01-09 11:03:06.425000,5.3,5.29,5.31,1881600.0
2018-01-09 11:03:10.994000,5.3,5.29,5.31,1881600.0
2018-01-09 11:03:14.115000,5.3,5.29,5.31,1881600.0
2018-01-09 11:03:18.067000,5.3,5.29,5.31,1881600.0
2018-01-09 11:03:21.649000,5.3,5.29,5.31,1881600.0
2018-01-09 11:03:25.158000,5.3,5.29,5.31,1881600.0
2018-01-09 11:03:28.486000,5.3,5.29,5.31,1881600.0
2018-01-09 11:03:32.298000,5.3,5.29,5.31,1881600.0
2018-01-09 11:03:36.063000,5.3,5.29,5.31,1881600.0
2018-01-09 11:03:40.114000,5.3,5.29,5.31,1881600.0
2018-01-09 11:03:44.353000,5.3,5.29,5.31,1881600.0
2018-01-09 11:03:47.682000,5.3,5.29,5.31,1881600.0
2018-01-09 11:03:51.778000,5.3,5.29,5.31,1881600.0
2018-01-09 11:03:55.866000,5.3,5.29,5.31,1881600.0
2018-01-09 11:03:59.400000,5.3,5.29,5.31,1881600.0
2018-01-09 11:04:03.152000,5.3,5.29,5.31,1881600.0
2018-01-09 11:04:12.933000,5.3,5.29,5.31,1881600.0
2018-01-09 11:04:16.870000,5.3,5.29,5.31,1881600.0
2018-01-09 11:04:20.954000,5.3,5.29,5.31,1881600.0
2018-01-09 11:04:24.481000,5.3,5.29,5.31,1881600.0
2018-01-09 11:04:28.111000,5.3,5.29,5.31,1881600.0
2018-01-09 11:04:31.766000,5.3,5.29,5.31,1881600.0
2018-01-09 11:04:35.794000,5.3,5.29,5.31,1881600.0
2018-01-09 11:04:40.453000,5.3,5.29,5.31,1881600.0
2018-01-09 11:04:44.463000,5.3,5.29,5.31,1881600.0
2018-01-09 11:04:48.053000,5.3,5.29,5.31,1881600.0
2018-01-09 11:04:52.147000,5.3,5.29,5.31,1881600.0
2018-01-09 11:04:56.257000,5.3,5.29,5.31,1881600.0
2018-01-09 11:04:59.778000,5.3,5.29,5.31,1881600.0
2018-01-09 11:05:03.710000,5.3,5.29,5.31,1881600.0
2018-01-09 11:05:07.738000,5.3,5.29,5.31,1881600.0
2018-01-09 11:05:11.206000,5.3,5.29,5.31,1881600.0
2018-01-09 11:05:14.596000,5.3,5.29,5.31,1881600.0
2018-01-09 11:05:17.970000,5.3,5.29,5.31,1881600.0
2018-01-09 11:05:23.981000,5.3,5.29,5.31,1881600.0
2018-01-09 11:05:28.657000,5.3,5.29,5.31,1881600.0
2018-01-09 11:05:32.205000,5.3,5.29,5.31,1881600.0
2018-01-09 11:05:35.528000,5.3,5.29,5.31,1881600.0
2018-01-09 11:05:39.047000,5.3,5.29,5.31,1881600.0
2018-01-09 11:05:43.156000,5.3,5.29,5.31,1881600.0
2018-01-09 11:05:46.828000,5.3,5.29,5.31,1881600.0
2018-01-09 11:05:50.279000,5.3,5.29,5.31,1881600.0
2018-01-09 11:05:53.634000,5.3,5.29,5.31,1881600.0
2018-01-09 11:05:57.637000,5.3,5.29,5.31,1881600.0
2018-01-09 11:06:01.068000,5.3,5.29,5.31,1881600.0
2018-01-09 11:06:04.775000,5.3,5.29,5.31,1881600.0
2018-01-09 11:06:10.445000,5.3,5.29,5.31,1881600.0
2018-01-09 11:06:13.641000,5.3,5.29,5.31,1881600.0
2018-01-09 11:06:17.151000,5.3,5.29,5.31,1881600.0
2018-01-09 11:06:21.276000,5.3,5.29,5.31,1881600.0
2018-01-09 11:06:25.193000,5.3,5.29,5.31,1881600.0
2018-01-09 11:06:28.195000,5.3,5.29,5.31,1881600.0
2018-01-09 11:06:31.867000,5.3,5.29,5.31,1881600.0
2018-01-09 11:06:35.713000,5.3,5.29,5.31,1881600.0
2018-01-09 11:06:39.432000,5.3,5.3,5.31,1881600.0
2018-01-09 11:06:43.287000,5.3,5.3,5.31,1881600.0
2018-01-09 11:06:47.323000,5.3,5.3,5.31,1881600.0
2018-01-09 11:06:51.046000,5.3,5.3,5.31,1881600.0
2018-01-09 11:06:54.804000,5.3,5.3,5.31,1881600.0
2018-01-09 11:06:58.399000,5.3,5.3,5.31,1881600.0
2018-01-09 11:07:02.117000,5.3,5.3,5.31,1881600.0
2018-01-09 11:07:06.061000,5.3,5.3,5.31,1881600.0
2018-01-09 11:07:09.871000,5.3,5.3,5.31,1881600.0
2018-01-09 11:07:14.536000,5.3,5.3,5.31,1881600.0
2018-01-09 11:07:18.543000,5.3,5.29,5.31,1891600.0
2018-01-09 11:07:22.237000,5.3,5.29,5.31,1891600.0
2018-01-09 11:07:25.870000,5.3,5.29,5.31,1891600.0
2018-01-09 11:07:29.924000,5.3,5.29,5.31,1891600.0
2018-01-09 11:07:33.715000,5.3,5.29,5.31,1891600.0
2018-01-09 11:07:37.116000,5.3,5.29,5.31,1891600.0
2018-01-09 11:07:40.551000,5.3,5.29,5.31,1891600.0
2018-01-09 11:07:44.376000,5.3,5.29,5.31,1891600.0
2018-01-09 11:07:48.218000,5.3,5.29,5.31,1891600.0
2018-01-09 11:07:51.911000,5.3,5.29,5.31,1891600.0
2018-01-09 11:07:55.540000,5.3,5.29,5.31,1891600.0
2018-01-09 11:07:59.620000,5.3,5.29,5.31,1891600.0
2018-01-09 11:08:03.043000,5.3,5.29,5.31,1891600.0
2018-01-09 11:08:11.420000,5.3,5.29,5.31,1891600.0
2018-01-09 11:08:15.233000,5.3,5.29,5.31,1891600.0
2018-01-09 11:08:19.630000,5.3,5.29,5.31,1891600.0
2018-01-09 11:08:23.466000,5.3,5.29,5.31,1891600.0
2018-01-09 11:08:27.003000,5.3,5.29,5.31,1891600.0
2018-01-09 11:08:30.511000,5.3,5.29,5.31,1891600.0
2018-01-09 11:08:34.671000,5.3,5.29,5.31,1891600.0
2018-01-09 11:08:38.576000,5.3,5.29,5.31,1891600.0
2018-01-09 11:08:42.416000,5.3,5.29,5.31,1891600.0
2018-01-09 11:08:46.499000,5.3,5.29,5.31,1891600.0
2018-01-09 11:08:50.260000,5.3,5.29,5.31,1891600.0
2018-01-09 11:08:54.259000,5.3,5.29,5.31,1891600.0
2018-01-09 11:08:58.297000,5.3,5.29,5.31,1891600.0
2018-01-09 11:09:02.216000,5.3,5.29,5.31,1891600.0
2018-01-09 11:09:05.802000,5.3,5.29,5.31,1891600.0
2018-01-09 11:09:09.373000,5.3,5.29,5.31,1891600.0
2018-01-09 11:09:13.443000,5.3,5.29,5.31,1891600.0
2018-01-09 11:09:17.126000,5.3,5.29,5.31,1891600.0
2018-01-09 11:09:20.862000,5.3,5.29,5.31,1891600.0
2018-01-09 11:09:24.454000,5.3,5.29,5.31,1891600.0
2018-01-09 11:09:27.466000,5.3,5.29,5.31,1891600.0
2018-01-09 11:09:30.904000,5.3,5.29,5.31,1891600.0
2018-01-09 11:09:34.180000,5.3,5.29,5.31,1891600.0
2018-01-09 11:09:38.101000,5.3,5.29,5.31,1891600.0
2018-01-09 11:09:42.129000,5.3,5.29,5.31,1891600.0
2018-01-09 11:09:46.059000,5.3,5.29,5.31,1891600.0
2018-01-09 11:09:49.314000,5.3,5.29,5.31,1891600.0
2018-01-09 11:09:53.344000,5.3,5.29,5.31,1891600.0
2018-01-09 11:09:56.579000,5.3,5.29,5.31,1891600.0
2018-01-09 11:10:00.446000,5.3,5.29,5.31,1891600.0
2018-01-09 11:10:05.111000,5.3,5.29,5.31,1891600.0
2018-01-09 11:10:09.545000,5.3,5.3,5.31,1911600.0
2018-01-09 11:10:13.627000,5.3,5.3,5.31,1911600.0
2018-01-09 11:10:19.426000,5.3,5.3,5.31,1911600.0
2018-01-09 11:10:23.250000,5.3,5.3,5.31,1911600.0
2018-01-09 11:10:26.377000,5.3,5.3,5.31,1911600.0
2018-01-09 11:10:30.483000,5.3,5.3,5.31,1911600.0
2018-01-09 11:10:34.409000,5.3,5.3,5.31,1911600.0
2018-01-09 11:10:38.044000,5.3,5.3,5.31,1911600.0
2018-01-09 11:10:41.771000,5.3,5.3,5.31,1911600.0
2018-01-09 11:10:45.877000,5.3,5.3,5.31,1911600.0
2018-01-09 11:10:49.290000,5.3,5.3,5.31,1911600.0
2018-01-09 11:10:52.655000,5.3,5.3,5.31,1911600.0
2018-01-09 11:10:56.678000,5.3,5.29,5.3,1941600.0
2018-01-09 11:11:00.084000,5.3,5.29,5.3,1941600.0
2018-01-09 11:11:03.627000,5.3,5.29,5.3,1941600.0
2018-01-09 11:11:08.067000,5.3,5.29,5.3,1941600.0
2018-01-09 11:11:11.426000,5.3,5.29,5.3,1941600.0
2018-01-09 11:11:15.326000,5.3,5.29,5.3,1941600.0
2018-01-09 11:11:18.923000,5.3,5.29,5.3,1941600.0
2018-01-09 11:11:23.101000,5.3,5.29,5.3,1941600.0
2018-01-09 11:11:26.801000,5.3,5.29,5.3,1941600.0
2018-01-09 11:11:29.758000,5.3,5.29,5.3,1941600.0
2018-01-09 11:11:33.637000,5.3,5.29,5.3,1941600.0
2018-01-09 11:11:37.413000,5.3,5.29,5.3,1941600.0
2018-01-09 11:11:40.751000,5.3,5.29,5.3,1941600.0
2018-01-09 11:11:44.488000,5.3,5.29,5.3,1941600.0
2018-01-09 11:11:47.977000,5.3,5.29,5.3,1941600.0
2018-01-09 11:11:51.215000,5.3,5.29,5.3,1941600.0
2018-01-09 11:11:54.438000,5.3,5.29,5.31,1951600.0
2018-01-09 11:11:58.262000,5.3,5.29,5.31,1951600.0
2018-01-09 11:12:02.045000,5.3,5.29,5.31,1951600.0
2018-01-09 11:12:06.578000,5.3,5.29,5.31,1951600.0
2018-01-09 11:12:13.675000,5.3,5.29,5.31,1951600.0
2018-01-09 11:12:17.503000,5.3,5.29,5.31,1951600.0
2018-01-09 11:12:20.745000,5.3,5.29,5.31,1951600.0
2018-01-09 11:12:24.409000,5.3,5.29,5.31,1951600.0
2018-01-09 11:12:28.257000,5.3,5.29,5.31,1951600.0
2018-01-09 11:12:32.104000,5.3,5.29,5.31,1951600.0
2018-01-09 11:12:35.421000,5.3,5.29,5.31,1951600.0
2018-01-09 11:12:39.200000,5.3,5.29,5.31,1951600.0
2018-01-09 11:12:42.870000,5.3,5.29,5.31,1951600.0
2018-01-09 11:12:46.834000,5.3,5.29,5.31,1951600.0
2018-01-09 11:12:50.565000,5.3,5.29,5.31,1951600.0
2018-01-09 11:12:53.890000,5.3,5.29,5.31,1951600.0
2018-01-09 11:12:57.789000,5.3,5.29,5.31,1951600.0
2018-01-09 11:13:01.322000,5.3,5.29,5.31,1951600.0
2018-01-09 11:13:05.518000,5.3,5.29,5.31,1951600.0
2018-01-09 11:13:10.361000,5.3,5.29,5.31,1951600.0
2018-01-09 11:13:16.717000,5.3,5.29,5.31,1951600.0
2018-01-09 11:13:20.401000,5.3,5.29,5.31,1951600.0
2018-01-09 11:13:24.482000,5.3,5.29,5.31,1951600.0
2018-01-09 11:13:28.457000,5.3,5.29,5.31,1951600.0
2018-01-09 11:13:32.645000,5.3,5.29,5.31,1951600.0
2018-01-09 11:13:36.161000,5.3,5.29,5.31,1951600.0
2018-01-09 11:13:40.147000,5.3,5.29,5.31,1951600.0
2018-01-09 11:13:44.256000,5.3,5.29,5.31,1951600.0
2018-01-09 11:13:47.496000,5.3,5.29,5.31,1951600.0
2018-01-09 11:13:51.128000,5.3,5.29,5.31,1951600.0
2018-01-09 11:13:55.571000,5.3,5.29,5.31,1951600.0
2018-01-09 11:13:59.362000,5.3,5.29,5.31,1951600.0
2018-01-09 11:14:02.947000,5.3,5.29,5.31,1951600.0
2018-01-09 11:14:12.461000,5.3,5.29,5.31,1951600.0
2018-01-09 11:14:18.696000,5.3,5.29,5.31,1951600.0
2018-01-09 11:14:22.029000,5.3,5.29,5.31,1951600.0
2018-01-09 11:14:25.434000,5.3,5.29,5.31,1951600.0
2018-01-09 11:14:28.815000,5.3,5.29,5.31,1951600.0
2018-01-09 11:14:32.501000,5.3,5.29,5.31,1951600.0
2018-01-09 11:14:36.725000,5.3,5.29,5.31,1951600.0
2018-01-09 11:14:40.332000,5.3,5.29,5.31,1951600.0
2018-01-09 11:14:44.349000,5.3,5.29,5.31,1951600.0
2018-01-09 11:14:48.061000,5.3,5.29,5.31,1951600.0
2018-01-09 11:14:52.024000,5.3,5.29,5.31,1951600.0
2018-01-09 11:14:56.274000,5.3,5.29,5.31,1951600.0
2018-01-09 11:15:00.115000,5.3,5.29,5.31,1951600.0
2018-01-09 11:15:03.560000,5.3,5.29,5.31,1951600.0
2018-01-09 11:15:09.259000,5.3,5.29,5.31,1961600.0
2018-01-09 11:15:12.880000,5.3,5.29,5.31,1961600.0
2018-01-09 11:15:16.055000,5.3,5.29,5.31,1961600.0
2018-01-09 11:15:19.554000,5.3,5.29,5.31,1961600.0
2018-01-09 11:15:22.838000,5.3,5.29,5.31,1961600.0
2018-01-09 11:15:26.460000,5.3,5.29,5.31,1961600.0
2018-01-09 11:15:29.827000,5.3,5.29,5.31,1961600.0
2018-01-09 11:15:33.890000,5.3,5.29,5.31,1961600.0
2018-01-09 11:15:37.715000,5.3,5.29,5.31,1961600.0
2018-01-09 11:15:41.102000,5.3,5.29,5.31,1961600.0
2018-01-09 11:15:44.570000,5.3,5.29,5.31,1961600.0
2018-01-09 11:15:48.506000,5.3,5.29,5.31,1961600.0
2018-01-09 11:15:52.585000,5.3,5.29,5.31,1961600.0
2018-01-09 11:15:56.176000,5.3,5.29,5.31,1961600.0
2018-01-09 11:16:00.113000,5.3,5.29,5.31,1961600.0
2018-01-09 11:16:04.285000,5.3,5.29,5.31,1961600.0
2018-01-09 11:16:08.178000,5.3,5.29,5.31,1961600.0
2018-01-09 11:16:12.183000,5.3,5.29,5.31,1961600.0
2018-01-09 11:16:16.253000,5.3,5.29,5.31,1961600.0
2018-01-09 11:16:20.027000,5.3,5.29,5.31,1961600.0
2018-01-09 11:16:23.706000,5.3,5.29,5.31,1961600.0
2018-01-09 11:16:27.738000,5.3,5.29,5.31,1961600.0
2018-01-09 11:16:30.800000,5.3,5.29,5.31,1961600.0
2018-01-09 11:16:34.871000,5.3,5.29,5.31,1961600.0
2018-01-09 11:16:38.602000,5.3,5.29,5.31,1961600.0
2018-01-09 11:16:42.126000,5.3,5.29,5.31,1961600.0
2018-01-09 11:16:45.818000,5.3,5.29,5.31,1961600.0
2018-01-09 11:16:48.850000,5.3,5.29,5.31,1961600.0
2018-01-09 11:16:52.388000,5.3,5.29,5.31,1961600.0
2018-01-09 11:16:56.153000,5.3,5.29,5.31,1961600.0
2018-01-09 11:17:00.008000,5.3,5.29,5.31,1961600.0
2018-01-09 11:17:03.652000,5.3,5.29,5.31,1961600.0
2018-01-09 11:17:07.304000,5.3,5.29,5.31,1961600.0
2018-01-09 11:17:11.317000,5.3,5.29,5.31,1961600.0
2018-01-09 11:17:15.053000,5.3,5.29,5.31,1961600.0
2018-01-09 11:17:18.340000,5.3,5.3,5.31,1971600.0
2018-01-09 11:17:22.087000,5.3,5.3,5.31,1971600.0
2018-01-09 11:17:25.505000,5.3,5.3,5.31,1971600.0
2018-01-09 11:17:28.910000,5.3,5.3,5.31,1971600.0
2018-01-09 11:17:32.578000,5.3,5.3,5.31,1971600.0
2018-01-09 11:17:36.526000,5.3,5.3,5.31,1971600.0
2018-01-09 11:17:40.402000,5.3,5.3,5.31,1971600.0
2018-01-09 11:17:44.359000,5.3,5.3,5.31,1971600.0
2018-01-09 11:17:48.158000,5.3,5.3,5.31,1971600.0
2018-01-09 11:17:52.268000,5.3,5.3,5.31,1971600.0
2018-01-09 11:17:56.301000,5.3,5.3,5.31,1971600.0
2018-01-09 11:17:59.811000,5.3,5.3,5.31,1971600.0
2018-01-09 11:18:03.190000,5.3,5.3,5.31,1971600.0
2018-01-09 11:18:06.129000,5.3,5.3,5.31,1971600.0
2018-01-09 11:18:12.591000,5.3,5.3,5.31,1971600.0
2018-01-09 11:18:16.674000,5.3,5.3,5.31,1971600.0
2018-01-09 11:18:20.098000,5.3,5.3,5.31,1971600.0
2018-01-09 11:18:23.517000,5.3,5.3,5.31,1971600.0
2018-01-09 11:18:27.504000,5.3,5.3,5.31,1971600.0
2018-01-09 11:18:31.108000,5.3,5.3,5.31,1971600.0
2018-01-09 11:18:34.947000,5.3,5.3,5.31,1971600.0
2018-01-09 11:18:38.607000,5.3,5.3,5.31,1971600.0
2018-01-09 11:18:42.568000,5.3,5.3,5.31,1971600.0
2018-01-09 11:18:45.959000,5.3,5.3,5.31,1971600.0
2018-01-09 11:18:49.513000,5.3,5.3,5.31,1971600.0
2018-01-09 11:18:53.717000,5.3,5.3,5.31,1971600.0
2018-01-09 11:18:57.509000,5.3,5.3,5.31,1971600.0
2018-01-09 11:19:01.378000,5.3,5.3,5.31,1971600.0
2018-01-09 11:19:04.378000,5.3,5.3,5.31,1971600.0
2018-01-09 11:19:08.877000,5.3,5.3,5.31,1971600.0
2018-01-09 11:19:12.749000,5.3,5.3,5.31,1971600.0
2018-01-09 11:19:18.196000,5.3,5.3,5.31,2011600.0
2018-01-09 11:19:22.075000,5.3,5.3,5.31,2011600.0
2018-01-09 11:19:25.451000,5.3,5.3,5.31,2011600.0
2018-01-09 11:19:28.741000,5.3,5.3,5.31,2011600.0
2018-01-09 11:19:32.550000,5.3,5.3,5.31,2011600.0
2018-01-09 11:19:36.138000,5.3,5.3,5.31,2011600.0
2018-01-09 11:19:39.888000,5.3,5.3,5.31,2011600.0
2018-01-09 11:19:43.232000,5.3,5.3,5.31,2011600.0
2018-01-09 11:19:46.033000,5.3,5.3,5.31,2011600.0
2018-01-09 11:19:49.905000,5.3,5.3,5.31,2011600.0
2018-01-09 11:19:53.909000,5.3,5.3,5.31,2011600.0
2018-01-09 11:19:57.417000,5.3,5.3,5.31,2011600.0
2018-01-09 11:20:02.054000,5.3,5.3,5.31,2011600.0
2018-01-09 11:20:05.500000,5.3,5.3,5.31,2011600.0
2018-01-09 11:20:08.937000,5.3,5.3,5.31,2011600.0
2018-01-09 11:20:14.254000,5.3,5.3,5.31,2011600.0
2018-01-09 11:20:17.982000,5.3,5.3,5.31,2011600.0
2018-01-09 11:20:21.634000,5.3,5.3,5.31,2011600.0
2018-01-09 11:20:25.382000,5.3,5.3,5.31,2011600.0
2018-01-09 11:20:29.267000,5.3,5.3,5.31,2011600.0
2018-01-09 11:20:33.358000,5.3,5.3,5.31,2011600.0
2018-01-09 11:20:36.964000,5.3,5.29,5.3,2031600.0
2018-01-09 11:20:40.444000,5.3,5.29,5.3,2031600.0
2018-01-09 11:20:44.400000,5.3,5.29,5.3,2031600.0
2018-01-09 11:20:47.711000,5.3,5.29,5.3,2031600.0
2018-01-09 11:20:51.210000,5.3,5.29,5.3,2031600.0
2018-01-09 11:20:54.818000,5.3,5.29,5.3,2031600.0
2018-01-09 11:20:58.695000,5.3,5.29,5.3,2031600.0
2018-01-09 11:21:01.546000,5.3,5.29,5.3,2031600.0
2018-01-09 11:21:05.818000,5.3,5.29,5.3,2031600.0
2018-01-09 11:21:09.349000,5.3,5.29,5.3,2031600.0
2018-01-09 11:21:12.971000,5.3,5.29,5.3,2031600.0
2018-01-09 11:21:16.918000,5.3,5.29,5.3,2031600.0
2018-01-09 11:21:21.469000,5.3,5.29,5.3,2031600.0
2018-01-09 11:21:25.491000,5.3,5.29,5.3,2031600.0
2018-01-09 11:21:29.530000,5.3,5.29,5.3,2031600.0
2018-01-09 11:21:33.466000,5.3,5.29,5.3,2031600.0
2018-01-09 11:21:37.555000,5.3,5.29,5.3,2031600.0
2018-01-09 11:21:40.684000,5.3,5.29,5.3,2031600.0
2018-01-09 11:21:44.014000,5.3,5.29,5.3,2031600.0
2018-01-09 11:21:47.923000,5.3,5.29,5.3,2031600.0
2018-01-09 11:21:51.456000,5.3,5.29,5.3,2031600.0
2018-01-09 11:21:55.175000,5.3,5.29,5.3,2031600.0
2018-01-09 11:21:58.806000,5.3,5.29,5.3,2031600.0
2018-01-09 11:22:03.820000,5.3,5.29,5.3,2031600.0
2018-01-09 11:22:08.389000,5.3,5.29,5.3,2031600.0
2018-01-09 11:22:14.606000,5.3,5.29,5.3,2031600.0
2018-01-09 11:22:18.543000,5.3,5.29,5.3,2031600.0
2018-01-09 11:22:22.589000,5.3,5.29,5.3,2031600.0
2018-01-09 11:22:26.496000,5.3,5.29,5.3,2031600.0
2018-01-09 11:22:30.511000,5.3,5.29,5.3,2031600.0
2018-01-09 11:22:33.701000,5.3,5.29,5.3,2031600.0
2018-01-09 11:22:37.852000,5.3,5.29,5.3,2031600.0
2018-01-09 11:22:41.418000,5.3,5.29,5.3,2031600.0
2018-01-09 11:22:45.039000,5.3,5.29,5.3,2031600.0
2018-01-09 11:22:48.461000,5.3,5.29,5.3,2031600.0
2018-01-09 11:22:52.335000,5.3,5.29,5.3,2031600.0
2018-01-09 11:22:56.222000,5.3,5.29,5.3,2031600.0
2018-01-09 11:22:59.733000,5.3,5.29,5.3,2031600.0
2018-01-09 11:23:03.119000,5.3,5.29,5.3,2079400.0
2018-01-09 11:23:07.019000,5.3,5.29,5.3,2079400.0
2018-01-09 11:23:11.077000,5.3,5.29,5.3,2079400.0
2018-01-09 11:23:14.945000,5.3,5.29,5.3,2079400.0
2018-01-09 11:23:18.463000,5.3,5.29,5.3,2079400.0
2018-01-09 11:23:22.432000,5.3,5.29,5.3,2079400.0
2018-01-09 11:23:26.644000,5.3,5.29,5.3,2079400.0
2018-01-09 11:23:30.635000,5.3,5.29,5.3,2079400.0
2018-01-09 11:23:34.355000,5.3,5.29,5.3,2079400.0
2018-01-09 11:23:37.641000,5.3,5.29,5.3,2079400.0
2018-01-09 11:23:41.028000,5.3,5.29,5.3,2079400.0
2018-01-09 11:23:44.391000,5.3,5.29,5.3,2079400.0
2018-01-09 11:23:48.168000,5.3,5.29,5.3,2079400.0
2018-01-09 11:23:51.539000,5.3,5.29,5.3,2079400.0
2018-01-09 11:23:55.353000,5.3,5.29,5.3,2079400.0
2018-01-09 11:23:59.482000,5.3,5.29,5.3,2079400.0
2018-01-09 11:24:03.218000,5.3,5.29,5.3,2079400.0
2018-01-09 11:24:07.065000,5.3,5.29,5.3,2079400.0
2018-01-09 11:24:11.803000,5.3,5.29,5.3,2079400.0
2018-01-09 11:24:16.153000,5.3,5.29,5.3,2079400.0
2018-01-09 11:24:20.022000,5.3,5.29,5.3,2079400.0
2018-01-09 11:24:23.082000,5.3,5.29,5.3,2079400.0
2018-01-09 11:24:27.283000,5.3,5.29,5.3,2079400.0
2018-01-09 11:24:31.385000,5.3,5.29,5.3,2079400.0
2018-01-09 11:24:35.858000,5.3,5.29,5.3,2079400.0
2018-01-09 11:24:39.970000,5.3,5.29,5.3,2079400.0
2018-01-09 11:24:43.650000,5.3,5.29,5.3,2079400.0
2018-01-09 11:24:47.330000,5.3,5.29,5.3,2079400.0
2018-01-09 11:24:50.666000,5.3,5.29,5.3,2079400.0
2018-01-09 11:24:54.606000,5.3,5.29,5.3,2079400.0
2018-01-09 11:24:58.574000,5.3,5.29,5.3,2079400.0
2018-01-09 11:25:02.560000,5.3,5.29,5.3,2079400.0
2018-01-09 11:25:06.410000,5.3,5.29,5.3,2079400.0
2018-01-09 11:25:09.820000,5.3,5.29,5.3,2079400.0
2018-01-09 11:25:13.358000,5.3,5.29,5.3,2079400.0
2018-01-09 11:25:17.600000,5.3,5.29,5.3,2079400.0
2018-01-09 11:25:21.835000,5.3,5.29,5.3,2079400.0
2018-01-09 11:25:25.323000,5.3,5.29,5.3,2079400.0
2018-01-09 11:25:28.960000,5.3,5.29,5.3,2079400.0
2018-01-09 11:25:32.632000,5.3,5.29,5.3,2079400.0
2018-01-09 11:25:36.800000,5.3,5.29,5.3,2079400.0
2018-01-09 11:25:40.723000,5.3,5.29,5.3,2079400.0
2018-01-09 11:25:44.452000,5.3,5.29,5.3,2079400.0
2018-01-09 11:25:48.297000,5.3,5.29,5.3,2079400.0
2018-01-09 11:25:51.669000,5.3,5.29,5.3,2079400.0
2018-01-09 11:25:55.701000,5.3,5.29,5.3,2079400.0
2018-01-09 11:25:59.335000,5.3,5.29,5.3,2079400.0
2018-01-09 11:26:03.169000,5.3,5.29,5.3,2079400.0
2018-01-09 11:26:06.645000,5.3,5.29,5.3,2079400.0
2018-01-09 11:26:16.690000,5.3,5.29,5.3,2079400.0
2018-01-09 11:26:20.546000,5.3,5.29,5.3,2079400.0
2018-01-09 11:26:23.957000,5.3,5.29,5.3,2079400.0
2018-01-09 11:26:27.262000,5.3,5.29,5.3,2079400.0
2018-01-09 11:26:31.309000,5.3,5.29,5.3,2079400.0
2018-01-09 11:26:34.819000,5.3,5.29,5.3,2079400.0
2018-01-09 11:26:38.661000,5.3,5.29,5.3,2079400.0
2018-01-09 11:26:42.362000,5.3,5.29,5.3,2079400.0
2018-01-09 11:26:45.589000,5.3,5.29,5.3,2079400.0
2018-01-09 11:26:48.988000,5.3,5.29,5.3,2079400.0
2018-01-09 11:26:52.763000,5.3,5.29,5.3,2079400.0
2018-01-09 11:26:56.360000,5.3,5.29,5.3,2079400.0
2018-01-09 11:26:59.747000,5.3,5.29,5.3,2079400.0
2018-01-09 11:27:03.710000,5.3,5.29,5.3,2079400.0
2018-01-09 11:27:07.530000,5.3,5.29,5.3,2079400.0
2018-01-09 11:27:11.053000,5.3,5.29,5.3,2079400.0
2018-01-09 11:27:18.399000,5.3,5.29,5.3,2079400.0
2018-01-09 11:27:22.298000,5.3,5.29,5.3,2079400.0
2018-01-09 11:27:25.606000,5.3,5.29,5.3,2079400.0
2018-01-09 11:27:29.326000,5.3,5.29,5.3,2079400.0
2018-01-09 11:27:33.287000,5.3,5.29,5.3,2079400.0
2018-01-09 11:27:36.748000,5.3,5.29,5.3,2079400.0
2018-01-09 11:27:40.690000,5.3,5.29,5.3,2079400.0
2018-01-09 11:27:44.589000,5.3,5.29,5.3,2079400.0
2018-01-09 11:27:48.696000,5.3,5.29,5.3,2079400.0
2018-01-09 11:27:52.287000,5.3,5.29,5.3,2079400.0
2018-01-09 11:27:56.395000,5.3,5.29,5.3,2079400.0
2018-01-09 11:28:00.514000,5.3,5.29,5.3,2079400.0
2018-01-09 11:28:03.773000,5.3,5.29,5.3,2079400.0
2018-01-09 11:28:07.485000,5.3,5.29,5.3,2079400.0
2018-01-09 11:28:12.659000,5.3,5.29,5.3,2079400.0
2018-01-09 11:28:16.576000,5.3,5.29,5.3,2079400.0
2018-01-09 11:28:20.160000,5.3,5.29,5.3,2079400.0
2018-01-09 11:28:23.930000,5.3,5.29,5.3,2079400.0
2018-01-09 11:28:27.488000,5.3,5.29,5.3,2079400.0
2018-01-09 11:28:31.241000,5.3,5.29,5.3,2079400.0
2018-01-09 11:28:35.273000,5.3,5.29,5.3,2079400.0
2018-01-09 11:28:38.800000,5.3,5.29,5.3,2079400.0
2018-01-09 11:28:42.771000,5.3,5.29,5.3,2079400.0
2018-01-09 11:28:46.422000,5.3,5.29,5.3,2079400.0
2018-01-09 11:28:50.515000,5.3,5.29,5.3,2079400.0
2018-01-09 11:28:54.407000,5.3,5.29,5.3,2079400.0
2018-01-09 11:28:58.681000,5.3,5.29,5.3,2079400.0
2018-01-09 11:29:03.646000,5.3,5.29,5.3,2079400.0
2018-01-09 11:29:07.517000,5.3,5.29,5.3,2079400.0
2018-01-09 11:29:11.114000,5.3,5.29,5.3,2079400.0
2018-01-09 11:29:17.293000,5.3,5.29,5.3,2079400.0
2018-01-09 11:29:21.246000,5.3,5.29,5.3,2079400.0
2018-01-09 11:29:24.209000,5.3,5.29,5.3,2079400.0
2018-01-09 11:29:27.709000,5.3,5.29,5.3,2079400.0
2018-01-09 11:29:31.307000,5.3,5.29,5.3,2079400.0
2018-01-09 11:29:35.345000,5.3,5.29,5.3,2079400.0
2018-01-09 11:29:38.916000,5.3,5.29,5.3,2079400.0
2018-01-09 11:29:43.114000,5.3,5.29,5.3,2079400.0
2018-01-09 11:29:46.695000,5.3,5.29,5.3,2079400.0
2018-01-09 11:29:50.417000,5.3,5.29,5.3,2079400.0
2018-01-09 11:29:54.028000,5.3,5.29,5.3,2079400.0
2018-01-09 11:29:57.199000,5.3,5.29,5.3,2079400.0
2018-01-09 11:30:00.925000,5.3,5.29,5.3,2079400.0
2018-01-09 11:30:05.921000,5.3,5.29,5.3,2079400.0
2018-01-09 11:30:12.534000,5.3,5.29,5.3,2079400.0
2018-01-09 11:30:16.448000,5.3,5.29,5.3,2079400.0
2018-01-09 11:30:21.698000,5.3,5.29,5.3,2079400.0
2018-01-09 11:30:24.953000,5.3,5.29,5.3,2079400.0
2018-01-09 11:30:28.440000,5.3,5.29,5.3,2079400.0
2018-01-09 11:30:32.003000,5.3,5.29,5.3,2079400.0
2018-01-09 11:30:35.591000,5.3,5.29,5.3,2079400.0
2018-01-09 11:30:38.861000,5.3,5.29,5.3,2079400.0
2018-01-09 11:30:42.990000,5.3,5.29,5.3,2079400.0
2018-01-09 11:30:47.242000,5.3,5.29,5.3,2079400.0
2018-01-09 11:30:50.669000,5.3,5.29,5.3,2079400.0
2018-01-09 11:30:54.986000,5.3,5.29,5.3,2079400.0
2018-01-09 11:30:58.506000,5.3,5.29,5.3,2079400.0
2018-01-09 11:31:02.610000,5.3,5.29,5.3,2079400.0
2018-01-09 11:31:09.162000,5.3,5.29,5.3,2079400.0
2018-01-09 11:31:13.391000,5.3,5.29,5.3,2079400.0
2018-01-09 11:31:17.564000,5.3,5.29,5.3,2079400.0
2018-01-09 11:31:21.438000,5.3,5.29,5.3,2079400.0
2018-01-09 11:31:25.473000,5.3,5.29,5.3,2079400.0
2018-01-09 11:31:29.610000,5.3,5.29,5.3,2079400.0
2018-01-09 11:31:33.345000,5.3,5.29,5.3,2079400.0
2018-01-09 11:31:36.927000,5.3,5.29,5.3,2079400.0
2018-01-09 11:31:40.897000,5.3,5.29,5.3,2079400.0
2018-01-09 11:31:44.333000,5.3,5.29,5.3,2079400.0
2018-01-09 11:31:48.455000,5.3,5.29,5.3,2079400.0
2018-01-09 11:31:51.910000,5.3,5.29,5.3,2079400.0
2018-01-09 11:31:55.915000,5.3,5.29,5.3,2079400.0
2018-01-09 11:31:59.737000,5.3,5.29,5.3,2079400.0
2018-01-09 11:32:03.557000,5.3,5.29,5.3,2079400.0
2018-01-09 11:32:07.312000,5.3,5.29,5.3,2079400.0
2018-01-09 11:32:11.218000,5.3,5.29,5.3,2079400.0
2018-01-09 11:32:16.289000,5.3,5.29,5.3,2079400.0
2018-01-09 11:32:19.978000,5.3,5.29,5.3,2079400.0
2018-01-09 11:32:24.211000,5.3,5.29,5.3,2079400.0
2018-01-09 11:32:27.974000,5.3,5.29,5.3,2079400.0
2018-01-09 11:32:32.039000,5.3,5.29,5.3,2079400.0
2018-01-09 11:32:35.883000,5.3,5.29,5.3,2079400.0
2018-01-09 11:32:39.621000,5.3,5.29,5.3,2079400.0
2018-01-09 11:32:43.694000,5.3,5.29,5.3,2079400.0
2018-01-09 11:32:47.379000,5.3,5.29,5.3,2079400.0
2018-01-09 11:32:51.367000,5.3,5.29,5.3,2079400.0
2018-01-09 11:32:55.599000,5.3,5.29,5.3,2079400.0
2018-01-09 11:32:59.165000,5.3,5.29,5.3,2079400.0
2018-01-09 11:33:03.244000,5.3,5.29,5.3,2079400.0
2018-01-09 11:33:07.473000,5.3,5.29,5.3,2079400.0
2018-01-09 11:33:11.037000,5.3,5.29,5.3,2079400.0
2018-01-09 11:33:14.854000,5.3,5.29,5.3,2079400.0
2018-01-09 11:33:18.084000,5.3,5.29,5.3,2079400.0
2018-01-09 11:33:21.725000,5.3,5.29,5.3,2079400.0
2018-01-09 11:33:25.742000,5.3,5.29,5.3,2079400.0
2018-01-09 11:33:29.513000,5.3,5.29,5.3,2079400.0
2018-01-09 11:33:32.782000,5.3,5.29,5.3,2079400.0
2018-01-09 11:33:37.057000,5.3,5.29,5.3,2079400.0
2018-01-09 11:33:40.662000,5.3,5.29,5.3,2079400.0
2018-01-09 11:33:44.499000,5.3,5.29,5.3,2079400.0
2018-01-09 11:33:47.817000,5.3,5.29,5.3,2079400.0
2018-01-09 11:33:51.601000,5.3,5.29,5.3,2079400.0
2018-01-09 11:33:55.678000,5.3,5.29,5.3,2079400.0
2018-01-09 11:33:59.074000,5.3,5.29,5.3,2079400.0
2018-01-09 11:34:03.273000,5.3,5.29,5.3,2079400.0
2018-01-09 11:34:07.026000,5.3,5.29,5.3,2079400.0
2018-01-09 11:34:10.594000,5.3,5.29,5.3,2079400.0
2018-01-09 11:34:18.804000,5.3,5.29,5.3,2079400.0
2018-01-09 11:34:22.799000,5.3,5.29,5.3,2079400.0
2018-01-09 11:34:26.866000,5.3,5.29,5.3,2079400.0
2018-01-09 11:34:30.505000,5.3,5.29,5.3,2079400.0
2018-01-09 11:34:34.089000,5.3,5.29,5.3,2079400.0
2018-01-09 11:34:37.796000,5.3,5.29,5.3,2079400.0
2018-01-09 11:34:42.327000,5.3,5.29,5.3,2079400.0
2018-01-09 11:34:46.257000,5.3,5.29,5.3,2079400.0
2018-01-09 11:34:49.933000,5.3,5.29,5.3,2079400.0
2018-01-09 11:34:53.811000,5.3,5.29,5.3,2079400.0
2018-01-09 11:34:57.817000,5.3,5.29,5.3,2079400.0
2018-01-09 11:35:01.558000,5.3,5.29,5.3,2079400.0
2018-01-09 11:35:06.664000,5.3,5.29,5.3,2079400.0
2018-01-09 11:35:10.414000,5.3,5.29,5.3,2079400.0
2018-01-09 11:35:13.517000,5.3,5.29,5.3,2079400.0
2018-01-09 11:35:23.107000,5.3,5.29,5.3,2081400.0
2018-01-09 11:35:26.225000,5.3,5.29,5.3,2081400.0
2018-01-09 11:35:30.177000,5.3,5.29,5.3,2081400.0
2018-01-09 11:35:33.806000,5.3,5.29,5.3,2081400.0
2018-01-09 11:35:37.788000,5.3,5.29,5.3,2081400.0
2018-01-09 11:35:41.589000,5.3,5.29,5.3,2081400.0
2018-01-09 11:35:45.370000,5.3,5.29,5.3,2081400.0
2018-01-09 11:35:49.313000,5.3,5.29,5.3,2081400.0
2018-01-09 11:35:53.015000,5.3,5.29,5.3,2081400.0
2018-01-09 11:35:56.997000,5.3,5.29,5.3,2081400.0
2018-01-09 11:36:00.814000,5.3,5.29,5.3,2081400.0
2018-01-09 11:36:04.474000,5.3,5.29,5.3,2081400.0
2018-01-09 11:36:08.048000,5.3,5.29,5.3,2081400.0
2018-01-09 11:36:12.216000,5.3,5.29,5.3,2081400.0
2018-01-09 11:36:18.191000,5.3,5.29,5.3,2081400.0
2018-01-09 11:36:21.696000,5.3,5.29,5.3,2081400.0
2018-01-09 11:36:25.273000,5.3,5.29,5.3,2081400.0
2018-01-09 11:36:29.073000,5.3,5.29,5.3,2081400.0
2018-01-09 11:36:32.726000,5.3,5.29,5.3,2081400.0
2018-01-09 11:36:36.477000,5.3,5.29,5.3,2081400.0
2018-01-09 11:36:40.351000,5.3,5.29,5.3,2081400.0
2018-01-09 11:36:44.555000,5.3,5.29,5.3,2081400.0
2018-01-09 11:36:48.896000,5.3,5.29,5.3,2081400.0
2018-01-09 11:36:52.771000,5.3,5.29,5.3,2081400.0
2018-01-09 11:36:56.663000,5.3,5.29,5.3,2081400.0
2018-01-09 11:37:00.182000,5.3,5.29,5.3,2081400.0
2018-01-09 11:37:03.617000,5.3,5.29,5.3,2081400.0
2018-01-09 11:37:09.363000,5.3,5.29,5.3,2081400.0
2018-01-09 11:37:13.552000,5.3,5.29,5.3,2081400.0
2018-01-09 11:37:17.437000,5.3,5.29,5.3,2081400.0
2018-01-09 11:37:21.418000,5.3,5.29,5.3,2081400.0
2018-01-09 11:37:25.233000,5.3,5.29,5.3,2081400.0
