time,price,bid,ask,volume
2018-01-15 09:36:42.953987,446.4,446.2,446.6,2570481.0
2018-01-15 09:36:44.189682,446.4,446.2,446.6,2570481.0
2018-01-15 09:36:45.399350,446.4,446.2,446.6,2576581.0
2018-01-15 09:36:46.363248,446.4,446.2,446.4,2576581.0
2018-01-15 09:36:47.567725,446.2,446.2,446.4,2573781.0
2018-01-15 09:36:49.402158,446.2,446.2,446.4,2590781.0
2018-01-15 09:36:50.791183,446.0,446.0,446.2,2607081.0
2018-01-15 09:36:52.034864,446.0,446.0,446.2,2605681.0
2018-01-15 09:36:53.355304,446.0,446.0,446.2,2607081.0
2018-01-15 09:36:54.402106,446.0,446.0,446.2,2607081.0
2018-01-15 09:36:55.622192,446.0,446.0,446.2,2607081.0
2018-01-15 09:36:56.847333,446.0,446.0,446.2,2607081.0
2018-01-15 09:36:57.884372,446.0,446.0,446.2,2607081.0
2018-01-15 09:36:59.210340,446.0,446.0,446.2,2608081.0
2018-01-15 09:37:00.275210,446.2,446.0,446.2,2609581.0
2018-01-15 09:37:01.796371,446.0,446.0,446.2,2610547.0
2018-01-15 09:37:03.022950,446.2,446.0,446.2,2610847.0
2018-01-15 09:37:04.223274,446.2,446.0,446.2,2610847.0
2018-01-15 09:37:05.477891,446.0,446.0,446.2,2614447.0
2018-01-15 09:37:06.689601,446.0,446.0,446.2,2614447.0
2018-01-15 09:37:11.408475,446.0,446.0,446.2,2624847.0
2018-01-15 09:37:12.517556,446.0,446.0,446.2,2624847.0
2018-01-15 09:37:13.767540,445.8,445.8,446.0,2630947.0
2018-01-15 09:37:15.100195,445.8,445.6,445.8,2639147.0
2018-01-15 09:37:16.382380,445.8,445.6,445.8,2639147.0
2018-01-15 09:37:17.430118,445.6,445.6,445.8,2641347.0
2018-01-15 09:37:18.457833,445.6,445.6,445.8,2641347.0
2018-01-15 09:37:19.705982,445.8,445.6,445.8,2660947.0
2018-01-15 09:37:21.003546,445.8,445.6,445.8,2662047.0
2018-01-15 09:37:22.474371,445.8,445.6,445.8,2662047.0
2018-01-15 09:37:23.940609,446.0,445.6,445.8,2664047.0
2018-01-15 09:37:25.269144,445.8,445.8,446.0,2662047.0
2018-01-15 09:37:26.693727,446.0,445.6,445.8,2665447.0
2018-01-15 09:37:28.042767,445.8,445.8,446.0,2665147.0
2018-01-15 09:37:30.474298,446.0,445.8,446.0,2665447.0
2018-01-15 09:37:32.002874,446.0,445.8,446.0,2669247.0
2018-01-15 09:37:33.692812,446.0,445.8,446.0,2669247.0
2018-01-15 09:37:35.009645,446.0,445.8,446.0,2669247.0
2018-01-15 09:37:36.233659,446.0,445.8,446.0,2669247.0
2018-01-15 09:37:38.413995,446.0,445.8,446.0,2669247.0
2018-01-15 09:37:39.693544,445.8,445.8,446.0,2670947.0
2018-01-15 09:37:41.122393,445.8,445.8,446.0,2670947.0
2018-01-15 09:37:43.960895,445.8,445.8,446.0,2670947.0
2018-01-15 09:37:45.127660,446.0,445.8,446.0,2672347.0
2018-01-15 09:37:46.483495,446.0,445.8,446.0,2672347.0
2018-01-15 09:37:47.938636,446.0,445.8,446.0,2672347.0
2018-01-15 09:37:50.149699,446.0,445.8,446.0,2672347.0
2018-01-15 09:37:51.771653,446.0,445.8,446.0,2672347.0
2018-01-15 09:37:53.106743,445.8,445.8,446.0,2675998.0
2018-01-15 09:37:54.375097,445.8,445.8,446.0,2675998.0
2018-01-15 09:37:55.878696,446.0,445.8,446.0,2675698.0
2018-01-15 09:37:57.241397,445.8,445.8,446.0,2683898.0
2018-01-15 09:37:58.373084,445.8,445.8,446.0,2675998.0
2018-01-15 09:37:59.564212,445.8,445.6,445.8,2691298.0
2018-01-15 09:38:00.985493,445.8,445.6,445.8,2698098.0
2018-01-15 09:38:03.106278,445.6,445.6,445.8,2695998.0
2018-01-15 09:38:04.790194,445.4,445.4,445.6,2699498.0
2018-01-15 09:38:06.426109,445.6,445.4,445.6,2702998.0
2018-01-15 09:38:08.196664,445.6,445.4,445.6,2706398.0
2018-01-15 09:38:09.767418,445.6,445.4,445.6,2702998.0
2018-01-15 09:38:11.238603,445.6,445.4,445.6,2706398.0
2018-01-15 09:38:12.608500,445.6,445.4,445.6,2706398.0
2018-01-15 09:38:14.778407,445.4,445.4,445.6,2708898.0
2018-01-15 09:38:16.751768,445.4,445.4,445.6,2707898.0
2018-01-15 09:38:18.035177,445.4,445.4,445.6,2709598.0
2018-01-15 09:38:19.612904,445.4,445.4,445.6,2708898.0
2018-01-15 09:38:21.655545,445.4,445.4,445.6,2711198.0
2018-01-15 09:38:23.046196,445.4,445.4,445.6,2710398.0
2018-01-15 09:38:25.401830,445.4,445.4,445.6,2710398.0
2018-01-15 09:38:26.907431,445.4,445.4,445.6,2710398.0
2018-01-15 09:38:28.446532,445.6,445.4,445.6,2715098.0
2018-01-15 09:38:29.747767,445.4,445.4,445.6,2720598.0
2018-01-15 09:38:31.228044,445.4,445.4,445.6,2720598.0
2018-01-15 09:38:32.700159,445.4,445.4,445.6,2734598.0
2018-01-15 09:38:34.114013,445.6,445.4,445.6,2733298.0
2018-01-15 09:38:35.261271,445.4,445.4,445.6,2734598.0
2018-01-15 09:38:36.641912,445.6,445.4,445.6,2733298.0
2018-01-15 09:38:37.979037,445.6,445.4,445.6,2733298.0
2018-01-15 09:38:39.840126,445.4,445.4,445.6,2734598.0
2018-01-15 09:38:41.096020,445.4,445.4,445.6,2734598.0
2018-01-15 09:38:42.416005,445.4,445.4,445.6,2735498.0
2018-01-15 09:38:43.871071,445.4,445.4,445.6,2736698.0
2018-01-15 09:38:45.373734,445.4,445.4,445.6,2735498.0
2018-01-15 09:38:46.556092,445.4,445.2,445.6,2760498.0
2018-01-15 09:38:47.801742,445.4,445.2,445.6,2760498.0
2018-01-15 09:38:49.376468,445.0,445.0,445.2,2777122.0
2018-01-15 09:38:50.699086,445.0,445.0,445.2,2776122.0
2018-01-15 09:38:52.055496,445.0,445.0,445.2,2776122.0
2018-01-15 09:38:53.290101,445.2,445.0,445.2,2782722.0
2018-01-15 09:38:54.512129,445.2,445.0,445.4,2782722.0
2018-01-15 09:38:55.505558,445.0,445.0,445.2,2792022.0
2018-01-15 09:38:56.665026,445.0,445.0,445.2,2819722.0
2018-01-15 09:38:57.961313,445.0,445.0,445.2,2823322.0
2018-01-15 09:38:59.418606,445.0,444.8,445.2,2858722.0
2018-01-15 09:39:01.747705,445.0,444.8,445.2,2858722.0
2018-01-15 09:39:03.294197,445.0,444.8,445.2,2862622.0
2018-01-15 09:39:04.682927,445.0,444.8,445.2,2862622.0
2018-01-15 09:39:06.196990,445.0,445.0,445.2,2871422.0
2018-01-15 09:39:07.367905,445.0,445.0,445.2,2871422.0
2018-01-15 09:39:10.374230,445.0,445.0,445.2,2874522.0
2018-01-15 09:39:11.713593,444.8,444.6,445.0,2873422.0
2018-01-15 09:39:12.942513,444.8,444.6,445.0,2873422.0
2018-01-15 09:39:14.156842,444.8,444.6,445.0,2873422.0
2018-01-15 09:39:15.526722,445.0,444.8,445.0,2874522.0
2018-01-15 09:39:16.728896,444.8,444.8,445.0,2875522.0
2018-01-15 09:39:17.860965,444.8,444.8,445.0,2875522.0
2018-01-15 09:39:19.182171,444.8,444.8,445.0,2875522.0
2018-01-15 09:39:20.403034,445.0,444.8,445.0,2884322.0
2018-01-15 09:39:21.620000,445.2,445.0,445.2,2888322.0
2018-01-15 09:39:22.746840,445.0,445.0,445.2,2884822.0
2018-01-15 09:39:23.814292,445.0,445.2,445.4,2884822.0
2018-01-15 09:39:24.996930,445.0,445.2,445.4,2884822.0
2018-01-15 09:39:26.143984,445.2,445.0,445.2,2888322.0
2018-01-15 09:39:27.376166,445.0,445.0,445.2,2884822.0
2018-01-15 09:39:28.600641,445.0,445.2,445.4,2884822.0
2018-01-15 09:39:29.820235,445.4,445.2,445.4,2896522.0
2018-01-15 09:39:30.978355,445.4,445.2,445.4,2896522.0
2018-01-15 09:39:32.312695,445.4,445.2,445.4,2896522.0
2018-01-15 09:39:33.562294,445.2,445.2,445.4,2898022.0
2018-01-15 09:39:34.634641,445.2,445.2,445.4,2898022.0
2018-01-15 09:39:35.653635,445.4,445.2,445.4,2898222.0
2018-01-15 09:39:36.856743,445.4,445.2,445.4,2898222.0
2018-01-15 09:39:37.962325,445.4,445.2,445.4,2898222.0
2018-01-15 09:39:39.035801,445.2,445.2,445.4,2898022.0
2018-01-15 09:39:40.051128,445.4,445.2,445.4,2898222.0
2018-01-15 09:39:41.099832,445.2,445.2,445.4,2910022.0
2018-01-15 09:39:42.097718,445.2,445.2,445.4,2910022.0
2018-01-15 09:39:43.320798,445.4,445.2,445.4,2913222.0
2018-01-15 09:39:44.475550,445.4,445.2,445.4,2913222.0
2018-01-15 09:39:45.606657,445.4,445.2,445.4,2913222.0
2018-01-15 09:39:46.816857,445.4,445.2,445.4,2913222.0
2018-01-15 09:39:48.053749,445.4,445.2,445.4,2913222.0
2018-01-15 09:39:49.190666,445.4,445.2,445.4,2913222.0
2018-01-15 09:39:50.224728,445.4,445.2,445.4,2913222.0
2018-01-15 09:39:51.214167,445.4,445.2,445.4,2913222.0
2018-01-15 09:39:52.247699,445.4,445.2,445.4,2913222.0
2018-01-15 09:39:53.447664,445.4,445.2,445.4,2913222.0
2018-01-15 09:39:54.518747,445.4,445.2,445.4,2913222.0
2018-01-15 09:39:55.684769,445.4,445.2,445.4,2913222.0
2018-01-15 09:39:56.885452,445.4,445.2,445.4,2913222.0
2018-01-15 09:39:58.128021,445.4,445.2,445.4,2913222.0
2018-01-15 09:39:59.329115,445.4,445.2,445.4,2916022.0
2018-01-15 09:40:00.598692,445.4,445.2,445.4,2916022.0
2018-01-15 09:40:02.412905,445.4,445.2,445.4,2919422.0
2018-01-15 09:40:03.654592,445.4,445.2,445.4,2919422.0
2018-01-15 09:40:04.801327,445.4,445.2,445.4,2919422.0
2018-01-15 09:40:06.132573,445.2,445.2,445.4,2919522.0
2018-01-15 09:40:10.043974,445.2,445.2,445.4,2919522.0
2018-01-15 09:40:11.210510,445.4,445.2,445.4,2920822.0
2018-01-15 09:40:12.579709,445.2,445.2,445.4,2920622.0
2018-01-15 09:40:13.784013,445.2,445.2,445.4,2920622.0
2018-01-15 09:40:15.115014,445.4,445.2,445.4,2921422.0
2018-01-15 09:40:16.345816,445.4,445.2,445.4,2920822.0
2018-01-15 09:40:17.473035,445.4,445.2,445.4,2920822.0
2018-01-15 09:40:18.668095,445.4,445.2,445.4,2921422.0
2018-01-15 09:40:19.894667,445.4,445.2,445.4,2921422.0
2018-01-15 09:40:20.968871,445.4,445.2,445.4,2921422.0
2018-01-15 09:40:22.053990,445.2,445.2,445.4,2921622.0
2018-01-15 09:40:23.054803,445.4,445.2,445.4,2921422.0
2018-01-15 09:40:24.435512,445.4,445.2,445.4,2921422.0
2018-01-15 09:40:25.878984,445.2,445.2,445.4,2923922.0
2018-01-15 09:40:27.369666,445.2,445.2,445.4,2923922.0
2018-01-15 09:40:29.142337,445.2,445.2,445.4,2923922.0
2018-01-15 09:40:30.462351,445.6,445.4,445.6,2928922.0
2018-01-15 09:40:31.944811,445.6,445.4,445.6,2928922.0
2018-01-15 09:40:33.522279,445.6,445.4,445.6,2928922.0
2018-01-15 09:40:34.872507,445.4,445.4,445.6,2930522.0
2018-01-15 09:40:36.057574,445.4,445.4,445.6,2930522.0
2018-01-15 09:40:37.347593,445.4,445.4,445.6,2930522.0
2018-01-15 09:40:38.782208,445.4,445.4,445.6,2930522.0
2018-01-15 09:40:40.073171,445.4,445.4,445.6,2930522.0
2018-01-15 09:40:41.592949,445.4,445.4,445.6,2930522.0
2018-01-15 09:40:43.011500,445.6,445.4,445.8,2945822.0
2018-01-15 09:40:44.603256,445.6,445.4,445.8,2945822.0
2018-01-15 09:40:46.074153,445.6,445.4,445.8,2945822.0
2018-01-15 09:40:47.446210,445.8,445.6,445.8,2956022.0
2018-01-15 09:40:48.838741,445.8,445.6,445.8,2957422.0
2018-01-15 09:40:50.395752,445.8,445.6,445.8,2957422.0
2018-01-15 09:40:51.811355,445.8,445.6,445.8,2956022.0
2018-01-15 09:40:53.037470,445.6,445.6,445.8,2959722.0
2018-01-15 09:40:54.523180,445.6,445.6,445.8,2959722.0
2018-01-15 09:40:55.994619,445.6,445.6,445.8,2959722.0
2018-01-15 09:40:57.514790,445.6,445.6,445.8,2963822.0
2018-01-15 09:40:58.979774,445.6,445.6,445.8,2964122.0
2018-01-15 09:41:00.185306,445.6,445.6,445.8,2964122.0
2018-01-15 09:41:01.457346,445.6,445.6,445.8,2964122.0
2018-01-15 09:41:02.773571,445.6,445.6,445.8,2964122.0
2018-01-15 09:41:05.964990,445.6,445.6,445.8,2964122.0
2018-01-15 09:41:07.254020,445.6,445.4,445.6,2973822.0
2018-01-15 09:41:08.763392,445.6,445.4,445.6,2973822.0
2018-01-15 09:41:10.177383,445.4,445.4,445.6,2982422.0
2018-01-15 09:41:11.695760,445.4,445.4,445.6,2982522.0
2018-01-15 09:41:13.140547,445.6,445.4,445.6,2991222.0
2018-01-15 09:41:14.460904,445.6,445.4,445.6,2991222.0
2018-01-15 09:41:15.867005,445.6,445.4,445.6,2991222.0
2018-01-15 09:41:17.080208,445.6,445.4,445.6,2991222.0
2018-01-15 09:41:18.465837,445.6,445.4,445.6,2991222.0
2018-01-15 09:41:19.860506,445.6,445.6,445.8,3008122.0
2018-01-15 09:41:21.425928,445.8,445.6,445.8,3011772.0
2018-01-15 09:41:22.620253,445.8,445.6,445.8,3011772.0
2018-01-15 09:41:23.792515,445.8,445.6,445.8,3011772.0
2018-01-15 09:41:25.089766,445.8,445.6,445.8,3011772.0
2018-01-15 09:41:26.348633,445.8,445.6,445.8,3013372.0
2018-01-15 09:41:27.432969,445.8,445.6,445.8,3011772.0
2018-01-15 09:41:28.598463,445.8,445.6,445.8,3011772.0
2018-01-15 09:41:29.904286,445.6,445.6,445.8,3015372.0
2018-01-15 09:41:31.181886,445.8,445.6,445.8,3013372.0
2018-01-15 09:41:32.538045,445.6,445.6,445.8,3015372.0
2018-01-15 09:41:35.353152,445.8,445.6,445.8,3044972.0
2018-01-15 09:41:36.772954,445.8,445.8,446.0,3046272.0
2018-01-15 09:41:38.118709,446.0,445.8,446.0,3058272.0
2018-01-15 09:41:39.584399,446.0,445.8,446.0,3058272.0
2018-01-15 09:41:41.030715,445.8,445.8,446.0,3100572.0
2018-01-15 09:41:42.202322,446.0,445.8,446.0,3105472.0
2018-01-15 09:41:43.416879,446.0,445.8,446.0,3105472.0
2018-01-15 09:41:44.917987,446.0,445.8,446.0,3105472.0
2018-01-15 09:41:46.321504,445.8,445.8,446.0,3100572.0
2018-01-15 09:41:47.628108,445.8,445.8,446.0,3109172.0
2018-01-15 09:41:48.977046,445.8,445.8,446.0,3109172.0
2018-01-15 09:41:50.292941,445.8,445.8,446.0,3109172.0
2018-01-15 09:41:51.581864,445.8,445.8,446.0,3111172.0
2018-01-15 09:41:52.760023,445.8,445.8,446.0,3109172.0
2018-01-15 09:41:54.302002,445.8,445.8,446.0,3111172.0
2018-01-15 09:41:55.397984,445.8,445.8,446.0,3112472.0
2018-01-15 09:41:56.757479,445.8,445.8,446.0,3112472.0
2018-01-15 09:41:58.116384,445.8,445.8,446.0,3115772.0
2018-01-15 09:41:59.535894,445.8,445.8,446.0,3115072.0
2018-01-15 09:42:00.851050,445.8,445.8,446.0,3115072.0
2018-01-15 09:42:05.992463,446.0,445.8,446.0,3119572.0
2018-01-15 09:42:07.380332,445.8,445.8,446.0,3119272.0
2018-01-15 09:42:08.790988,445.8,445.8,446.0,3119272.0
2018-01-15 09:42:10.301100,445.8,445.8,446.0,3119272.0
2018-01-15 09:42:11.719613,446.0,445.8,446.0,3120972.0
2018-01-15 09:42:13.001406,446.0,445.8,446.0,3121172.0
2018-01-15 09:42:14.597119,445.8,445.8,446.0,3128072.0
2018-01-15 09:42:15.762944,445.8,445.8,446.0,3124572.0
2018-01-15 09:42:16.985738,445.8,445.8,446.0,3124572.0
2018-01-15 09:42:18.222414,445.8,445.8,446.0,3124572.0
2018-01-15 09:42:19.624137,445.8,445.6,445.8,3128072.0
2018-01-15 09:42:21.155999,445.6,445.6,445.8,3131872.0
2018-01-15 09:42:22.436013,445.6,445.6,445.8,3131972.0
2018-01-15 09:42:23.678221,445.6,445.4,445.6,3131872.0
2018-01-15 09:42:24.918923,445.6,445.4,445.6,3137472.0
2018-01-15 09:42:26.134521,445.6,445.4,445.6,3137472.0
2018-01-15 09:42:27.637800,445.6,445.4,445.6,3137472.0
2018-01-15 09:42:29.690418,445.6,445.4,445.6,3137472.0
2018-01-15 09:42:31.113389,445.6,445.4,445.6,3137472.0
2018-01-15 09:42:32.585350,445.6,445.4,445.6,3137472.0
2018-01-15 09:42:34.381648,445.6,445.4,445.6,3144972.0
2018-01-15 09:42:35.766033,445.6,445.4,445.6,3144972.0
2018-01-15 09:42:37.142873,446.0,445.6,446.0,3150172.0
2018-01-15 09:42:38.332997,446.0,445.6,446.0,3150172.0
2018-01-15 09:42:39.699677,446.0,445.6,446.0,3150172.0
2018-01-15 09:42:41.023393,446.0,445.6,446.0,3153672.0
2018-01-15 09:42:42.837066,446.0,445.6,446.0,3153672.0
2018-01-15 09:42:44.853431,446.0,445.6,446.0,3153672.0
2018-01-15 09:42:46.312530,446.0,445.6,446.0,3153672.0
2018-01-15 09:42:47.768652,446.0,445.6,446.0,3153672.0
2018-01-15 09:42:49.287776,446.0,445.6,446.0,3153672.0
2018-01-15 09:42:50.553276,446.0,445.6,446.0,3153672.0
2018-01-15 09:42:51.871795,446.0,445.6,446.0,3153672.0
2018-01-15 09:42:53.422375,446.0,445.8,446.0,3153672.0
2018-01-15 09:42:54.642361,445.8,445.8,446.0,3158372.0
2018-01-15 09:42:56.021676,445.8,445.8,446.0,3158072.0
2018-01-15 09:42:57.317615,445.8,445.8,446.0,3158072.0
2018-01-15 09:42:58.538586,445.8,445.8,446.0,3158372.0
2018-01-15 09:42:59.730246,445.8,445.8,446.0,3158372.0
2018-01-15 09:43:01.236292,445.8,445.8,446.0,3158072.0
2018-01-15 09:43:02.587153,445.8,445.8,446.0,3158372.0
2018-01-15 09:43:04.843268,445.8,445.8,446.0,3162872.0
2018-01-15 09:43:06.211284,445.8,445.8,446.0,3162872.0
2018-01-15 09:43:07.482268,445.8,445.8,446.0,3162772.0
2018-01-15 09:43:08.948943,445.8,445.8,446.0,3162872.0
2018-01-15 09:43:10.493381,445.8,445.8,446.0,3166372.0
2018-01-15 09:43:11.985074,445.8,445.8,446.0,3166372.0
2018-01-15 09:43:13.564805,445.8,445.8,446.0,3166372.0
2018-01-15 09:43:15.366900,446.0,445.8,446.0,3172572.0
2018-01-15 09:43:17.146221,446.0,445.8,446.0,3172572.0
2018-01-15 09:43:18.440196,446.0,445.8,446.0,3172572.0
2018-01-15 09:43:19.868247,445.8,445.8,446.0,3179172.0
2018-01-15 09:43:21.241613,445.8,445.8,446.0,3180472.0
2018-01-15 09:43:22.967024,445.8,445.8,446.0,3180472.0
2018-01-15 09:43:24.261861,445.8,445.8,446.0,3180472.0
2018-01-15 09:43:25.859556,445.8,445.8,446.0,3180472.0
2018-01-15 09:43:27.584183,446.0,445.8,446.0,3181972.0
2018-01-15 09:43:28.921234,445.8,445.8,446.0,3181772.0
2018-01-15 09:43:30.349769,445.8,445.8,446.0,3188772.0
2018-01-15 09:43:32.089597,445.8,445.8,446.0,3188772.0
2018-01-15 09:43:33.857733,446.0,445.8,446.0,3194172.0
2018-01-15 09:43:35.379656,445.8,445.8,446.0,3194772.0
2018-01-15 09:43:36.665393,445.8,445.8,446.0,3194772.0
2018-01-15 09:43:38.127680,446.0,445.8,446.2,3214372.0
2018-01-15 09:43:39.385643,446.0,445.8,446.2,3214372.0
2018-01-15 09:43:41.137251,446.0,445.8,446.0,3219272.0
2018-01-15 09:43:42.429749,446.0,445.8,446.0,3219272.0
2018-01-15 09:43:43.717360,446.0,445.8,446.2,3219272.0
2018-01-15 09:43:45.200551,446.0,445.8,446.0,3218172.0
2018-01-15 09:43:46.418317,446.0,445.8,446.0,3219272.0
2018-01-15 09:43:47.941788,446.0,445.8,446.0,3229672.0
2018-01-15 09:43:49.189573,446.0,445.8,446.0,3224572.0
2018-01-15 09:43:50.833697,446.0,445.8,446.0,3224572.0
2018-01-15 09:43:52.153971,446.0,445.8,446.0,3229672.0
2018-01-15 09:43:53.434662,446.0,445.8,446.0,3229672.0
2018-01-15 09:43:54.708758,445.8,445.8,446.0,3242372.0
2018-01-15 09:43:55.982565,445.8,445.8,446.0,3242372.0
2018-01-15 09:43:57.287085,445.8,445.8,446.0,3242472.0
2018-01-15 09:43:59.169260,445.8,445.8,446.0,3242372.0
2018-01-15 09:44:00.536623,445.8,445.8,446.0,3242372.0
2018-01-15 09:44:01.855662,445.8,445.8,446.0,3242372.0
2018-01-15 09:44:03.183424,445.8,445.6,445.8,3244172.0
2018-01-15 09:44:04.671786,445.8,445.6,445.8,3244172.0
2018-01-15 09:44:05.853502,445.8,445.6,445.8,3244172.0
2018-01-15 09:44:08.298721,445.8,445.6,445.8,3244172.0
2018-01-15 09:44:09.636203,445.8,445.6,445.8,3251272.0
2018-01-15 09:44:11.020091,445.8,445.6,445.8,3251272.0
2018-01-15 09:44:12.557321,445.8,445.6,445.8,3251272.0
2018-01-15 09:44:13.964464,445.8,445.6,445.8,3251272.0
2018-01-15 09:44:15.487860,445.8,445.6,445.8,3258678.0
2018-01-15 09:44:16.873309,445.8,445.6,445.8,3258678.0
2018-01-15 09:44:18.133677,445.8,445.6,445.8,3258678.0
2018-01-15 09:44:19.707396,445.8,445.6,445.8,3258678.0
2018-01-15 09:44:21.238633,445.8,445.6,445.8,3258678.0
2018-01-15 09:44:22.449637,445.8,445.6,445.8,3258678.0
2018-01-15 09:44:23.943807,445.8,445.6,445.8,3258678.0
2018-01-15 09:44:25.192595,445.6,445.6,445.8,3264078.0
2018-01-15 09:44:26.749196,445.8,445.6,445.8,3258678.0
2018-01-15 09:44:27.998959,445.6,445.6,445.8,3264078.0
2018-01-15 09:44:29.325249,445.8,445.6,445.8,3269678.0
2018-01-15 09:44:30.970001,445.8,445.6,445.8,3269678.0
2018-01-15 09:44:32.386552,445.8,445.6,445.8,3270278.0
2018-01-15 09:44:33.935115,446.0,445.8,446.0,3274978.0
2018-01-15 09:44:35.268265,445.8,445.8,446.0,3275078.0
2018-01-15 09:44:36.468713,445.8,445.8,446.0,3275078.0
2018-01-15 09:44:38.210991,446.0,445.8,446.0,3274978.0
2018-01-15 09:44:39.403920,446.0,445.8,446.0,3274978.0
2018-01-15 09:44:40.705782,446.0,445.8,446.0,3274978.0
2018-01-15 09:44:42.133583,445.8,445.8,446.0,3275078.0
2018-01-15 09:44:43.597244,446.0,445.8,446.0,3274978.0
2018-01-15 09:44:44.856582,446.0,446.0,446.2,3328078.0
2018-01-15 09:44:46.294854,446.0,446.0,446.2,3328078.0
2018-01-15 09:44:47.558917,446.2,446.0,446.2,3334978.0
2018-01-15 09:44:48.758299,446.0,445.8,446.2,3361373.0
2018-01-15 09:44:50.198513,446.0,446.0,446.2,3361373.0
2018-01-15 09:44:51.758469,446.0,446.0,446.2,3361373.0
2018-01-15 09:44:53.311803,446.0,445.8,446.2,3361373.0
2018-01-15 09:44:54.487565,446.0,445.8,446.2,3361373.0
2018-01-15 09:44:55.761809,446.0,445.8,446.2,3361373.0
2018-01-15 09:44:56.932913,446.2,446.0,446.4,3385773.0
2018-01-15 09:44:58.715325,446.2,446.0,446.4,3384673.0
2018-01-15 09:44:59.942933,446.2,446.0,446.4,3385773.0
2018-01-15 09:45:02.627726,446.2,446.2,446.4,3388873.0
2018-01-15 09:45:04.010225,446.2,446.2,446.4,3388873.0
2018-01-15 09:45:06.382217,446.2,446.2,446.4,3388873.0
2018-01-15 09:45:08.152328,446.2,446.2,446.4,3388873.0
2018-01-15 09:45:09.484186,446.2,446.2,446.4,3388873.0
2018-01-15 09:45:11.052470,446.2,446.2,446.4,3390973.0
2018-01-15 09:45:12.100141,446.2,446.2,446.4,3390973.0
2018-01-15 09:45:13.141491,446.2,446.2,446.4,3390873.0
2018-01-15 09:45:14.203810,446.2,446.2,446.4,3390873.0
2018-01-15 09:45:15.276208,446.2,446.2,446.4,3390973.0
2018-01-15 09:45:16.408512,446.2,446.2,446.4,3390973.0
2018-01-15 09:45:17.437488,446.2,446.2,446.4,3390873.0
2018-01-15 09:45:18.522750,446.2,446.2,446.4,3390873.0
2018-01-15 09:45:19.458884,446.2,446.2,446.4,3390973.0
2018-01-15 09:45:20.973393,446.2,446.2,446.4,3390973.0
2018-01-15 09:45:22.013224,446.2,446.2,446.4,3390873.0
2018-01-15 09:45:23.057663,446.2,446.2,446.4,3390973.0
2018-01-15 09:45:24.035199,446.2,446.2,446.4,3398348.0
2018-01-15 09:45:25.457424,446.2,446.0,446.2,3398348.0
2018-01-15 09:45:26.488110,446.2,446.0,446.2,3398348.0
2018-01-15 09:45:27.514026,446.2,446.0,446.2,3398348.0
2018-01-15 09:45:28.614637,446.2,446.0,446.2,3398348.0
2018-01-15 09:45:29.910945,446.2,446.0,446.2,3398348.0
2018-01-15 09:45:30.881920,446.0,446.0,446.2,3411548.0
2018-01-15 09:45:32.029622,446.0,446.0,446.2,3411548.0
2018-01-15 09:45:33.064254,446.0,446.0,446.2,3411548.0
2018-01-15 09:45:34.182078,446.0,445.8,446.0,3411548.0
2018-01-15 09:45:35.394659,446.0,445.8,446.2,3417848.0
2018-01-15 09:45:36.662423,446.0,445.8,446.2,3417848.0
2018-01-15 09:45:37.773034,446.0,445.8,446.2,3417848.0
2018-01-15 09:45:38.929460,446.0,445.8,446.2,3417848.0
2018-01-15 09:45:40.132279,446.2,446.0,446.2,3426248.0
2018-01-15 09:45:41.094512,446.0,446.0,446.2,3427148.0
2018-01-15 09:45:42.463638,446.2,445.8,446.2,3428848.0
2018-01-15 09:45:43.715899,446.0,445.8,446.2,3427148.0
2018-01-15 09:45:45.133883,446.0,446.0,446.2,3429348.0
2018-01-15 09:45:46.593907,446.0,446.0,446.2,3429348.0
2018-01-15 09:45:47.809093,446.0,446.0,446.2,3429348.0
2018-01-15 09:45:49.385855,446.0,445.8,446.2,3429348.0
2018-01-15 09:45:50.554190,446.2,446.0,446.2,3430248.0
2018-01-15 09:45:51.694186,446.0,446.0,446.2,3429348.0
2018-01-15 09:45:52.794916,446.2,446.0,446.2,3430248.0
2018-01-15 09:45:53.931461,446.2,446.0,446.2,3430948.0
2018-01-15 09:45:55.050352,446.2,446.0,446.2,3430948.0
2018-01-15 09:45:56.203549,446.2,446.0,446.2,3430948.0
2018-01-15 09:45:57.427833,446.2,446.0,446.2,3433748.0
2018-01-15 09:45:58.775068,445.8,445.8,446.2,3445148.0
2018-01-15 09:45:59.976393,445.8,445.8,446.2,3445148.0
2018-01-15 09:46:01.201194,446.0,445.8,446.2,3453648.0
2018-01-15 09:46:02.311051,446.2,445.6,446.2,3452248.0
2018-01-15 09:46:03.603304,446.2,445.6,446.2,3452248.0
2018-01-15 09:46:05.257921,446.0,445.8,446.2,3464248.0
2018-01-15 09:46:06.498899,446.0,445.6,446.2,3464248.0
2018-01-15 09:46:11.843504,446.2,445.6,446.2,3479248.0
2018-01-15 09:46:13.565056,446.2,445.6,446.2,3479248.0
2018-01-15 09:46:15.397488,446.2,445.6,446.2,3479348.0
2018-01-15 09:46:16.428484,445.8,445.6,446.2,3481048.0
2018-01-15 09:46:17.533063,446.2,445.8,446.0,3479348.0
2018-01-15 09:46:18.915958,445.8,445.6,446.0,3481048.0
2018-01-15 09:46:20.165201,445.8,445.6,446.0,3481048.0
2018-01-15 09:46:21.292892,445.8,445.6,446.0,3481048.0
2018-01-15 09:46:22.586019,445.8,445.8,446.0,3481048.0
2018-01-15 09:46:23.585052,445.8,445.6,446.0,3481948.0
2018-01-15 09:46:24.870436,445.8,445.8,446.0,3481048.0
2018-01-15 09:46:25.867699,445.8,445.8,446.0,3481948.0
2018-01-15 09:46:27.060556,445.8,445.8,446.2,3492448.0
2018-01-15 09:46:28.238296,445.8,445.8,446.2,3492448.0
2018-01-15 09:46:29.353443,445.8,445.8,446.2,3492448.0
2018-01-15 09:46:30.506380,445.8,445.8,446.2,3492448.0
2018-01-15 09:46:31.624067,446.0,445.8,446.0,3492248.0
2018-01-15 09:46:32.801248,445.8,445.8,446.0,3492448.0
2018-01-15 09:46:34.029841,445.8,445.8,446.2,3495748.0
2018-01-15 09:46:35.348000,446.0,445.8,446.0,3496148.0
2018-01-15 09:46:36.569509,445.8,445.8,446.0,3495748.0
2018-01-15 09:46:37.627751,446.0,445.8,446.0,3496148.0
2018-01-15 09:46:38.916653,445.6,445.8,446.0,3499148.0
2018-01-15 09:46:40.037437,445.6,445.6,445.8,3499148.0
2018-01-15 09:46:41.149815,445.6,445.8,446.0,3499148.0
2018-01-15 09:46:42.421339,445.6,445.6,445.8,3499148.0
2018-01-15 09:46:43.554083,445.6,445.6,445.8,3499148.0
2018-01-15 09:46:44.631530,445.6,445.6,445.8,3502148.0
2018-01-15 09:46:45.736190,445.6,445.6,445.8,3515248.0
2018-01-15 09:46:46.900971,445.6,445.6,445.8,3516448.0
2018-01-15 09:46:48.197035,445.6,445.6,445.8,3515248.0
2018-01-15 09:46:49.436471,445.6,445.4,445.8,3516448.0
2018-01-15 09:46:50.528019,445.8,445.4,445.8,3519948.0
2018-01-15 09:46:51.912346,445.6,445.6,445.8,3516448.0
2018-01-15 09:46:52.926148,445.8,445.4,445.8,3520348.0
2018-01-15 09:46:54.041444,445.8,445.4,445.8,3520348.0
2018-01-15 09:46:55.534065,445.8,445.4,445.8,3520348.0
2018-01-15 09:46:56.822320,445.8,445.4,445.8,3519948.0
2018-01-15 09:46:57.778158,445.8,445.4,445.8,3520348.0
2018-01-15 09:46:59.489748,445.8,445.4,445.8,3520348.0
2018-01-15 09:47:00.829940,445.6,445.2,445.6,3523011.0
2018-01-15 09:47:02.185213,445.4,445.2,445.6,3521311.0
2018-01-15 09:47:03.374416,445.6,445.2,445.6,3523011.0
2018-01-15 09:47:04.736597,445.6,445.2,445.6,3523011.0
2018-01-15 09:47:05.756267,445.4,445.2,445.6,3524211.0
2018-01-15 09:47:06.926484,445.2,445.2,445.6,3524511.0
2018-01-15 09:47:08.195663,445.2,445.2,445.6,3524511.0
2018-01-15 09:47:11.550351,445.4,445.0,445.8,3537211.0
2018-01-15 09:47:12.506114,445.0,445.0,445.8,3544111.0
2018-01-15 09:47:13.579984,445.6,445.0,445.8,3544711.0
2018-01-15 09:47:14.591455,445.0,445.2,445.4,3544111.0
2018-01-15 09:47:15.649234,445.4,445.4,445.6,3545511.0
2018-01-15 09:47:17.081731,445.6,445.4,445.6,3544711.0
2018-01-15 09:47:18.308348,445.6,445.2,445.4,3544711.0
2018-01-15 09:47:19.545298,445.6,445.4,445.6,3544711.0
2018-01-15 09:47:20.792106,445.4,445.4,445.6,3545511.0
2018-01-15 09:47:22.102175,445.4,445.2,445.4,3545511.0
2018-01-15 09:47:23.467058,445.4,445.4,445.6,3545511.0
2018-01-15 09:47:24.798727,445.4,445.6,445.8,3545511.0
2018-01-15 09:47:26.743195,445.4,445.4,445.8,3550711.0
2018-01-15 09:47:28.987363,445.4,445.4,445.8,3550711.0
2018-01-15 09:47:30.660523,445.4,445.4,445.8,3550711.0
2018-01-15 09:47:32.597478,445.4,445.4,445.8,3550711.0
2018-01-15 09:47:35.451273,445.4,445.4,445.8,3550711.0
2018-01-15 09:47:37.652285,445.4,445.4,445.8,3550711.0
2018-01-15 09:47:40.310148,445.4,445.2,445.4,3555931.0
2018-01-15 09:47:42.357808,445.0,445.0,445.4,3565831.0
2018-01-15 09:47:44.345502,445.0,445.0,445.4,3565831.0
2018-01-15 09:47:46.297095,445.4,445.0,445.4,3568931.0
2018-01-15 09:47:48.007161,445.4,445.0,445.4,3568931.0
2018-01-15 09:47:50.027773,445.2,445.0,445.4,3568731.0
2018-01-15 09:47:52.002247,445.4,445.0,445.4,3568931.0
2018-01-15 09:47:53.906261,445.2,445.2,445.4,3570231.0
2018-01-15 09:47:56.318212,445.2,445.2,445.4,3570231.0
2018-01-15 09:47:58.031892,445.4,445.2,445.4,3570531.0
2018-01-15 09:47:59.750182,445.4,445.2,445.4,3570531.0
2018-01-15 09:48:01.619144,445.4,445.2,445.4,3572231.0
2018-01-15 09:48:04.479622,445.4,445.2,445.4,3572231.0
2018-01-15 09:48:06.825438,445.6,445.2,445.6,3573931.0
2018-01-15 09:48:08.882184,445.2,445.2,445.6,3576131.0
2018-01-15 09:48:10.896161,445.2,445.2,445.6,3576131.0
2018-01-15 09:48:12.947545,445.6,445.2,445.6,3573931.0
2018-01-15 09:48:16.096157,445.2,445.2,445.6,3576131.0
2018-01-15 09:48:17.871780,445.2,445.2,445.4,3578131.0
2018-01-15 09:48:19.757007,445.2,445.2,445.4,3578131.0
2018-01-15 09:48:21.212959,445.2,445.2,445.4,3577731.0
2018-01-15 09:48:22.444909,445.2,445.2,445.4,3578131.0
2018-01-15 09:48:23.963368,445.2,445.2,445.4,3578131.0
2018-01-15 09:48:25.181861,445.2,445.2,445.4,3578131.0
2018-01-15 09:48:26.853146,445.4,445.2,445.4,3584431.0
2018-01-15 09:48:28.380685,445.4,445.2,445.4,3584431.0
2018-01-15 09:48:30.053659,445.4,445.2,445.4,3584431.0
2018-01-15 09:48:31.472006,445.6,445.2,445.4,3588231.0
2018-01-15 09:48:33.378274,445.6,445.4,445.6,3588231.0
2018-01-15 09:48:35.106087,445.6,445.4,445.6,3590931.0
2018-01-15 09:48:36.847869,445.6,445.4,445.6,3588231.0
2018-01-15 09:48:38.411025,445.6,445.4,445.6,3588231.0
2018-01-15 09:48:40.066888,445.4,445.4,445.6,3592831.0
2018-01-15 09:48:41.692629,445.4,445.4,445.6,3593231.0
2018-01-15 09:48:43.503491,445.4,445.4,445.6,3592831.0
2018-01-15 09:48:45.270124,445.4,445.4,445.6,3592831.0
2018-01-15 09:48:46.888047,445.4,445.4,445.6,3592831.0
2018-01-15 09:48:48.438217,445.6,445.4,445.6,3595031.0
2018-01-15 09:48:49.826878,445.6,445.4,445.6,3595831.0
2018-01-15 09:48:51.416640,445.6,445.4,445.6,3595031.0
2018-01-15 09:48:53.018441,445.6,445.4,445.6,3595031.0
2018-01-15 09:48:54.585881,445.6,445.4,445.6,3602431.0
2018-01-15 09:48:57.938140,445.6,445.4,445.6,3602431.0
2018-01-15 09:48:59.551263,445.4,445.4,445.6,3603231.0
2018-01-15 09:49:00.806949,445.4,445.4,445.6,3603231.0
2018-01-15 09:49:02.186807,445.4,445.4,445.6,3603231.0
2018-01-15 09:49:03.834224,445.6,445.4,445.6,3606031.0
2018-01-15 09:49:05.283794,445.6,445.4,445.6,3606031.0
2018-01-15 09:49:06.864004,445.4,445.4,445.6,3603231.0
2018-01-15 09:49:08.425239,445.2,445.2,445.6,3608824.0
2018-01-15 09:49:09.946815,445.2,445.2,445.6,3608824.0
2018-01-15 09:49:11.180489,445.2,445.2,445.6,3608824.0
2018-01-15 09:49:12.679078,445.2,445.2,445.6,3608824.0
2018-01-15 09:49:14.251475,445.2,445.2,445.6,3609224.0
2018-01-15 09:49:15.761862,445.2,445.2,445.6,3609224.0
2018-01-15 09:49:17.082681,445.2,445.2,445.6,3608824.0
2018-01-15 09:49:18.474656,445.2,445.2,445.6,3608824.0
2018-01-15 09:49:20.057771,445.2,445.2,445.6,3609224.0
2018-01-15 09:49:21.328714,445.2,445.2,445.6,3609224.0
2018-01-15 09:50:51.558156,,,,
2018-01-15 09:50:53.252942,445.0,445.0,445.2,3650924.0
2018-01-15 09:50:54.944373,445.0,445.0,445.2,3668024.0
2018-01-15 09:50:56.309329,444.8,444.8,445.0,3676324.0
2018-01-15 09:51:01.625157,444.8,444.8,445.0,3674824.0
2018-01-15 09:51:03.087612,444.8,444.8,445.0,3679624.0
2018-01-15 09:51:04.594530,445.0,444.8,445.0,3678824.0
2018-01-15 09:51:09.093804,444.8,444.8,445.0,3679624.0
2018-01-15 09:51:10.416529,444.8,444.8,445.0,3679624.0
2018-01-15 09:51:16.234294,444.6,444.6,444.8,3686524.0
2018-01-15 09:51:17.536910,444.6,444.6,444.8,3686524.0
2018-01-15 09:51:18.964562,444.6,444.4,444.6,3696224.0
2018-01-15 09:51:20.473394,444.6,444.4,444.6,3696224.0
2018-01-15 09:51:21.970995,444.6,444.4,444.6,3707124.0
2018-01-15 09:51:23.349200,444.6,444.4,444.6,3713424.0
2018-01-15 09:51:24.677495,444.8,444.4,444.6,3715124.0
2018-01-15 09:51:25.958152,444.8,444.4,444.6,3715124.0
2018-01-15 09:51:27.106525,444.6,444.4,444.8,3713424.0
2018-01-15 09:51:28.447917,444.6,444.6,444.8,3716924.0
2018-01-15 09:51:29.816454,444.6,444.4,444.8,3716924.0
2018-01-15 09:51:31.295106,444.6,444.6,444.8,3716924.0
2018-01-15 09:51:32.616077,444.8,444.6,444.8,3717624.0
2018-01-15 09:51:33.749082,444.8,444.6,444.8,3717624.0
2018-01-15 09:51:35.231169,444.8,444.8,445.0,3719124.0
2018-01-15 09:51:36.808126,444.8,444.8,445.0,3719124.0
2018-01-15 09:51:38.327811,444.8,444.8,445.0,3719124.0
2018-01-15 09:51:39.841923,444.8,444.8,445.0,3719124.0
2018-01-15 09:51:41.138903,444.8,444.8,445.0,3720924.0
2018-01-15 09:51:42.437110,444.8,444.8,445.0,3720924.0
2018-01-15 09:51:44.072531,444.8,444.8,445.0,3719124.0
2018-01-15 09:51:45.322056,444.6,444.8,445.0,3726724.0
2018-01-15 09:51:46.618101,444.8,444.8,445.0,3730224.0
2018-01-15 09:51:47.684590,444.8,444.8,445.0,3730224.0
2018-01-15 09:51:48.782078,445.0,444.8,445.0,3730327.0
2018-01-15 09:51:50.068662,445.0,444.8,445.0,3730327.0
2018-01-15 09:51:51.484029,445.0,444.8,445.0,3730327.0
2018-01-15 09:51:53.092418,445.0,444.8,445.0,3734327.0
2018-01-15 09:51:54.605214,445.0,444.8,445.0,3734327.0
2018-01-15 09:51:55.893629,445.0,444.8,445.0,3734327.0
2018-01-15 09:51:57.315182,445.0,444.8,445.0,3734327.0
2018-01-15 09:51:58.573283,445.0,444.8,445.0,3734327.0
2018-01-15 09:51:59.816200,445.0,444.8,445.0,3734327.0
2018-01-15 09:52:03.446287,445.0,444.8,445.0,3737327.0
2018-01-15 09:52:04.677958,444.8,444.6,444.8,3742027.0
2018-01-15 09:52:07.218215,444.8,444.6,444.8,3742027.0
2018-01-15 09:52:08.457811,444.8,444.8,445.0,3742427.0
2018-01-15 09:52:09.690722,444.8,444.8,445.0,3742027.0
2018-01-15 09:52:11.163887,444.8,444.8,445.0,3742027.0
2018-01-15 09:52:12.726031,444.8,444.8,445.0,3742027.0
2018-01-15 09:52:13.911275,444.8,444.8,445.0,3742427.0
2018-01-15 09:52:15.301562,444.8,444.6,444.8,3742027.0
2018-01-15 09:52:16.638642,444.8,444.6,444.8,3744027.0
2018-01-15 09:52:18.016904,444.8,444.6,444.8,3744027.0
2018-01-15 09:52:19.342423,444.8,444.6,444.8,3744027.0
2018-01-15 09:52:20.655028,444.8,444.6,444.8,3744027.0
2018-01-15 09:52:22.102919,444.8,444.6,444.8,3745027.0
2018-01-15 09:52:23.480089,444.6,444.6,444.8,3748427.0
2018-01-15 09:52:25.022207,444.6,444.6,444.8,3748427.0
2018-01-15 09:52:26.334659,444.6,444.6,444.8,3759249.0
2018-01-15 09:52:27.876466,444.6,444.6,444.8,3759249.0
2018-01-15 09:52:29.102162,444.6,444.6,444.8,3757849.0
2018-01-15 09:52:30.965037,444.6,444.6,444.8,3757849.0
2018-01-15 09:52:33.086871,444.6,444.6,444.8,3762849.0
2018-01-15 09:52:34.483442,444.6,444.6,444.8,3762749.0
2018-01-15 09:52:36.278595,444.6,444.6,444.8,3762849.0
2018-01-15 09:52:37.558181,444.6,444.6,444.8,3765349.0
2018-01-15 09:52:38.815806,444.6,444.6,444.8,3765349.0
2018-01-15 09:52:40.105454,444.6,444.6,444.8,3765349.0
2018-01-15 09:52:41.689505,444.6,444.6,444.8,3765349.0
2018-01-15 09:52:42.997943,444.6,444.6,444.8,3767949.0
2018-01-15 09:52:44.539174,444.6,444.6,444.8,3767949.0
2018-01-15 09:52:45.776306,444.6,444.6,444.8,3767849.0
2018-01-15 09:52:47.814041,444.6,444.6,444.8,3767949.0
2018-01-15 09:52:49.513055,444.6,444.6,444.8,3767849.0
2018-01-15 09:52:50.971192,444.6,444.6,444.8,3767849.0
2018-01-15 09:52:52.222424,444.6,444.6,444.8,3767849.0
2018-01-15 09:52:53.555722,444.6,444.6,444.8,3767849.0
2018-01-15 09:52:55.344085,444.6,444.6,444.8,3767849.0
2018-01-15 09:52:56.678010,444.6,444.6,444.8,3767849.0
2018-01-15 09:52:58.324093,444.8,444.6,444.8,3769349.0
2018-01-15 09:52:59.541331,444.8,444.6,444.8,3769349.0
2018-01-15 09:53:05.836098,445.0,444.6,445.0,3779649.0
2018-01-15 09:53:09.085753,444.8,444.6,444.8,3787049.0
2018-01-15 09:53:10.321540,444.8,444.6,444.8,3787049.0
2018-01-15 09:53:11.622465,444.6,444.6,444.8,3786649.0
2018-01-15 09:53:13.022231,444.6,444.6,444.8,3786649.0
2018-01-15 09:53:14.822406,444.6,444.6,444.8,3790249.0
2018-01-15 09:53:16.255331,444.6,444.6,444.8,3790249.0
2018-01-15 09:53:17.953338,444.8,444.6,444.8,3787049.0
2018-01-15 09:53:19.474501,444.6,444.6,444.8,3790249.0
2018-01-15 09:53:20.848315,444.6,444.6,444.8,3790249.0
2018-01-15 09:53:21.910619,444.8,444.8,445.0,3801949.0
2018-01-15 09:53:23.163660,444.8,444.8,445.0,3801949.0
2018-01-15 09:53:24.755604,444.8,444.8,445.0,3801949.0
2018-01-15 09:53:26.254331,444.8,444.8,445.0,3803449.0
2018-01-15 09:53:27.739794,444.6,444.6,445.0,3804649.0
2018-01-15 09:53:29.335173,444.6,444.6,445.0,3804649.0
2018-01-15 09:53:30.893636,444.8,444.8,445.0,3814049.0
2018-01-15 09:53:32.508848,444.8,444.8,445.0,3818449.0
2018-01-15 09:53:34.071260,444.8,444.8,445.0,3818449.0
2018-01-15 09:53:35.690926,444.8,444.8,445.0,3818449.0
2018-01-15 09:53:37.331842,444.8,444.8,445.0,3818449.0
2018-01-15 09:53:38.623265,444.8,444.8,445.0,3818649.0
2018-01-15 09:53:39.935826,444.8,444.8,445.0,3827749.0
2018-01-15 09:53:41.361399,444.8,444.8,445.0,3825049.0
2018-01-15 09:53:42.922863,444.6,444.6,444.8,3832449.0
2018-01-15 09:53:44.217085,444.8,444.6,444.8,3831949.0
2018-01-15 09:53:45.461565,444.6,444.6,444.8,3832449.0
2018-01-15 09:53:47.215111,444.8,444.6,445.0,3837349.0
2018-01-15 09:53:48.496338,444.8,444.6,445.0,3837349.0
2018-01-15 09:53:50.122825,444.8,444.6,445.0,3837349.0
2018-01-15 09:53:51.593489,444.6,444.6,445.0,3840849.0
2018-01-15 09:53:53.005967,444.8,444.6,445.0,3842349.0
2018-01-15 09:53:54.479627,444.8,444.6,445.0,3842349.0
2018-01-15 09:53:55.964034,444.8,444.6,445.0,3842349.0
2018-01-15 09:53:57.402557,445.0,444.8,445.0,3844649.0
2018-01-15 09:54:01.264531,445.0,444.8,445.0,3844649.0
2018-01-15 09:54:03.209579,445.0,444.8,445.0,3844649.0
2018-01-15 09:54:04.768041,445.0,444.8,445.0,3844649.0
2018-01-15 09:54:06.265763,445.0,444.8,445.0,3844649.0
2018-01-15 09:54:07.734517,445.0,444.8,445.0,3849379.0
2018-01-15 09:54:09.145736,445.0,444.8,445.0,3849379.0
2018-01-15 09:54:10.643528,445.0,444.8,445.0,3850579.0
2018-01-15 09:54:12.279843,445.0,444.8,445.0,3849479.0
2018-01-15 09:54:13.697904,445.0,444.8,445.0,3856379.0
2018-01-15 09:54:15.169017,445.0,444.8,445.0,3856379.0
2018-01-15 09:54:16.506919,445.0,444.8,445.0,3856379.0
2018-01-15 09:54:17.926938,445.0,444.8,445.0,3876379.0
2018-01-15 09:54:19.338564,445.0,445.0,445.2,3892179.0
2018-01-15 09:54:20.962174,445.2,445.0,445.2,3883979.0
2018-01-15 09:54:22.300881,445.0,445.0,445.2,3892179.0
2018-01-15 09:54:23.619405,445.2,445.0,445.2,3883979.0
2018-01-15 09:54:25.145055,445.2,445.0,445.2,3892579.0
2018-01-15 09:54:26.662390,445.2,445.0,445.2,3892579.0
2018-01-15 09:54:28.128073,445.2,445.0,445.2,3892579.0
2018-01-15 09:54:29.096365,445.0,445.0,445.2,3892179.0
2018-01-15 09:54:30.154197,445.2,445.0,445.2,3892579.0
2018-01-15 09:54:31.077656,445.2,445.0,445.2,3892579.0
2018-01-15 09:54:32.009860,445.0,445.0,445.2,3892179.0
2018-01-15 09:54:32.919455,445.0,445.0,445.2,3892179.0
2018-01-15 09:54:34.046305,445.2,445.0,445.2,3898879.0
2018-01-15 09:54:35.054413,445.2,445.0,445.2,3898879.0
2018-01-15 09:54:36.042036,445.0,445.0,445.2,3898779.0
2018-01-15 09:54:37.325004,445.0,445.0,445.2,3898779.0
2018-01-15 09:54:38.485647,445.0,445.0,445.2,3898779.0
2018-01-15 09:54:39.561908,445.2,445.0,445.2,3898879.0
2018-01-15 09:54:40.695952,445.2,445.0,445.2,3898879.0
2018-01-15 09:54:41.817611,445.2,445.0,445.2,3898879.0
2018-01-15 09:54:42.887900,445.2,445.0,445.2,3898879.0
2018-01-15 09:54:44.077653,445.2,445.0,445.2,3898879.0
2018-01-15 09:54:45.326381,445.2,445.0,445.2,3898879.0
2018-01-15 09:54:46.526602,445.0,445.0,445.2,3899679.0
2018-01-15 09:54:47.693420,445.0,445.0,445.2,3899679.0
2018-01-15 09:54:49.141645,445.0,445.0,445.2,3899679.0
2018-01-15 09:54:50.335084,445.0,445.0,445.2,3899679.0
2018-01-15 09:54:51.503233,445.0,445.0,445.2,3899679.0
2018-01-15 09:54:53.155055,445.2,445.0,445.2,3901379.0
2018-01-15 09:54:54.188319,445.2,445.0,445.2,3901379.0
2018-01-15 09:54:55.277177,445.2,445.0,445.2,3901379.0
2018-01-15 09:54:56.492247,445.2,445.0,445.2,3901379.0
2018-01-15 09:54:57.666130,445.2,445.0,445.2,3901379.0
2018-01-15 09:54:58.805917,445.2,445.0,445.2,3901379.0
2018-01-15 09:54:59.798770,445.2,445.0,445.2,3901379.0
2018-01-15 09:55:01.056235,445.2,445.0,445.2,3908279.0
2018-01-15 09:55:02.205134,445.2,445.0,445.2,3908279.0
2018-01-15 09:55:03.417250,445.2,445.0,445.2,3908279.0
2018-01-15 09:55:04.659541,445.2,445.0,445.2,3908279.0
2018-01-15 09:55:05.890946,445.2,445.0,445.2,3908279.0
2018-01-15 09:55:06.900663,445.2,445.0,445.2,3908279.0
2018-01-15 09:55:10.006965,445.2,445.0,445.2,3908279.0
2018-01-15 09:55:11.502041,445.2,445.0,445.2,3909279.0
2018-01-15 09:55:12.647809,445.2,445.0,445.2,3909279.0
2018-01-15 09:55:14.006878,445.0,445.0,445.2,3909779.0
2018-01-15 09:55:15.245768,445.0,445.0,445.2,3909779.0
2018-01-15 09:55:16.520910,445.0,445.0,445.2,3909779.0
2018-01-15 09:55:17.697812,445.0,445.0,445.2,3909779.0
2018-01-15 09:55:18.822423,445.0,445.0,445.2,3909779.0
2018-01-15 09:55:20.114164,445.0,445.0,445.2,3909779.0
2018-01-15 09:55:21.280478,445.2,445.0,445.2,3909279.0
2018-01-15 09:55:22.805929,445.2,445.0,445.2,3909279.0
2018-01-15 09:55:24.323632,445.0,445.0,445.2,3909779.0
2018-01-15 09:55:25.598481,445.0,445.0,445.2,3909779.0
2018-01-15 09:55:26.806641,445.2,445.0,445.2,3915379.0
2018-01-15 09:55:27.944365,445.2,445.0,445.2,3915379.0
2018-01-15 09:55:29.227059,445.2,445.0,445.2,3915379.0
2018-01-15 09:55:30.181863,445.2,445.0,445.2,3915379.0
2018-01-15 09:55:31.222681,445.2,445.0,445.2,3914479.0
2018-01-15 09:55:32.332811,445.2,445.0,445.2,3915379.0
2018-01-15 09:55:34.695922,445.2,445.0,445.2,3914479.0
2018-01-15 09:55:36.044469,445.2,445.2,445.4,3917879.0
2018-01-15 09:55:37.106248,445.2,445.2,445.4,3917879.0
2018-01-15 09:55:38.232857,445.2,445.2,445.4,3917879.0
2018-01-15 09:55:39.511528,445.2,445.2,445.4,3917879.0
2018-01-15 09:55:40.737471,445.2,445.2,445.4,3917879.0
2018-01-15 09:55:41.965090,445.2,445.2,445.4,3917879.0
2018-01-15 09:55:43.252434,445.4,445.2,445.4,3920879.0
2018-01-15 09:55:44.408117,445.4,445.2,445.4,3920879.0
2018-01-15 09:55:45.603341,445.4,445.2,445.4,3920879.0
2018-01-15 09:55:46.885386,445.4,445.2,445.4,3920879.0
2018-01-15 09:55:48.163613,445.4,445.2,445.4,3920879.0
2018-01-15 09:55:49.284465,445.4,445.2,445.4,3920879.0
2018-01-15 09:55:50.471823,445.4,445.4,445.6,3938979.0
2018-01-15 09:55:51.659929,445.4,445.4,445.6,3938979.0
2018-01-15 09:55:52.860515,445.4,445.4,445.6,3938979.0
2018-01-15 09:55:54.079218,445.4,445.4,445.6,3938979.0
2018-01-15 09:55:55.644189,445.4,445.4,445.6,3938979.0
2018-01-15 09:55:56.642512,445.4,445.4,445.6,3938979.0
2018-01-15 09:55:58.096512,445.4,445.4,445.6,3937779.0
2018-01-15 09:55:59.559358,445.4,445.4,445.6,3938979.0
2018-01-15 09:56:01.351520,445.4,445.4,445.6,3938979.0
2018-01-15 09:56:02.539485,445.4,445.4,445.6,3938979.0
2018-01-15 09:56:03.612069,445.4,445.4,445.6,3937779.0
2018-01-15 09:56:04.893346,445.4,445.4,445.6,3937779.0
2018-01-15 09:56:06.170311,445.4,445.4,445.6,3940679.0
2018-01-15 09:56:07.435895,445.6,445.4,445.6,3940879.0
2018-01-15 09:56:10.274233,445.6,445.4,445.6,3940879.0
2018-01-15 09:56:11.524490,445.4,445.4,445.6,3940679.0
2018-01-15 09:56:12.572777,445.4,445.4,445.6,3948279.0
2018-01-15 09:56:13.767585,445.4,445.4,445.6,3948279.0
2018-01-15 09:56:14.973056,445.6,445.4,445.6,3948979.0
2018-01-15 09:56:16.198299,445.4,445.4,445.6,3948279.0
2018-01-15 09:56:17.471236,445.6,445.4,445.6,3948979.0
2018-01-15 09:56:18.596914,445.6,445.4,445.6,3950479.0
2018-01-15 09:56:19.819349,445.6,445.4,445.6,3948979.0
2018-01-15 09:56:20.858157,445.6,445.4,445.6,3948979.0
2018-01-15 09:56:22.018839,445.6,445.4,445.6,3948979.0
2018-01-15 09:56:23.262236,445.6,445.4,445.6,3951379.0
2018-01-15 09:56:24.434026,445.6,445.4,445.6,3951379.0
2018-01-15 09:56:25.414786,445.6,445.4,445.6,3950479.0
2018-01-15 09:56:26.659587,445.6,445.4,445.6,3959379.0
2018-01-15 09:56:27.888810,445.4,445.4,445.6,3954479.0
2018-01-15 09:56:29.122421,445.6,445.6,445.8,3971579.0
2018-01-15 09:56:30.182487,445.6,445.6,445.8,3971779.0
2018-01-15 09:56:31.295431,445.6,445.6,445.8,3971579.0
2018-01-15 09:56:32.455224,445.6,445.6,445.8,3971579.0
2018-01-15 09:56:33.395948,445.6,445.6,445.8,3971779.0
2018-01-15 09:56:34.448493,445.6,445.6,445.8,3976879.0
2018-01-15 09:56:35.608750,445.6,445.6,445.8,3976879.0
2018-01-15 09:56:37.094162,445.6,445.6,445.8,3977079.0
2018-01-15 09:56:38.347160,445.6,445.6,445.8,3977079.0
2018-01-15 09:56:39.888542,445.6,445.6,445.8,3976879.0
2018-01-15 09:56:41.194254,445.6,445.6,445.8,3976879.0
2018-01-15 09:56:42.317674,445.6,445.6,445.8,3976879.0
2018-01-15 09:56:43.613213,445.8,445.6,445.8,3979279.0
2018-01-15 09:56:44.713098,445.8,445.6,445.8,3979379.0
2018-01-15 09:56:45.840761,445.8,445.6,445.8,3979279.0
2018-01-15 09:56:47.103310,445.8,445.6,445.8,3979279.0
2018-01-15 09:56:48.541057,445.8,445.6,445.8,3979279.0
2018-01-15 09:56:49.874159,445.8,445.6,445.8,3979279.0
2018-01-15 09:56:50.967033,445.6,445.6,445.8,3980779.0
2018-01-15 09:56:52.188458,445.6,445.6,445.8,3980879.0
2018-01-15 09:56:53.182058,445.6,445.6,445.8,3980879.0
2018-01-15 09:56:54.472624,445.6,445.6,445.8,3980779.0
2018-01-15 09:56:55.926076,445.6,445.6,445.8,3980779.0
2018-01-15 09:56:57.403435,445.6,445.6,445.8,3980779.0
2018-01-15 09:56:58.640150,445.6,445.6,445.8,3980879.0
2018-01-15 09:56:59.662747,445.6,445.6,445.8,3980879.0
2018-01-15 09:57:00.784177,445.8,445.6,445.8,3982079.0
2018-01-15 09:57:02.014321,445.8,445.6,445.8,3982079.0
2018-01-15 09:57:03.999093,445.8,445.6,445.8,3983079.0
2018-01-15 09:57:05.474873,445.8,445.6,445.8,3983079.0
2018-01-15 09:57:08.150421,445.8,445.6,446.0,3995279.0
2018-01-15 09:57:09.894845,445.8,445.6,446.0,3995279.0
2018-01-15 09:57:11.561655,445.8,445.6,445.8,3997979.0
2018-01-15 09:57:13.168850,445.8,445.8,446.0,4000279.0
2018-01-15 09:57:14.949438,445.6,445.8,446.0,4001079.0
2018-01-15 09:57:16.439095,446.0,445.8,446.0,4001279.0
2018-01-15 09:57:18.099842,446.0,445.8,446.0,4001279.0
2018-01-15 09:57:19.658482,445.6,445.6,446.0,4008179.0
2018-01-15 09:57:21.443791,445.8,445.6,446.0,4006479.0
2018-01-15 09:57:23.217031,445.6,445.6,446.0,4008179.0
2018-01-15 09:57:24.826362,445.8,445.8,446.0,4006479.0
2018-01-15 09:57:26.681151,445.6,445.8,446.0,4008179.0
2018-01-15 09:57:28.673389,445.6,445.6,446.0,4008179.0
2018-01-15 09:57:30.994628,445.6,445.4,445.8,4026679.0
2018-01-15 09:57:32.982677,445.6,445.4,445.8,4026679.0
2018-01-15 09:57:34.969610,445.6,445.4,445.8,4026679.0
2018-01-15 09:57:37.982051,445.6,445.4,445.8,4026679.0
2018-01-15 09:57:40.038503,445.6,445.4,445.8,4026679.0
2018-01-15 09:57:41.922766,445.4,445.4,445.6,4032079.0
2018-01-15 09:57:44.422761,445.6,445.4,445.6,4031979.0
2018-01-15 09:57:46.715040,445.4,445.4,445.6,4032079.0
2018-01-15 09:57:48.957354,445.4,445.4,445.6,4032079.0
2018-01-15 09:57:51.120551,445.6,445.4,445.6,4031979.0
2018-01-15 09:57:53.226628,445.4,445.4,445.6,4032079.0
2018-01-15 09:57:56.488497,445.4,445.4,445.6,4032079.0
2018-01-15 09:57:58.912081,445.6,445.4,445.6,4033979.0
2018-01-15 09:58:01.170181,445.4,445.4,445.6,4037379.0
2018-01-15 09:58:06.529840,445.4,445.4,445.6,4037379.0
2018-01-15 09:58:08.408398,445.6,445.4,445.6,4045379.0
2018-01-15 09:58:10.210482,445.6,445.4,445.6,4045379.0
2018-01-15 09:58:12.225126,445.6,445.4,445.8,4052479.0
2018-01-15 09:58:17.754139,445.6,445.4,445.8,4052479.0
2018-01-15 09:58:22.064530,445.6,445.4,445.8,4052479.0
2018-01-15 09:58:25.261334,445.4,445.4,445.8,4060081.0
2018-01-15 09:58:27.551902,445.4,445.4,445.8,4057481.0
2018-01-15 09:58:30.509969,445.4,445.4,445.8,4060081.0
2018-01-15 09:58:33.506477,445.4,445.4,445.8,4060081.0
2018-01-15 09:58:36.033642,445.6,445.4,445.6,4062481.0
2018-01-15 09:58:38.492448,445.6,445.4,445.6,4062481.0
2018-01-15 09:58:40.975426,445.6,445.4,445.6,4083481.0
2018-01-15 09:58:43.698060,445.6,445.4,445.6,4083481.0
2018-01-15 09:58:45.266315,445.6,445.4,445.6,4083481.0
2018-01-15 09:58:46.685084,445.6,445.4,445.6,4087381.0
2018-01-15 09:58:48.195914,445.6,445.4,445.6,4087381.0
2018-01-15 09:58:49.689739,445.6,445.4,445.6,4087381.0
2018-01-15 09:58:52.141766,445.6,445.4,445.6,4087381.0
2018-01-15 09:58:53.992706,445.6,445.4,445.6,4087381.0
2018-01-15 09:58:56.153645,445.6,445.4,445.6,4087381.0
2018-01-15 09:58:58.071472,445.6,445.4,445.6,4087381.0
2018-01-15 09:58:59.426887,445.4,445.4,445.6,4089281.0
2018-01-15 09:59:00.823686,445.4,445.4,445.6,4089281.0
2018-01-15 09:59:02.175294,445.4,445.4,445.6,4089281.0
2018-01-15 09:59:03.427414,445.4,445.4,445.6,4089281.0
2018-01-15 09:59:04.929409,445.4,445.4,445.6,4089281.0
2018-01-15 09:59:06.401659,445.6,445.4,445.6,4090681.0
2018-01-15 09:59:07.870294,445.6,445.4,445.6,4090481.0
2018-01-15 09:59:09.281827,445.6,445.4,445.6,4090681.0
2018-01-15 09:59:10.517927,445.6,445.4,445.6,4101281.0
2018-01-15 09:59:15.185539,445.6,445.4,445.6,4101281.0
2018-01-15 09:59:16.611562,445.6,445.4,445.6,4101281.0
2018-01-15 09:59:17.826917,445.6,445.4,445.6,4101281.0
2018-01-15 09:59:19.246406,445.6,445.4,445.6,4101281.0
2018-01-15 09:59:20.752127,445.6,445.4,445.6,4101281.0
2018-01-15 09:59:22.209341,445.6,445.4,445.6,4101281.0
2018-01-15 09:59:23.481294,445.6,445.4,445.6,4101281.0
2018-01-15 09:59:25.271375,445.6,445.4,445.6,4104665.0
2018-01-15 09:59:26.779656,445.4,445.4,445.6,4106065.0
2018-01-15 09:59:28.318634,445.4,445.4,445.6,4106065.0
2018-01-15 09:59:29.886075,445.4,445.4,445.6,4106865.0
2018-01-15 09:59:31.348862,445.4,445.4,445.6,4106865.0
2018-01-15 09:59:33.180841,445.4,445.4,445.6,4106065.0
2018-01-15 09:59:34.522959,445.6,445.4,445.6,4107865.0
2018-01-15 09:59:35.643815,445.4,445.4,445.6,4106865.0
2018-01-15 09:59:37.207043,445.6,445.4,445.6,4107865.0
2018-01-15 09:59:38.573662,445.6,445.4,445.6,4117665.0
2018-01-15 09:59:39.856037,445.6,445.4,445.6,4117665.0
2018-01-15 09:59:41.253763,445.6,445.4,445.6,4118065.0
2018-01-15 09:59:42.511047,445.6,445.4,445.6,4117665.0
2018-01-15 09:59:43.968882,445.6,445.4,445.6,4118065.0
2018-01-15 09:59:45.582381,445.6,445.4,445.6,4118065.0
2018-01-15 09:59:47.050510,445.6,445.4,445.6,4117665.0
2018-01-15 09:59:48.608659,445.8,445.4,445.8,4129365.0
2018-01-15 09:59:49.891425,445.8,445.4,445.8,4129365.0
2018-01-15 09:59:51.392984,445.8,445.4,445.8,4126065.0
2018-01-15 09:59:52.989416,445.8,445.4,445.8,4126065.0
2018-01-15 09:59:54.236016,445.8,445.4,445.8,4129365.0
2018-01-15 09:59:55.867788,445.8,445.4,445.8,4129365.0
2018-01-15 09:59:57.212714,445.8,445.4,445.8,4129365.0
2018-01-15 09:59:58.722167,445.6,445.6,446.0,4133965.0
2018-01-15 10:00:00.213535,445.6,445.6,445.8,4133965.0
2018-01-15 10:00:06.503619,445.4,445.4,445.8,4145665.0
2018-01-15 10:00:11.775694,445.4,445.4,445.8,4145665.0
2018-01-15 10:00:13.252629,445.6,445.4,445.6,4150060.0
2018-01-15 10:00:15.750399,445.6,445.4,445.6,4148765.0
2018-01-15 10:00:16.989700,445.6,445.4,445.6,4150060.0
2018-01-15 10:00:18.452236,445.4,445.4,445.6,4178260.0
2018-01-15 10:00:19.903074,445.4,445.2,445.4,4199060.0
2018-01-15 10:00:21.454640,445.2,445.2,445.4,4205160.0
2018-01-15 10:00:22.761279,445.2,445.2,445.4,4205160.0
2018-01-15 10:00:24.840180,445.2,445.2,445.4,4205160.0
2018-01-15 10:00:26.620839,445.4,445.2,445.4,4206460.0
2018-01-15 10:00:28.206955,445.4,445.2,445.4,4206460.0
2018-01-15 10:00:29.921158,445.4,445.4,445.6,4213260.0
2018-01-15 10:00:31.081591,445.4,445.4,445.6,4213260.0
2018-01-15 10:00:32.295575,445.6,445.4,445.6,4213460.0
2018-01-15 10:00:33.712154,445.4,445.4,445.6,4213260.0
2018-01-15 10:00:35.315304,445.4,445.4,445.6,4213260.0
2018-01-15 10:00:36.838640,445.4,445.4,445.6,4217360.0
2018-01-15 10:00:38.423863,445.4,445.4,445.6,4217360.0
2018-01-15 10:00:40.753611,445.4,445.4,445.6,4217360.0
2018-01-15 10:00:42.087050,445.4,445.4,445.6,4217360.0
2018-01-15 10:00:43.557535,445.6,445.4,445.6,4222460.0
2018-01-15 10:00:44.959470,445.6,445.4,445.6,4222460.0
2018-01-15 10:00:46.383939,445.6,445.4,445.6,4222460.0
2018-01-15 10:00:47.921905,445.6,445.4,445.6,4223060.0
2018-01-15 10:00:49.764328,445.6,445.4,445.6,4222460.0
2018-01-15 10:00:51.147352,445.6,445.4,445.6,4222460.0
2018-01-15 10:00:52.456319,445.6,445.4,445.6,4223060.0
2018-01-15 10:00:53.812128,445.6,445.4,445.6,4222460.0
2018-01-15 10:00:55.356433,445.6,445.4,445.6,4223060.0
2018-01-15 10:00:56.551975,445.6,445.4,445.6,4222460.0
2018-01-15 10:00:58.104404,445.6,445.4,445.6,4222460.0
2018-01-15 10:00:59.568448,445.6,445.4,445.6,4223755.0
2018-01-15 10:01:01.320010,445.6,445.4,445.6,4223060.0
2018-01-15 10:01:03.006771,445.6,445.4,445.6,4223755.0
2018-01-15 10:01:05.840773,445.6,445.4,445.6,4223755.0
2018-01-15 10:01:10.165733,445.6,445.4,445.6,4223755.0
2018-01-15 10:01:11.370663,445.6,445.4,445.6,4223755.0
2018-01-15 10:01:15.572502,445.6,445.4,445.6,4231355.0
2018-01-15 10:01:17.107588,445.6,445.6,445.8,4232555.0
2018-01-15 10:01:18.369454,445.4,445.4,445.8,4264955.0
2018-01-15 10:01:19.838785,445.4,445.6,445.8,4264955.0
2018-01-15 10:01:21.075031,445.4,445.6,445.8,4264955.0
2018-01-15 10:01:22.284152,445.4,445.6,445.8,4264955.0
2018-01-15 10:01:24.857416,445.4,445.6,445.8,4264955.0
2018-01-15 10:01:26.524588,445.4,445.6,445.8,4264955.0
2018-01-15 10:01:28.107675,445.4,445.6,445.8,4264955.0
2018-01-15 10:01:29.656012,445.6,445.4,445.6,4268955.0
2018-01-15 10:01:30.986017,445.6,445.4,445.6,4268955.0
2018-01-15 10:01:32.434397,445.6,445.4,445.6,4268955.0
2018-01-15 10:01:33.967793,445.6,445.4,445.6,4268955.0
2018-01-15 10:01:35.454832,445.4,445.4,445.6,4271255.0
2018-01-15 10:01:36.750558,445.6,445.4,445.6,4268955.0
2018-01-15 10:01:38.336739,445.6,445.4,445.6,4268955.0
2018-01-15 10:01:39.704242,445.4,445.4,445.6,4271255.0
2018-01-15 10:01:41.021949,445.4,445.4,445.6,4271255.0
2018-01-15 10:01:42.274136,445.4,445.4,445.6,4271855.0
2018-01-15 10:01:43.517271,445.4,445.4,445.6,4274155.0
2018-01-15 10:01:45.018713,445.4,445.4,445.6,4274255.0
2018-01-15 10:01:46.507108,445.4,445.4,445.6,4274155.0
2018-01-15 10:01:47.984150,445.4,445.4,445.6,4274255.0
2018-01-15 10:01:49.350915,445.4,445.4,445.6,4274255.0
2018-01-15 10:01:50.894351,445.4,445.4,445.6,4274155.0
2018-01-15 10:01:52.470782,445.4,445.4,445.6,4274255.0
2018-01-15 10:01:53.956933,445.4,445.4,445.6,4274155.0
2018-01-15 10:01:55.360279,445.4,445.4,445.6,4274255.0
2018-01-15 10:01:56.797314,445.4,445.4,445.6,4274255.0
2018-01-15 10:01:58.005166,445.4,445.4,445.6,4274155.0
2018-01-15 10:01:59.323076,445.4,445.4,445.6,4274255.0
2018-01-15 10:02:00.478457,445.4,445.4,445.6,4276732.0
2018-01-15 10:02:01.674942,445.4,445.4,445.6,4276732.0
2018-01-15 10:02:02.953015,445.4,445.4,445.6,4276732.0
2018-01-15 10:02:04.263514,445.4,445.4,445.6,4276732.0
2018-01-15 10:02:05.640617,445.4,445.4,445.6,4276732.0
2018-01-15 10:02:07.121925,445.6,445.4,445.6,4279332.0
2018-01-15 10:02:08.514985,445.6,445.4,445.6,4279332.0
2018-01-15 10:02:09.864269,445.6,445.4,445.6,4279332.0
2018-01-15 10:02:11.258964,445.6,445.4,445.6,4279332.0
2018-01-15 10:02:12.808771,445.6,445.4,445.6,4279332.0
2018-01-15 10:02:14.864257,445.6,445.4,445.6,4279332.0
2018-01-15 10:02:16.284594,445.6,445.4,445.6,4279332.0
2018-01-15 10:02:17.661483,445.6,445.4,445.6,4283232.0
2018-01-15 10:02:19.098441,445.6,445.4,445.6,4283232.0
2018-01-15 10:02:20.722842,445.6,445.4,445.6,4283232.0
2018-01-15 10:02:22.023422,445.6,445.4,445.6,4283232.0
2018-01-15 10:02:24.385596,445.6,445.4,445.6,4283232.0
2018-01-15 10:02:26.440751,445.6,445.4,445.6,4283232.0
2018-01-15 10:02:28.442482,445.4,445.4,445.6,4285232.0
2018-01-15 10:02:30.401150,445.4,445.4,445.6,4285232.0
2018-01-15 10:02:32.386484,445.2,445.4,445.6,4351832.0
2018-01-15 10:02:34.407485,445.2,445.2,445.6,4351832.0
2018-01-15 10:02:39.119378,445.4,445.2,445.6,4345832.0
2018-01-15 10:02:41.131369,445.2,445.4,445.6,4353032.0
2018-01-15 10:02:43.220330,445.4,445.4,445.6,4361132.0
2018-01-15 10:02:45.099338,445.4,445.4,445.6,4361132.0
2018-01-15 10:02:47.113743,445.4,445.4,445.6,4359232.0
2018-01-15 10:02:49.185389,445.4,445.4,445.6,4359232.0
2018-01-15 10:02:50.827328,445.6,445.2,445.6,4375732.0
2018-01-15 10:02:52.029171,445.2,445.2,445.6,4376132.0
2018-01-15 10:02:53.482424,445.2,445.2,445.6,4376132.0
2018-01-15 10:02:54.741084,445.6,445.2,445.6,4375732.0
2018-01-15 10:02:55.982286,445.6,445.2,445.6,4375732.0
2018-01-15 10:02:57.278928,445.6,445.2,445.6,4375732.0
2018-01-15 10:02:58.459535,445.6,445.2,445.6,4375732.0
2018-01-15 10:03:00.282391,445.6,445.2,445.6,4375732.0
2018-01-15 10:03:05.869467,445.2,445.2,445.4,4376132.0
2018-01-15 10:03:08.328612,445.4,445.2,445.4,4376932.0
2018-01-15 10:03:09.991931,445.2,445.2,445.4,4376132.0
2018-01-15 10:03:11.540678,445.4,445.2,445.4,4376932.0
2018-01-15 10:03:12.925340,445.2,445.2,445.4,4376132.0
2018-01-15 10:03:16.267180,445.4,445.2,445.4,4376932.0
2018-01-15 10:03:17.777882,445.4,445.2,445.4,4376932.0
2018-01-15 10:03:19.313834,445.2,445.2,445.4,4377782.0
2018-01-15 10:03:21.095707,445.4,445.2,445.4,4378582.0
2018-01-15 10:03:22.746670,445.4,445.2,445.4,4378582.0
2018-01-15 10:03:24.193890,445.2,445.2,445.4,4381182.0
2018-01-15 10:03:25.767384,445.4,445.2,445.6,4398682.0
2018-01-15 10:03:27.230967,445.4,445.2,445.6,4398682.0
2018-01-15 10:03:28.343694,445.2,445.2,445.4,4422482.0
2018-01-15 10:03:29.954222,445.2,445.2,445.4,4422482.0
2018-01-15 10:03:31.295489,445.2,445.2,445.4,4422482.0
2018-01-15 10:03:32.938071,445.2,445.2,445.4,4422482.0
2018-01-15 10:03:34.221095,445.2,445.2,445.4,4439382.0
2018-01-15 10:03:35.641645,445.4,445.2,445.4,4447782.0
2018-01-15 10:03:37.499337,445.2,445.2,445.4,4439382.0
2018-01-15 10:03:39.862745,445.4,445.2,445.4,4447882.0
2018-01-15 10:03:41.398788,445.4,445.2,445.4,4447882.0
2018-01-15 10:03:42.777379,445.4,445.2,445.4,4447882.0
2018-01-15 10:03:44.185391,445.4,445.2,445.4,4447782.0
2018-01-15 10:03:45.439155,445.4,445.2,445.4,4447882.0
2018-01-15 10:03:47.011311,445.4,445.4,445.6,4447882.0
2018-01-15 10:03:48.478472,445.4,445.2,445.6,4492782.0
2018-01-15 10:03:50.046238,445.4,445.4,445.6,4492782.0
2018-01-15 10:03:51.362917,445.4,445.2,445.6,4492782.0
2018-01-15 10:03:52.528229,445.4,445.4,445.6,4492782.0
2018-01-15 10:03:53.751009,445.4,445.4,445.6,4492782.0
2018-01-15 10:03:55.119355,445.4,445.4,445.6,4492782.0
2018-01-15 10:03:56.610937,445.6,445.4,445.8,4550282.0
2018-01-15 10:04:02.594163,445.2,445.4,445.8,4564382.0
2018-01-15 10:04:04.074252,445.6,445.2,445.4,4550282.0
2018-01-15 10:04:05.833784,445.2,445.2,445.4,4564482.0
2018-01-15 10:04:07.104509,445.2,445.2,445.4,4564382.0
2018-01-15 10:04:08.593620,445.2,445.2,445.4,4564482.0
2018-01-15 10:04:10.118323,445.2,445.2,445.4,4564482.0
2018-01-15 10:04:12.629301,445.2,445.2,445.4,4564482.0
2018-01-15 10:04:13.987354,445.4,445.2,445.4,4565882.0
2018-01-15 10:04:15.455464,445.2,445.2,445.4,4564482.0
2018-01-15 10:04:16.942874,445.4,445.2,445.4,4565882.0
2018-01-15 10:04:18.294162,445.4,445.2,445.4,4565882.0
2018-01-15 10:04:19.797229,445.4,445.2,445.4,4565882.0
2018-01-15 10:04:21.195957,445.4,445.2,445.4,4565882.0
2018-01-15 10:04:22.594653,445.4,445.2,445.4,4565882.0
2018-01-15 10:04:24.015872,445.4,445.2,445.4,4565882.0
2018-01-15 10:04:25.515701,445.4,445.2,445.4,4565882.0
2018-01-15 10:04:27.037567,445.4,445.2,445.4,4565882.0
2018-01-15 10:04:28.413942,445.4,445.2,445.4,4639742.0
2018-01-15 10:04:29.831380,445.4,445.2,445.6,4639742.0
2018-01-15 10:04:31.179446,445.4,445.2,445.4,4645942.0
2018-01-15 10:04:32.713034,445.4,445.2,445.6,4645942.0
2018-01-15 10:04:35.276856,445.4,445.2,445.4,4639742.0
2018-01-15 10:04:36.538173,445.2,445.2,445.4,4649442.0
2018-01-15 10:04:37.935275,445.2,445.2,445.4,4649442.0
2018-01-15 10:04:39.173255,445.2,445.2,445.4,4649442.0
2018-01-15 10:04:40.594144,445.2,445.2,445.4,4649442.0
2018-01-15 10:04:41.719239,445.2,445.2,445.4,4649442.0
2018-01-15 10:04:43.233756,445.2,445.2,445.4,4650342.0
2018-01-15 10:04:45.044386,445.2,445.2,445.4,4650342.0
2018-01-15 10:04:46.641234,445.2,445.2,445.4,4650342.0
2018-01-15 10:04:48.078811,445.4,445.2,445.4,4650842.0
2018-01-15 10:04:49.370516,445.4,445.2,445.4,4650842.0
2018-01-15 10:04:50.634009,445.4,445.2,445.4,4650842.0
2018-01-15 10:04:51.800502,445.2,445.2,445.4,4650342.0
2018-01-15 10:04:52.932529,445.4,445.2,445.4,4650842.0
2018-01-15 10:04:54.290240,445.2,445.2,445.4,4650342.0
2018-01-15 10:04:55.616562,445.2,445.2,445.4,4650342.0
2018-01-15 10:04:56.873510,445.4,445.2,445.4,4650842.0
2018-01-15 10:04:58.857881,445.4,445.2,445.4,4650842.0
2018-01-15 10:05:01.833366,445.2,445.2,445.4,4652542.0
2018-01-15 10:05:03.149348,445.2,445.2,445.4,4652542.0
2018-01-15 10:05:04.471304,445.2,445.2,445.4,4652542.0
2018-01-15 10:05:07.054767,445.2,445.2,445.4,4652542.0
2018-01-15 10:05:08.570290,445.2,445.2,445.4,4654342.0
2018-01-15 10:05:09.960466,445.2,445.2,445.4,4654342.0
2018-01-15 10:05:11.283273,445.2,445.2,445.4,4654342.0
2018-01-15 10:05:12.534178,445.2,445.2,445.4,4654342.0
2018-01-15 10:05:14.157708,445.2,445.2,445.4,4653842.0
2018-01-15 10:05:16.278053,445.2,445.2,445.4,4654342.0
2018-01-15 10:05:18.496113,445.2,445.2,445.4,4659142.0
2018-01-15 10:05:19.859571,445.2,445.2,445.4,4659142.0
2018-01-15 10:05:21.312564,445.2,445.2,445.4,4655042.0
2018-01-15 10:05:22.580710,445.2,445.2,445.4,4659142.0
2018-01-15 10:05:24.709551,445.2,445.2,445.4,4659142.0
2018-01-15 10:05:26.434595,445.2,445.2,445.4,4659142.0
2018-01-15 10:05:28.083330,445.2,445.2,445.4,4662142.0
2018-01-15 10:05:29.405862,445.2,445.2,445.4,4662142.0
2018-01-15 10:05:30.810596,445.2,445.2,445.4,4664542.0
2018-01-15 10:05:32.199965,445.2,445.2,445.4,4664542.0
2018-01-15 10:05:33.568049,445.2,445.2,445.4,4664542.0
2018-01-15 10:05:35.106284,445.2,445.2,445.4,4664542.0
2018-01-15 10:05:36.766188,445.2,445.0,445.2,4675542.0
2018-01-15 10:05:38.212394,445.2,445.0,445.2,4675542.0
2018-01-15 10:05:39.490608,445.2,445.0,445.2,4679542.0
2018-01-15 10:05:40.662752,445.2,445.0,445.2,4679542.0
2018-01-15 10:05:42.181556,445.2,445.0,445.2,4679542.0
2018-01-15 10:05:43.730254,445.0,445.0,445.2,4684642.0
2018-01-15 10:05:45.035420,445.0,445.0,445.2,4684642.0
2018-01-15 10:05:46.303578,445.0,445.0,445.2,4686942.0
2018-01-15 10:05:47.721829,445.2,445.0,445.2,4686442.0
2018-01-15 10:05:49.185613,445.0,445.0,445.2,4686942.0
2018-01-15 10:05:50.598058,445.0,445.0,445.2,4686942.0
2018-01-15 10:05:52.216790,445.2,445.0,445.2,4686442.0
2018-01-15 10:05:53.784780,445.0,445.0,445.2,4686942.0
2018-01-15 10:05:55.274971,445.2,445.0,445.2,4686442.0
2018-01-15 10:05:57.130494,445.2,445.2,445.4,4692842.0
2018-01-15 10:05:58.482063,445.2,445.2,445.4,4692842.0
2018-01-15 10:06:00.239023,445.2,445.2,445.4,4692842.0
2018-01-15 10:06:01.633853,445.2,445.2,445.4,4692842.0
2018-01-15 10:06:03.268169,445.2,445.2,445.4,4692842.0
2018-01-15 10:06:04.823500,445.2,445.2,445.4,4692842.0
2018-01-15 10:06:06.355270,445.2,445.2,445.4,4692842.0
2018-01-15 10:06:07.875958,445.2,445.2,445.4,4692842.0
2018-01-15 10:06:09.515438,445.2,445.2,445.4,4695642.0
2018-01-15 10:06:11.654477,445.2,445.2,445.4,4695642.0
2018-01-15 10:06:13.373389,445.2,445.2,445.4,4695142.0
2018-01-15 10:06:14.999873,445.2,445.2,445.4,4698042.0
2018-01-15 10:06:16.546444,445.2,445.2,445.4,4699042.0
2018-01-15 10:06:18.016597,445.2,445.2,445.4,4699042.0
2018-01-15 10:06:19.952209,445.2,445.2,445.4,4698042.0
2018-01-15 10:06:21.455010,445.2,445.2,445.4,4699042.0
2018-01-15 10:06:23.057202,445.2,445.2,445.4,4699042.0
2018-01-15 10:06:24.563447,445.2,445.2,445.4,4699042.0
2018-01-15 10:06:26.096848,445.2,445.2,445.4,4699042.0
2018-01-15 10:06:27.588394,445.2,445.2,445.4,4699042.0
2018-01-15 10:06:29.040664,445.2,445.2,445.4,4699042.0
2018-01-15 10:06:30.471076,445.2,445.2,445.4,4699042.0
2018-01-15 10:06:31.909758,445.2,445.2,445.4,4699042.0
2018-01-15 10:06:33.479079,445.4,445.2,445.4,4700442.0
2018-01-15 10:06:35.071652,445.4,445.2,445.4,4700442.0
2018-01-15 10:06:36.764565,445.2,445.2,445.4,4706042.0
2018-01-15 10:06:39.313056,445.2,445.2,445.4,4706042.0
2018-01-15 10:06:40.808759,445.2,445.2,445.4,4725742.0
2018-01-15 10:06:42.377631,445.2,445.2,445.4,4725742.0
2018-01-15 10:06:43.913580,445.2,445.0,445.2,4728442.0
2018-01-15 10:06:45.340535,445.0,445.0,445.2,4737342.0
2018-01-15 10:06:46.896577,445.0,445.0,445.2,4737342.0
2018-01-15 10:06:49.537185,445.0,445.0,445.2,4737342.0
2018-01-15 10:06:51.212778,445.0,445.0,445.2,4743342.0
2018-01-15 10:06:52.817654,445.0,445.0,445.2,4743342.0
2018-01-15 10:06:54.569978,445.0,445.0,445.2,4743342.0
2018-01-15 10:06:56.121773,445.0,445.0,445.2,4743342.0
2018-01-15 10:06:57.665244,445.0,445.0,445.2,4743342.0
2018-01-15 10:07:00.088895,445.0,445.0,445.2,4743342.0
2018-01-15 10:07:01.639426,445.0,445.0,445.2,4761542.0
2018-01-15 10:07:03.195304,445.0,445.0,445.2,4761542.0
2018-01-15 10:07:04.735921,445.0,445.0,445.2,4761542.0
2018-01-15 10:07:06.254967,444.8,444.8,445.0,4777942.0
2018-01-15 10:07:08.736322,444.8,444.8,445.0,4787942.0
2018-01-15 10:07:10.254997,444.8,444.8,445.0,4787942.0
2018-01-15 10:07:11.791052,445.0,444.6,445.0,4790942.0
2018-01-15 10:07:13.286908,444.8,444.6,444.8,4790942.0
2018-01-15 10:07:14.853898,444.8,444.6,444.8,4790942.0
2018-01-15 10:07:16.347613,445.0,444.6,445.0,4790942.0
2018-01-15 10:07:17.973156,444.8,444.6,444.8,4791842.0
2018-01-15 10:07:19.498761,444.8,444.6,444.8,4791842.0
2018-01-15 10:07:21.067413,444.8,444.6,444.8,4791942.0
2018-01-15 10:07:22.544974,444.8,444.6,444.8,4799343.0
2018-01-15 10:07:24.080631,444.8,444.6,444.8,4799343.0
2018-01-15 10:07:25.637717,444.6,444.6,444.8,4800343.0
2018-01-15 10:07:27.253309,444.6,444.6,444.8,4800343.0
2018-01-15 10:07:28.754900,444.8,444.6,444.8,4800443.0
2018-01-15 10:07:30.092359,444.8,444.6,444.8,4800443.0
2018-01-15 10:07:31.373497,444.6,444.6,444.8,4800343.0
2018-01-15 10:07:32.734033,444.6,444.6,444.8,4800343.0
2018-01-15 10:07:34.091249,444.8,444.6,444.8,4813443.0
2018-01-15 10:07:35.558255,444.8,444.6,444.8,4813443.0
2018-01-15 10:07:37.031263,444.8,444.8,445.0,4813243.0
2018-01-15 10:07:38.316713,445.0,444.8,445.0,4815943.0
2018-01-15 10:07:39.470642,445.0,444.8,445.0,4815943.0
2018-01-15 10:07:40.740722,445.0,444.8,445.0,4815943.0
2018-01-15 10:07:42.463634,445.0,444.8,445.0,4815943.0
2018-01-15 10:07:43.869218,445.0,444.8,445.0,4815943.0
2018-01-15 10:07:45.336018,445.0,444.8,445.0,4815943.0
2018-01-15 10:07:46.927608,445.0,444.8,445.0,4815943.0
2018-01-15 10:07:48.235210,445.0,444.8,445.0,4815943.0
2018-01-15 10:07:49.416338,445.0,444.8,445.0,4815943.0
2018-01-15 10:07:50.761409,445.0,444.8,445.0,4817343.0
2018-01-15 10:07:52.151222,445.0,444.8,445.0,4817343.0
2018-01-15 10:07:53.894049,444.8,444.8,445.0,4816843.0
2018-01-15 10:07:55.517471,445.0,444.8,445.0,4817343.0
2018-01-15 10:07:56.720701,444.8,444.8,445.0,4818143.0
2018-01-15 10:07:58.241093,444.8,444.8,445.0,4818143.0
2018-01-15 10:07:59.429275,445.0,444.8,445.0,4818643.0
2018-01-15 10:08:00.804226,445.0,444.8,445.0,4818643.0
2018-01-15 10:08:02.039609,445.0,444.8,445.0,4818643.0
2018-01-15 10:08:03.632418,445.0,444.8,445.0,4819843.0
2018-01-15 10:08:05.037455,445.0,444.8,445.0,4819843.0
2018-01-15 10:08:10.114688,445.0,444.8,445.0,4819843.0
2018-01-15 10:08:14.119564,445.0,444.8,445.0,4844543.0
2018-01-15 10:08:15.458168,445.2,444.8,445.0,4845743.0
2018-01-15 10:08:16.573866,445.2,445.0,445.2,4845743.0
2018-01-15 10:08:17.854197,445.2,445.0,445.2,4845743.0
2018-01-15 10:08:19.114643,445.2,445.0,445.2,4845743.0
2018-01-15 10:08:20.531442,445.2,445.0,445.2,4845743.0
2018-01-15 10:08:21.865075,445.2,445.0,445.2,4845743.0
2018-01-15 10:08:23.258717,445.2,445.0,445.2,4845743.0
2018-01-15 10:08:24.772045,445.2,445.0,445.2,4847743.0
2018-01-15 10:08:26.232647,445.2,445.0,445.2,4847743.0
2018-01-15 10:08:27.599226,445.2,445.0,445.2,4851543.0
2018-01-15 10:08:28.979491,445.2,445.0,445.2,4851543.0
2018-01-15 10:08:30.452685,445.2,445.0,445.2,4851543.0
2018-01-15 10:08:31.602719,445.2,445.0,445.2,4851243.0
2018-01-15 10:08:32.790150,445.4,445.0,445.4,4853843.0
2018-01-15 10:08:34.242451,445.4,445.0,445.4,4853843.0
2018-01-15 10:08:35.527037,445.4,445.0,445.4,4853843.0
2018-01-15 10:08:36.852047,445.4,445.0,445.4,4853843.0
2018-01-15 10:08:38.412249,445.4,445.0,445.4,4853843.0
2018-01-15 10:08:39.716909,445.0,445.0,445.2,4854743.0
2018-01-15 10:08:41.204350,445.0,445.0,445.2,4854743.0
2018-01-15 10:08:42.742503,445.0,445.0,445.2,4854743.0
2018-01-15 10:08:44.052993,445.0,445.0,445.2,4856443.0
2018-01-15 10:08:45.434962,445.0,445.0,445.2,4856443.0
2018-01-15 10:08:46.723409,445.2,445.0,445.2,4858243.0
2018-01-15 10:08:47.915569,445.0,445.0,445.2,4857643.0
2018-01-15 10:08:49.946562,445.0,445.0,445.2,4857643.0
2018-01-15 10:08:51.225564,445.0,445.0,445.2,4857643.0
2018-01-15 10:08:53.993708,445.2,445.0,445.2,4860243.0
2018-01-15 10:08:55.474603,445.2,445.0,445.2,4860243.0
2018-01-15 10:08:56.929783,445.4,445.0,445.4,4862043.0
2018-01-15 10:08:58.283477,445.4,445.0,445.4,4862043.0
2018-01-15 10:08:59.565275,445.4,445.0,445.4,4862043.0
2018-01-15 10:09:00.973273,445.4,445.0,445.4,4862043.0
2018-01-15 10:09:02.071477,445.4,445.0,445.4,4862043.0
2018-01-15 10:09:03.360986,445.4,445.0,445.4,4862043.0
2018-01-15 10:09:04.788834,445.0,445.0,445.2,4863643.0
2018-01-15 10:09:06.335915,445.2,445.0,445.2,4863043.0
2018-01-15 10:09:07.824740,445.2,445.0,445.2,4863043.0
2018-01-15 10:09:09.819881,445.2,445.0,445.2,4863043.0
2018-01-15 10:09:11.172206,445.2,445.0,445.2,4864443.0
2018-01-15 10:09:12.418359,445.2,445.0,445.2,4864643.0
2018-01-15 10:09:13.706662,445.2,445.0,445.2,4864443.0
2018-01-15 10:09:15.084776,445.2,445.0,445.2,4864643.0
2018-01-15 10:09:16.678176,445.2,445.2,445.4,4867443.0
2018-01-15 10:09:18.042282,445.2,445.2,445.4,4867443.0
2018-01-15 10:09:19.201651,445.4,445.2,445.4,4867743.0
2018-01-15 10:09:20.688415,445.4,445.2,445.4,4868543.0
2018-01-15 10:09:22.271139,445.4,445.2,445.4,4867743.0
2018-01-15 10:09:23.446792,445.4,445.2,445.4,4868543.0
2018-01-15 10:09:24.771781,445.4,445.2,445.4,4867743.0
2018-01-15 10:09:26.236693,445.4,445.2,445.4,4868543.0
2018-01-15 10:09:27.606414,445.4,445.2,445.4,4868543.0
2018-01-15 10:09:29.075263,445.4,445.2,445.4,4868543.0
2018-01-15 10:09:30.479333,445.2,445.2,445.4,4870143.0
2018-01-15 10:09:31.634610,445.2,445.2,445.4,4870143.0
2018-01-15 10:09:32.959004,445.2,445.2,445.4,4870143.0
2018-01-15 10:09:34.432417,445.2,445.2,445.4,4870143.0
2018-01-15 10:09:35.757478,445.4,445.2,445.4,4870243.0
2018-01-15 10:09:37.327261,445.4,445.2,445.4,4870243.0
2018-01-15 10:09:38.752014,445.2,445.2,445.4,4872043.0
2018-01-15 10:09:40.312436,445.4,445.2,445.4,4870243.0
2018-01-15 10:09:41.852081,445.2,445.2,445.4,4872043.0
2018-01-15 10:09:43.389000,445.2,445.2,445.4,4872043.0
2018-01-15 10:09:44.844229,445.4,445.2,445.4,4872743.0
2018-01-15 10:09:46.119380,445.4,445.2,445.4,4872743.0
2018-01-15 10:09:47.377244,445.2,445.2,445.4,4872643.0
2018-01-15 10:09:48.804181,445.2,445.2,445.4,4872643.0
2018-01-15 10:09:50.187325,445.2,445.2,445.4,4872643.0
2018-01-15 10:09:51.559513,445.2,445.2,445.4,4872643.0
2018-01-15 10:09:52.974946,445.4,445.2,445.4,4876843.0
2018-01-15 10:09:54.396663,445.4,445.2,445.4,4876843.0
2018-01-15 10:09:55.944607,445.4,445.2,445.4,4876843.0
2018-01-15 10:09:57.338886,445.2,445.2,445.4,4877743.0
2018-01-15 10:09:58.763969,445.2,445.2,445.4,4877743.0
2018-01-15 10:10:00.247174,445.2,445.2,445.4,4877743.0
2018-01-15 10:10:01.800433,445.2,445.2,445.4,4877743.0
2018-01-15 10:10:03.341234,445.4,445.2,445.4,4881743.0
2018-01-15 10:10:04.771912,445.4,445.2,445.4,4881743.0
2018-01-15 10:10:07.065988,445.4,445.2,445.4,4881743.0
2018-01-15 10:10:09.589105,445.4,445.2,445.4,4881743.0
2018-01-15 10:10:10.985702,445.4,445.2,445.4,4884643.0
2018-01-15 10:10:12.518207,445.2,445.2,445.4,4884443.0
2018-01-15 10:10:14.196576,445.2,445.2,445.4,4884443.0
2018-01-15 10:10:17.094605,445.2,445.2,445.4,4884443.0
2018-01-15 10:10:18.420746,445.4,445.2,445.4,4884643.0
2018-01-15 10:10:19.983738,445.4,445.2,445.4,4884643.0
2018-01-15 10:10:21.335018,445.4,445.2,445.4,4884643.0
2018-01-15 10:10:22.968183,445.2,445.2,445.4,4890343.0
2018-01-15 10:10:24.193779,445.2,445.2,445.4,4890343.0
2018-01-15 10:10:25.853300,445.2,445.2,445.4,4890343.0
2018-01-15 10:10:27.333676,445.2,445.2,445.4,4896843.0
2018-01-15 10:10:28.933540,445.2,445.2,445.4,4896843.0
2018-01-15 10:10:30.234670,445.2,445.2,445.4,4896843.0
2018-01-15 10:10:31.927701,445.2,445.2,445.4,4896843.0
2018-01-15 10:10:33.520824,445.2,445.2,445.4,4896843.0
2018-01-15 10:10:34.985246,445.2,445.2,445.4,4898943.0
2018-01-15 10:10:36.166916,445.2,445.2,445.4,4898943.0
2018-01-15 10:10:37.504092,445.2,445.2,445.4,4898943.0
2018-01-15 10:10:38.942960,445.4,445.2,445.4,4899143.0
2018-01-15 10:10:40.551526,445.4,445.2,445.4,4899143.0
2018-01-15 10:10:41.812377,445.4,445.2,445.4,4900743.0
2018-01-15 10:10:43.240383,445.4,445.2,445.4,4900743.0
2018-01-15 10:10:44.866302,445.4,445.2,445.4,4900743.0
2018-01-15 10:10:46.294518,445.4,445.2,445.4,4900743.0
2018-01-15 10:10:47.606787,445.4,445.2,445.4,4902043.0
2018-01-15 10:10:49.254601,445.4,445.2,445.4,4902043.0
2018-01-15 10:10:50.597996,445.4,445.2,445.4,4902043.0
2018-01-15 10:10:52.000759,445.2,445.2,445.4,4903143.0
2018-01-15 10:10:53.359820,445.2,445.2,445.4,4904143.0
2018-01-15 10:10:54.773051,445.2,445.2,445.4,4904143.0
2018-01-15 10:10:56.151847,445.2,445.2,445.4,4904143.0
2018-01-15 10:10:57.684580,445.2,445.2,445.4,4904143.0
2018-01-15 10:11:00.020331,445.2,445.2,445.4,4906543.0
2018-01-15 10:11:01.480015,445.2,445.2,445.4,4906543.0
2018-01-15 10:11:02.909266,445.2,445.2,445.4,4907343.0
2018-01-15 10:11:04.246663,445.2,445.2,445.4,4906543.0
2018-01-15 10:11:05.606044,445.2,445.2,445.4,4906543.0
2018-01-15 10:11:07.040093,445.2,445.2,445.4,4907343.0
2018-01-15 10:11:08.541194,445.2,445.2,445.4,4907343.0
2018-01-15 10:11:10.183179,445.2,445.2,445.4,4906543.0
2018-01-15 10:11:11.504513,445.4,445.2,445.4,4909143.0
2018-01-15 10:11:12.802334,445.4,445.2,445.4,4909143.0
2018-01-15 10:11:14.044038,445.4,445.2,445.4,4909143.0
2018-01-15 10:11:15.656769,445.2,445.2,445.4,4915243.0
2018-01-15 10:11:17.045962,445.4,445.2,445.4,4909143.0
2018-01-15 10:11:18.462127,445.4,445.2,445.4,4909143.0
2018-01-15 10:11:19.819305,445.4,445.2,445.4,4909143.0
2018-01-15 10:11:21.285360,445.4,445.2,445.4,4916343.0
2018-01-15 10:11:22.738347,445.4,445.2,445.4,4916343.0
2018-01-15 10:11:25.045201,445.4,445.2,445.4,4916343.0
2018-01-15 10:11:26.410084,445.4,445.2,445.4,4916343.0
2018-01-15 10:11:27.838000,445.4,445.2,445.4,4916343.0
2018-01-15 10:11:29.173620,445.4,445.2,445.4,4916343.0
2018-01-15 10:11:30.623257,445.4,445.2,445.4,4926243.0
2018-01-15 10:11:32.094466,445.4,445.2,445.4,4926943.0
2018-01-15 10:11:33.549697,445.4,445.2,445.4,4926243.0
2018-01-15 10:11:34.822832,445.4,445.2,445.4,4926243.0
2018-01-15 10:11:36.192737,445.4,445.2,445.4,4926943.0
2018-01-15 10:11:37.775005,445.4,445.2,445.4,4926243.0
2018-01-15 10:11:39.756384,445.4,445.2,445.4,4926943.0
2018-01-15 10:11:41.106447,445.4,445.2,445.4,4926243.0
2018-01-15 10:11:42.410171,445.4,445.2,445.4,4928343.0
2018-01-15 10:11:43.902563,445.4,445.2,445.4,4928343.0
2018-01-15 10:11:45.327240,445.4,445.2,445.4,4928343.0
2018-01-15 10:11:46.756072,445.4,445.2,445.4,4928343.0
2018-01-15 10:11:48.208363,445.4,445.2,445.4,4928343.0
2018-01-15 10:11:49.530439,445.4,445.2,445.4,4928343.0
2018-01-15 10:11:50.892069,445.4,445.2,445.4,4928343.0
2018-01-15 10:11:52.473602,445.4,445.2,445.4,4928343.0
2018-01-15 10:11:53.808517,445.4,445.2,445.4,5003743.0
2018-01-15 10:11:55.276594,445.4,445.2,445.4,5003743.0
2018-01-15 10:11:57.544598,445.4,445.4,445.8,5012043.0
2018-01-15 10:11:58.933642,445.4,445.4,445.8,5012043.0
2018-01-15 10:12:00.460836,445.4,445.4,445.8,5014643.0
2018-01-15 10:12:01.966628,445.4,445.4,445.8,5014643.0
2018-01-15 10:12:03.450120,445.4,445.4,445.8,5014643.0
2018-01-15 10:12:04.940501,445.4,445.4,445.8,5014643.0
2018-01-15 10:12:06.417139,445.4,445.4,445.8,5014643.0
2018-01-15 10:12:07.765778,445.4,445.4,445.8,5014643.0
2018-01-15 10:12:09.791563,445.4,445.4,445.6,5019843.0
2018-01-15 10:12:11.233816,445.4,445.4,445.6,5019943.0
2018-01-15 10:12:12.822813,445.4,445.4,445.6,5019943.0
2018-01-15 10:12:14.306912,445.4,445.4,445.6,5019943.0
2018-01-15 10:12:15.603174,445.6,445.6,445.8,5028943.0
2018-01-15 10:12:16.971904,445.6,445.6,445.8,5028943.0
2018-01-15 10:12:18.405612,445.6,445.6,445.8,5028943.0
2018-01-15 10:12:19.706379,445.6,445.6,445.8,5031643.0
2018-01-15 10:12:21.104053,445.6,445.6,445.8,5031643.0
2018-01-15 10:12:22.302588,445.6,445.4,445.8,5035443.0
2018-01-15 10:12:23.784721,445.4,445.4,445.8,5034943.0
2018-01-15 10:12:25.105696,445.4,445.4,445.8,5034943.0
2018-01-15 10:12:26.452664,445.6,445.4,445.8,5035443.0
2018-01-15 10:12:28.942023,445.4,445.4,445.8,5038643.0
2018-01-15 10:12:30.189901,445.4,445.4,445.8,5038643.0
2018-01-15 10:12:31.517804,445.4,445.4,445.8,5038643.0
2018-01-15 10:12:32.758714,445.4,445.4,445.8,5039343.0
2018-01-15 10:12:34.994544,445.4,445.4,445.8,5039343.0
2018-01-15 10:12:36.394557,445.4,445.4,445.8,5061443.0
2018-01-15 10:12:37.664945,445.4,445.4,445.8,5061443.0
2018-01-15 10:12:39.962744,445.4,445.4,445.8,5061443.0
2018-01-15 10:12:41.212956,445.6,445.4,445.6,5062743.0
2018-01-15 10:12:42.464210,445.8,445.4,445.6,5067643.0
2018-01-15 10:12:43.687108,445.6,445.4,445.6,5062743.0
2018-01-15 10:12:45.324934,445.6,445.4,445.8,5074343.0
2018-01-15 10:12:46.857954,445.8,445.4,445.8,5067643.0
2018-01-15 10:12:48.545191,445.6,445.4,445.8,5074343.0
2018-01-15 10:12:50.330960,445.8,445.4,445.8,5075743.0
2018-01-15 10:12:51.738826,445.6,445.4,445.8,5074343.0
2018-01-15 10:12:52.923940,445.6,445.4,445.8,5074343.0
2018-01-15 10:12:54.288272,445.6,445.4,445.8,5074343.0
2018-01-15 10:12:55.446099,445.8,445.4,445.8,5075743.0
2018-01-15 10:12:57.101063,445.8,445.4,445.8,5075743.0
2018-01-15 10:12:58.351050,445.6,445.4,445.8,5074343.0
2018-01-15 10:12:59.718418,445.8,445.6,445.8,5075743.0
2018-01-15 10:13:01.238799,445.6,445.6,445.8,5076043.0
2018-01-15 10:13:02.793477,445.6,445.6,445.8,5076043.0
2018-01-15 10:13:04.927971,445.6,445.6,445.8,5076043.0
2018-01-15 10:13:10.743859,445.6,445.6,445.8,5082443.0
2018-01-15 10:13:13.223445,445.6,445.6,445.8,5083943.0
2018-01-15 10:13:16.266391,445.6,445.6,445.8,5084443.0
2018-01-15 10:13:17.835235,445.6,445.6,445.8,5085843.0
2018-01-15 10:13:19.007251,445.6,445.4,445.6,5086643.0
2018-01-15 10:13:20.534799,445.6,445.4,445.8,5088443.0
2018-01-15 10:13:21.779242,445.6,445.4,445.8,5088443.0
2018-01-15 10:13:22.945496,445.6,445.4,445.6,5086643.0
2018-01-15 10:13:24.352033,445.6,445.4,445.8,5086643.0
2018-01-15 10:13:25.750535,445.6,445.4,445.6,5088443.0
2018-01-15 10:13:26.996639,445.4,445.4,445.8,5093243.0
2018-01-15 10:13:28.321300,445.4,445.4,445.8,5093243.0
2018-01-15 10:13:29.730997,445.4,445.4,445.8,5093243.0
2018-01-15 10:13:30.985591,445.4,445.4,445.8,5093243.0
2018-01-15 10:13:32.226818,445.4,445.4,445.8,5093243.0
2018-01-15 10:13:33.646128,445.8,445.4,445.8,5093843.0
2018-01-15 10:13:35.073565,445.4,445.6,445.8,5093243.0
2018-01-15 10:13:36.413749,445.8,445.6,445.8,5093843.0
2018-01-15 10:13:37.950499,445.6,445.6,445.8,5095243.0
2018-01-15 10:13:39.296106,445.6,445.6,445.8,5097243.0
2018-01-15 10:13:40.639575,445.6,445.6,445.8,5100743.0
2018-01-15 10:13:42.162204,445.6,445.4,445.8,5101643.0
2018-01-15 10:13:43.675520,445.6,445.4,445.8,5101643.0
2018-01-15 10:13:44.988299,445.4,445.4,445.8,5105943.0
2018-01-15 10:13:46.501462,445.6,445.4,445.6,5101643.0
2018-01-15 10:13:47.871760,445.6,445.6,445.8,5109143.0
2018-01-15 10:13:49.143948,445.6,445.6,445.8,5109143.0
2018-01-15 10:13:50.327109,445.4,445.6,445.8,5105943.0
2018-01-15 10:13:51.743198,445.6,445.4,445.6,5109143.0
2018-01-15 10:13:53.165192,445.6,445.6,445.8,5109143.0
2018-01-15 10:13:54.794852,445.6,445.6,445.8,5109143.0
2018-01-15 10:13:56.266174,445.6,445.6,445.8,5109143.0
2018-01-15 10:13:58.183031,445.4,445.4,445.6,5105943.0
2018-01-15 10:13:59.615158,445.6,445.6,445.8,5110743.0
2018-01-15 10:14:01.119802,445.6,445.6,445.8,5110743.0
2018-01-15 10:14:02.607207,445.6,445.6,445.8,5110943.0
2018-01-15 10:14:03.773016,445.6,445.6,445.8,5110943.0
2018-01-15 10:14:05.052375,445.6,445.6,445.8,5110943.0
2018-01-15 10:14:06.373795,445.6,445.6,445.8,5110943.0
2018-01-15 10:14:07.578707,445.6,445.6,445.8,5110743.0
2018-01-15 10:14:08.970096,445.6,445.6,445.8,5110943.0
2018-01-15 10:14:10.147620,445.6,445.6,445.8,5110743.0
2018-01-15 10:14:11.645596,445.6,445.6,445.8,5112243.0
2018-01-15 10:14:13.233960,445.6,445.6,445.8,5112243.0
2018-01-15 10:14:14.646406,445.6,445.6,445.8,5112243.0
2018-01-15 10:14:16.009642,445.6,445.6,445.8,5114843.0
2018-01-15 10:14:17.444427,445.6,445.6,445.8,5114843.0
2018-01-15 10:14:18.842866,445.6,445.6,445.8,5114843.0
2018-01-15 10:14:20.050606,445.6,445.6,445.8,5114843.0
2018-01-15 10:14:21.688769,445.6,445.6,445.8,5114843.0
2018-01-15 10:14:23.226865,445.8,445.6,445.8,5116943.0
2018-01-15 10:14:25.201869,445.8,445.6,445.8,5116943.0
2018-01-15 10:14:26.708459,445.8,445.6,445.8,5116943.0
2018-01-15 10:14:28.131008,445.8,445.6,445.8,5116943.0
2018-01-15 10:14:29.464775,445.8,445.6,445.8,5116943.0
2018-01-15 10:14:30.865733,445.8,445.6,445.8,5116943.0
2018-01-15 10:14:32.345976,445.8,445.6,445.8,5116943.0
2018-01-15 10:14:33.615999,445.8,445.6,445.8,5116943.0
2018-01-15 10:14:35.012900,445.8,445.6,445.8,5116943.0
2018-01-15 10:14:36.269857,445.8,445.6,445.8,5116943.0
2018-01-15 10:14:37.857256,445.8,445.6,445.8,5116943.0
2018-01-15 10:14:39.217068,445.8,445.6,445.8,5119049.0
2018-01-15 10:14:40.677510,445.8,445.6,445.8,5119049.0
2018-01-15 10:14:42.160644,445.8,445.6,445.8,5119049.0
2018-01-15 10:14:43.621733,445.8,445.6,445.8,5119049.0
2018-01-15 10:14:44.952901,445.8,445.6,445.8,5119049.0
2018-01-15 10:14:46.551233,445.8,445.6,445.8,5119049.0
2018-01-15 10:14:47.913455,445.6,445.6,445.8,5125149.0
2018-01-15 10:14:49.363198,445.6,445.6,445.8,5125149.0
2018-01-15 10:14:51.085272,445.6,445.6,445.8,5125149.0
2018-01-15 10:14:52.609789,445.6,445.6,445.8,5128749.0
2018-01-15 10:14:54.000352,445.6,445.6,445.8,5128749.0
2018-01-15 10:14:55.311426,445.6,445.6,445.8,5129349.0
2018-01-15 10:14:56.800814,445.6,445.6,445.8,5129349.0
2018-01-15 10:14:58.331918,445.6,445.6,445.8,5129349.0
2018-01-15 10:14:59.828457,445.6,445.6,445.8,5129349.0
2018-01-15 10:15:01.182911,445.6,445.6,445.8,5129349.0
2018-01-15 10:15:02.503056,445.6,445.6,445.8,5128749.0
2018-01-15 10:15:03.918400,445.6,445.6,445.8,5128749.0
2018-01-15 10:15:05.265840,445.6,445.6,445.8,5128749.0
2018-01-15 10:15:06.505473,445.6,445.6,445.8,5133349.0
2018-01-15 10:15:07.685736,445.6,445.6,445.8,5133249.0
2018-01-15 10:15:08.990072,445.6,445.6,445.8,5149049.0
2018-01-15 10:15:10.679999,445.6,445.6,445.8,5149649.0
2018-01-15 10:15:12.093828,445.6,445.6,445.8,5149049.0
2018-01-15 10:15:13.790268,445.6,445.4,445.8,5149649.0
2018-01-15 10:15:15.143988,445.6,445.4,445.8,5149649.0
2018-01-15 10:15:16.356449,445.6,445.6,445.8,5149649.0
2018-01-15 10:15:17.578969,445.6,445.4,445.8,5151749.0
2018-01-15 10:15:18.947351,445.6,445.4,445.8,5151749.0
2018-01-15 10:15:20.479622,445.6,445.4,445.6,5151749.0
2018-01-15 10:15:21.869271,445.6,445.6,445.8,5158544.0
2018-01-15 10:15:23.454340,445.6,445.6,445.8,5158544.0
2018-01-15 10:15:24.817318,445.6,445.6,445.8,5158544.0
2018-01-15 10:15:26.206061,445.6,445.6,445.8,5158544.0
2018-01-15 10:15:27.464088,445.6,445.6,445.8,5158544.0
2018-01-15 10:15:28.701039,445.6,445.6,445.8,5158544.0
2018-01-15 10:15:30.186362,445.6,445.4,445.6,5158544.0
2018-01-15 10:15:31.742353,445.6,445.4,445.6,5169144.0
2018-01-15 10:15:33.392289,445.6,445.4,445.6,5169944.0
2018-01-15 10:15:34.602467,445.6,445.4,445.6,5169144.0
2018-01-15 10:15:36.262551,445.4,445.4,445.8,5171844.0
2018-01-15 10:15:37.567404,445.4,445.4,445.8,5171844.0
2018-01-15 10:15:39.005410,445.4,445.4,445.8,5171844.0
2018-01-15 10:15:40.248440,445.4,445.4,445.8,5171844.0
2018-01-15 10:15:41.779609,445.4,445.4,445.8,5171844.0
2018-01-15 10:15:43.057699,445.4,445.4,445.8,5171844.0
2018-01-15 10:15:44.497634,445.4,445.4,445.8,5171844.0
2018-01-15 10:15:45.985244,445.4,445.4,445.8,5171844.0
2018-01-15 10:15:47.383278,445.8,445.4,445.8,5172144.0
2018-01-15 10:15:48.580067,445.8,445.4,445.8,5173744.0
2018-01-15 10:15:49.827232,445.8,445.4,445.8,5173744.0
2018-01-15 10:15:51.136654,445.4,445.4,445.8,5173844.0
2018-01-15 10:15:52.545738,445.8,445.4,445.8,5173744.0
2018-01-15 10:15:53.820976,445.6,445.6,445.8,5176044.0
2018-01-15 10:15:55.060348,445.8,445.6,445.8,5175844.0
2018-01-15 10:15:56.696392,445.8,445.6,445.8,5175844.0
2018-01-15 10:15:58.103354,445.8,445.6,445.8,5175844.0
2018-01-15 10:15:59.624748,445.6,445.6,445.8,5177644.0
2018-01-15 10:16:01.063244,445.6,445.6,445.8,5210644.0
2018-01-15 10:16:02.448590,445.6,445.6,445.8,5177644.0
2018-01-15 10:16:03.788077,445.6,445.6,445.8,5210644.0
2018-01-15 10:16:05.148677,445.6,445.6,445.8,5177644.0
2018-01-15 10:16:10.104397,445.8,445.6,445.8,5217844.0
2018-01-15 10:16:11.537104,445.8,445.6,445.8,5217844.0
2018-01-15 10:16:13.142735,445.8,445.6,445.8,5235544.0
2018-01-15 10:16:14.392697,445.8,445.6,445.8,5239444.0
2018-01-15 10:16:15.830867,445.8,445.8,446.0,5239444.0
2018-01-15 10:16:17.181137,445.8,445.6,445.8,5239444.0
2018-01-15 10:16:18.570733,445.8,445.8,446.0,5251444.0
2018-01-15 10:16:19.913614,445.8,445.8,446.0,5241544.0
2018-01-15 10:16:21.245682,445.8,445.8,446.0,5241544.0
2018-01-15 10:16:22.667770,445.8,445.6,446.0,5255644.0
2018-01-15 10:16:24.016046,445.8,445.8,446.0,5255644.0
2018-01-15 10:16:25.686749,445.8,445.8,446.0,5255644.0
2018-01-15 10:16:27.248523,445.6,445.8,446.0,5261244.0
2018-01-15 10:16:28.597246,445.8,445.6,445.8,5267644.0
2018-01-15 10:16:29.863444,445.6,445.6,445.8,5268044.0
2018-01-15 10:16:32.511719,445.6,445.6,445.8,5268044.0
2018-01-15 10:16:33.622464,445.6,445.6,445.8,5268044.0
2018-01-15 10:16:35.106101,445.6,445.6,446.0,5275644.0
2018-01-15 10:16:36.654156,445.6,445.6,446.0,5275644.0
2018-01-15 10:16:38.036823,445.6,445.6,446.0,5275644.0
2018-01-15 10:16:39.271095,445.6,445.6,446.0,5275644.0
2018-01-15 10:16:40.854791,445.6,445.6,446.0,5275644.0
2018-01-15 10:16:42.511653,445.6,445.6,446.0,5275644.0
2018-01-15 10:16:43.791125,445.6,445.6,446.0,5275644.0
2018-01-15 10:16:45.313323,445.6,445.6,446.0,5275644.0
2018-01-15 10:16:46.720811,445.6,445.6,446.0,5275644.0
2018-01-15 10:16:47.929932,445.6,445.6,446.0,5275644.0
2018-01-15 10:16:49.345756,445.6,445.6,446.0,5275644.0
2018-01-15 10:16:50.598975,445.6,445.6,446.0,5275644.0
2018-01-15 10:16:52.032058,445.6,445.6,446.0,5275644.0
2018-01-15 10:16:53.501767,445.6,445.6,446.0,5275644.0
2018-01-15 10:16:55.070524,445.6,445.6,446.0,5275644.0
2018-01-15 10:16:56.416142,445.6,445.6,445.8,5282944.0
2018-01-15 10:16:57.748701,445.6,445.6,445.8,5282944.0
2018-01-15 10:16:59.035396,445.6,445.6,445.8,5282944.0
2018-01-15 10:17:00.301254,445.6,445.6,445.8,5282944.0
2018-01-15 10:17:01.597759,445.6,445.6,445.8,5282944.0
2018-01-15 10:17:03.591613,445.6,445.6,445.8,5282944.0
2018-01-15 10:17:04.820098,445.6,445.6,445.8,5285344.0
2018-01-15 10:17:06.416273,445.6,445.6,445.8,5285344.0
2018-01-15 10:17:12.504937,445.6,445.6,445.8,5285344.0
2018-01-15 10:17:14.071351,445.6,445.6,445.8,5285444.0
2018-01-15 10:17:15.522873,445.6,445.6,445.8,5286344.0
2018-01-15 10:17:16.805937,445.6,445.6,445.8,5286344.0
2018-01-15 10:17:18.379292,445.6,445.6,445.8,5286644.0
2018-01-15 10:17:19.574374,445.6,445.6,445.8,5286344.0
2018-01-15 10:17:20.904316,445.6,445.6,445.8,5288544.0
2018-01-15 10:17:22.372974,445.6,445.6,445.8,5286344.0
2018-01-15 10:17:23.536460,445.6,445.6,445.8,5286344.0
2018-01-15 10:17:25.170823,445.6,445.6,445.8,5286344.0
2018-01-15 10:17:27.305826,445.6,445.6,445.8,5288544.0
2018-01-15 10:17:28.625277,445.6,445.6,445.8,5290844.0
2018-01-15 10:17:30.290349,445.6,445.6,445.8,5290844.0
2018-01-15 10:17:31.480809,445.8,445.6,445.8,5294744.0
2018-01-15 10:17:32.852163,445.6,445.6,445.8,5290844.0
2018-01-15 10:17:34.266763,445.6,445.6,445.8,5290844.0
2018-01-15 10:17:35.506867,445.6,445.6,445.8,5295044.0
2018-01-15 10:17:37.146744,445.6,445.6,445.8,5295044.0
2018-01-15 10:17:38.576102,445.8,445.6,445.8,5294744.0
2018-01-15 10:17:39.952681,445.8,445.6,445.8,5294744.0
2018-01-15 10:17:41.354085,445.6,445.6,445.8,5295044.0
2018-01-15 10:17:42.902195,445.6,445.6,445.8,5295044.0
2018-01-15 10:17:44.431296,445.6,445.6,445.8,5295044.0
2018-01-15 10:17:46.003830,445.6,445.6,445.8,5295044.0
2018-01-15 10:17:47.529802,445.6,445.6,445.8,5311644.0
2018-01-15 10:17:48.706441,445.6,445.6,445.8,5321844.0
2018-01-15 10:17:51.073272,445.6,445.6,445.8,5317744.0
2018-01-15 10:17:52.419824,445.6,445.6,445.8,5317744.0
2018-01-15 10:17:53.982065,445.6,445.4,445.6,5324544.0
2018-01-15 10:17:55.501476,445.6,445.4,445.6,5335944.0
2018-01-15 10:17:57.027156,445.6,445.4,445.6,5335944.0
2018-01-15 10:17:58.345614,445.4,445.4,445.6,5341344.0
2018-01-15 10:17:59.802802,445.4,445.4,445.6,5341344.0
2018-01-15 10:18:01.357995,445.4,445.4,445.6,5341344.0
2018-01-15 10:18:06.242269,445.4,445.4,445.6,5341344.0
2018-01-15 10:18:08.383058,445.6,445.4,445.6,5344344.0
2018-01-15 10:18:09.923888,445.6,445.4,445.6,5344344.0
2018-01-15 10:18:11.564754,445.6,445.6,445.8,5347544.0
2018-01-15 10:18:13.030020,445.6,445.6,445.8,5347544.0
2018-01-15 10:18:15.088257,445.6,445.6,445.8,5347544.0
2018-01-15 10:18:16.780888,445.6,445.6,445.8,5347544.0
2018-01-15 10:18:18.258519,445.6,445.6,445.8,5347544.0
2018-01-15 10:18:19.883793,445.6,445.6,445.8,5347644.0
2018-01-15 10:18:21.510911,445.6,445.6,445.8,5347544.0
2018-01-15 10:18:22.854200,445.6,445.6,445.8,5347544.0
2018-01-15 10:18:24.432772,445.6,445.6,445.8,5347544.0
2018-01-15 10:18:25.721945,445.6,445.6,445.8,5347644.0
2018-01-15 10:18:26.913898,445.6,445.6,445.8,5347544.0
2018-01-15 10:18:28.255034,445.6,445.6,445.8,5347544.0
2018-01-15 10:18:29.851361,445.6,445.6,445.8,5347644.0
2018-01-15 10:18:31.220246,445.8,445.6,445.8,5352844.0
2018-01-15 10:18:32.382359,445.8,445.6,445.8,5352844.0
2018-01-15 10:18:33.972018,445.8,445.6,445.8,5352844.0
2018-01-15 10:18:35.243582,445.8,445.6,445.8,5352844.0
2018-01-15 10:18:36.691403,445.8,445.6,445.8,5353144.0
2018-01-15 10:18:38.282704,445.8,445.6,445.8,5353144.0
2018-01-15 10:18:40.517561,445.8,445.8,446.0,5373544.0
2018-01-15 10:18:41.769293,445.8,445.8,446.0,5373544.0
2018-01-15 10:18:42.722675,445.8,445.8,446.0,5373644.0
2018-01-15 10:18:43.850611,445.8,445.8,446.0,5373544.0
2018-01-15 10:18:44.925332,445.8,445.8,446.0,5373544.0
2018-01-15 10:18:46.013879,445.8,445.8,446.0,5373544.0
2018-01-15 10:18:46.858618,445.6,445.6,446.0,5375444.0
2018-01-15 10:18:47.943139,445.6,445.8,446.0,5375444.0
2018-01-15 10:18:49.579554,445.6,445.8,446.0,5375444.0
2018-01-15 10:18:51.148604,445.6,445.6,446.0,5375444.0
2018-01-15 10:18:52.352953,445.6,445.6,446.0,5375444.0
2018-01-15 10:18:53.573766,445.8,445.6,446.0,5375444.0
2018-01-15 10:18:54.735592,445.6,445.6,446.0,5375444.0
2018-01-15 10:18:55.915194,445.8,445.6,446.0,5375444.0
2018-01-15 10:18:56.855147,445.6,445.8,446.0,5375444.0
2018-01-15 10:18:57.971284,445.6,445.6,446.0,5375444.0
2018-01-15 10:18:59.116496,446.0,445.6,446.0,5376344.0
2018-01-15 10:19:00.396766,446.0,445.6,446.0,5376344.0
2018-01-15 10:19:01.664163,445.8,445.6,446.0,5376044.0
2018-01-15 10:19:03.282044,445.8,445.6,446.0,5376044.0
2018-01-15 10:19:04.621271,445.8,445.6,446.0,5381644.0
2018-01-15 10:19:09.910768,445.8,445.6,446.0,5382292.0
2018-01-15 10:19:11.048349,445.8,445.6,445.8,5382292.0
2018-01-15 10:19:12.079430,445.8,445.6,446.0,5382292.0
2018-01-15 10:19:13.467126,445.8,445.6,446.0,5385092.0
2018-01-15 10:19:14.689279,445.6,445.6,446.0,5392492.0
2018-01-15 10:19:16.008552,445.6,445.6,446.0,5390392.0
2018-01-15 10:19:17.228897,445.6,445.6,446.0,5390392.0
2018-01-15 10:19:18.399918,445.6,445.6,446.0,5390392.0
2018-01-15 10:19:19.568096,445.6,445.6,446.0,5392492.0
2018-01-15 10:19:20.860093,445.6,445.6,446.0,5394992.0
2018-01-15 10:19:22.150704,445.6,445.6,446.0,5392492.0
2018-01-15 10:19:23.306531,445.6,445.6,446.0,5394992.0
2018-01-15 10:19:24.525284,445.6,445.6,445.8,5394992.0
2018-01-15 10:19:25.784751,445.6,445.6,445.8,5394992.0
2018-01-15 10:19:27.016433,445.8,445.6,445.8,5397492.0
2018-01-15 10:19:28.183689,445.6,445.6,445.8,5394992.0
2018-01-15 10:19:29.515196,445.8,445.6,445.8,5397492.0
2018-01-15 10:19:30.739743,445.6,445.6,445.8,5394992.0
2018-01-15 10:19:31.853044,445.6,445.6,445.8,5394992.0
2018-01-15 10:19:33.096065,445.6,445.6,445.8,5394992.0
2018-01-15 10:19:34.144184,445.6,445.6,445.8,5394992.0
2018-01-15 10:19:35.289425,445.6,445.6,445.8,5407592.0
2018-01-15 10:19:36.533448,445.6,445.6,445.8,5407592.0
2018-01-15 10:19:37.811307,445.6,445.6,445.8,5407592.0
2018-01-15 10:19:39.492322,445.6,445.6,445.8,5407592.0
2018-01-15 10:19:41.008399,445.6,445.6,445.8,5407592.0
2018-01-15 10:19:42.408848,445.6,445.6,445.8,5407592.0
2018-01-15 10:19:43.673006,445.6,445.6,445.8,5407592.0
2018-01-15 10:19:44.787044,445.6,445.6,445.8,5413192.0
2018-01-15 10:19:46.016777,445.6,445.6,445.8,5413292.0
2018-01-15 10:19:47.205799,445.6,445.6,445.8,5413292.0
2018-01-15 10:19:48.189415,445.6,445.6,445.8,5413192.0
2018-01-15 10:19:49.140876,445.6,445.6,445.8,5413292.0
2018-01-15 10:19:50.237779,445.6,445.6,445.8,5413292.0
2018-01-15 10:19:51.408131,445.8,445.6,445.8,5425592.0
2018-01-15 10:19:52.750439,445.8,445.6,445.8,5425592.0
2018-01-15 10:19:54.280446,445.8,445.6,445.8,5425592.0
2018-01-15 10:19:55.371502,445.8,445.6,445.8,5425592.0
2018-01-15 10:19:56.591620,445.8,445.6,445.8,5425592.0
2018-01-15 10:19:58.153964,445.8,445.6,445.8,5425592.0
2018-01-15 10:19:59.604420,445.8,445.6,445.8,5425592.0
2018-01-15 10:20:01.398937,445.8,445.6,445.8,5425592.0
2018-01-15 10:20:02.644706,445.8,445.6,445.8,5425592.0
2018-01-15 10:20:04.484164,445.8,445.6,445.8,5425592.0
2018-01-15 10:20:05.851733,445.8,445.6,445.8,5425592.0
2018-01-15 10:20:09.754618,445.6,445.6,445.8,5431292.0
2018-01-15 10:20:10.979337,445.8,445.6,445.8,5425592.0
2018-01-15 10:20:12.118228,445.6,445.6,445.8,5431292.0
2018-01-15 10:20:13.206879,445.8,445.6,445.8,5431392.0
2018-01-15 10:20:14.509293,445.6,445.6,445.8,5431292.0
2018-01-15 10:20:15.741052,445.6,445.6,445.8,5431292.0
2018-01-15 10:20:16.816927,445.6,445.6,445.8,5431292.0
2018-01-15 10:20:17.884965,445.6,445.6,445.8,5431292.0
2018-01-15 10:20:19.064571,445.6,445.6,445.8,5431292.0
2018-01-15 10:20:20.075656,445.6,445.6,445.8,5433492.0
2018-01-15 10:20:21.344730,445.6,445.6,445.8,5433492.0
2018-01-15 10:20:22.875001,445.8,445.6,445.8,5435492.0
2018-01-15 10:20:24.467683,445.6,445.6,445.8,5433492.0
2018-01-15 10:20:25.960147,445.8,445.6,445.8,5435492.0
2018-01-15 10:20:27.311407,445.8,445.6,445.8,5435492.0
2018-01-15 10:20:28.485660,445.8,445.6,445.8,5435492.0
2018-01-15 10:20:29.737301,445.8,445.6,445.8,5435492.0
2018-01-15 10:20:30.910557,445.8,445.6,445.8,5448392.0
2018-01-15 10:20:32.072172,445.8,445.6,445.8,5446292.0
2018-01-15 10:20:33.486924,445.8,445.6,445.8,5446292.0
2018-01-15 10:20:34.763059,445.8,445.6,445.8,5448392.0
2018-01-15 10:20:36.241697,445.8,445.6,445.8,5446292.0
2018-01-15 10:20:38.245195,445.8,445.6,445.8,5446292.0
2018-01-15 10:20:39.671498,445.8,445.6,445.8,5449492.0
2018-01-15 10:20:40.985629,445.8,445.6,445.8,5449492.0
2018-01-15 10:20:42.396299,445.8,445.6,445.8,5449692.0
2018-01-15 10:20:43.756409,445.8,445.6,445.8,5449492.0
2018-01-15 10:20:44.978268,445.8,445.6,445.8,5449692.0
2018-01-15 10:20:46.198958,445.8,445.6,445.8,5449492.0
2018-01-15 10:20:47.224895,445.8,445.6,445.8,5449492.0
2018-01-15 10:20:48.693688,445.8,445.6,445.8,5449492.0
2018-01-15 10:20:49.988196,445.8,445.6,445.8,5449492.0
2018-01-15 10:20:51.122840,445.8,445.6,445.8,5449492.0
2018-01-15 10:20:52.349368,445.8,445.6,445.8,5449492.0
2018-01-15 10:20:54.818401,445.6,445.6,445.8,5452092.0
2018-01-15 10:20:55.996386,445.6,445.6,445.8,5452092.0
2018-01-15 10:20:57.315117,445.6,445.6,445.8,5454892.0
2018-01-15 10:20:58.876139,445.8,445.6,445.8,5455092.0
2018-01-15 10:21:00.254802,445.8,445.6,445.8,5455092.0
2018-01-15 10:21:01.670227,445.6,445.6,445.8,5454892.0
2018-01-15 10:21:02.951814,445.6,445.6,445.8,5459992.0
2018-01-15 10:21:04.253841,445.6,445.6,445.8,5459992.0
2018-01-15 10:21:05.655942,445.6,445.6,445.8,5459992.0
2018-01-15 10:21:07.181743,445.6,445.6,445.8,5459992.0
2018-01-15 10:21:08.455440,445.6,445.6,445.8,5459992.0
2018-01-15 10:21:09.779277,445.6,445.6,445.8,5459992.0
2018-01-15 10:21:11.254881,445.6,445.6,446.0,5465492.0
2018-01-15 10:21:12.574502,445.6,445.6,446.0,5465492.0
2018-01-15 10:21:13.952158,445.6,445.6,446.0,5465492.0
2018-01-15 10:21:15.552565,445.6,445.6,446.0,5465492.0
2018-01-15 10:21:16.981121,445.6,445.6,446.0,5465492.0
2018-01-15 10:21:18.497612,445.6,445.6,446.0,5465492.0
2018-01-15 10:21:19.778153,445.8,445.8,446.0,5467192.0
2018-01-15 10:21:21.662071,445.8,445.8,446.0,5467192.0
2018-01-15 10:21:23.224861,445.8,445.8,446.0,5467192.0
2018-01-15 10:21:24.468176,445.8,445.8,446.0,5467192.0
2018-01-15 10:21:25.636947,445.8,445.8,446.0,5467192.0
2018-01-15 10:21:27.071781,445.8,445.8,446.0,5467192.0
2018-01-15 10:21:28.353609,445.8,445.8,446.0,5467192.0
2018-01-15 10:21:30.222491,445.8,445.8,446.0,5467192.0
2018-01-15 10:21:31.791789,445.8,445.8,446.0,5467192.0
2018-01-15 10:21:32.961618,445.8,445.8,446.0,5467192.0
2018-01-15 10:21:34.423686,445.8,445.8,446.0,5466992.0
2018-01-15 10:21:35.698105,445.8,445.8,446.0,5467192.0
2018-01-15 10:21:37.002060,445.8,445.8,446.0,5467192.0
2018-01-15 10:21:38.221401,445.8,445.8,446.0,5467192.0
2018-01-15 10:21:39.663009,445.8,445.8,446.0,5468992.0
2018-01-15 10:21:40.794709,445.8,445.8,446.0,5467192.0
2018-01-15 10:21:42.218760,445.8,445.8,446.0,5467192.0
2018-01-15 10:21:43.506734,445.8,445.8,446.0,5469492.0
2018-01-15 10:21:45.177904,446.0,445.8,446.0,5471292.0
2018-01-15 10:21:46.648309,446.0,445.8,446.0,5471292.0
2018-01-15 10:21:47.916477,445.8,445.8,446.0,5471792.0
2018-01-15 10:21:49.198015,446.0,445.8,446.0,5474592.0
2018-01-15 10:21:50.431983,446.0,445.8,446.0,5474592.0
2018-01-15 10:21:51.783579,446.0,445.8,446.0,5474592.0
2018-01-15 10:21:53.023708,445.8,445.8,446.0,5472592.0
2018-01-15 10:21:54.262421,446.0,445.8,446.0,5718892.0
2018-01-15 10:21:55.675012,446.0,445.6,446.0,5768292.0
2018-01-15 10:21:56.904794,446.0,445.6,446.0,5766492.0
2018-01-15 10:21:58.273521,446.2,445.6,446.0,5775392.0
2018-01-15 10:21:59.944885,446.2,446.0,446.4,5775392.0
2018-01-15 10:22:01.357070,446.2,446.0,446.2,5795092.0
2018-01-15 10:22:02.662217,446.2,446.0,446.2,5795092.0
2018-01-15 10:22:03.782277,446.2,446.0,446.2,5795092.0
2018-01-15 10:22:05.131825,446.2,446.0,446.2,5801092.0
2018-01-15 10:22:06.488534,446.4,446.0,446.2,5805392.0
2018-01-15 10:22:07.853308,446.4,446.0,446.4,5804692.0
2018-01-15 10:22:09.337680,446.4,446.0,446.4,5805392.0
2018-01-15 10:22:10.669696,446.4,446.0,446.4,5804692.0
2018-01-15 10:22:11.772644,446.4,446.0,446.4,5805392.0
2018-01-15 10:22:13.071003,446.0,446.0,446.2,5807392.0
2018-01-15 10:22:14.799833,446.0,446.0,446.2,5807292.0
2018-01-15 10:22:16.173433,446.0,446.0,446.2,5807292.0
2018-01-15 10:22:17.501342,446.0,446.0,446.2,5807292.0
2018-01-15 10:22:18.879469,446.0,446.0,446.2,5807292.0
2018-01-15 10:22:20.026339,446.0,446.0,446.2,5807292.0
2018-01-15 10:22:21.619901,446.0,446.0,446.2,5807292.0
2018-01-15 10:22:22.870031,446.2,446.0,446.2,5809292.0
2018-01-15 10:22:24.257160,446.0,446.0,446.2,5808692.0
2018-01-15 10:22:25.503480,446.0,446.0,446.2,5808692.0
2018-01-15 10:22:26.908210,446.2,446.0,446.2,5809292.0
2018-01-15 10:22:28.456278,446.2,446.0,446.2,5809292.0
2018-01-15 10:22:29.790737,446.2,446.0,446.2,5830092.0
2018-01-15 10:22:31.212060,446.2,446.0,446.2,5830092.0
2018-01-15 10:22:32.412189,446.2,446.0,446.2,5830092.0
2018-01-15 10:22:33.908232,446.2,446.0,446.2,5830092.0
2018-01-15 10:22:35.406482,446.0,446.0,446.2,5834291.0
2018-01-15 10:22:36.658172,446.0,446.0,446.2,5834291.0
2018-01-15 10:22:38.231488,446.0,446.0,446.2,5834291.0
2018-01-15 10:22:39.380133,446.0,446.0,446.2,5834291.0
2018-01-15 10:22:40.682992,446.0,446.0,446.2,5834291.0
2018-01-15 10:22:41.838628,446.0,446.0,446.2,5834291.0
2018-01-15 10:22:43.027477,446.0,446.0,446.2,5834291.0
2018-01-15 10:22:44.272032,446.0,446.0,446.2,5834291.0
2018-01-15 10:22:46.024005,446.0,446.0,446.2,5834291.0
2018-01-15 10:22:47.386768,446.0,446.0,446.2,5834291.0
2018-01-15 10:22:48.960849,446.2,446.0,446.2,5835691.0
2018-01-15 10:22:50.197181,446.0,446.0,446.2,5836091.0
2018-01-15 10:22:51.425721,446.2,446.0,446.2,5835691.0
2018-01-15 10:22:53.748563,445.8,445.6,446.0,5866391.0
2018-01-15 10:22:55.207506,445.8,445.6,446.0,5866391.0
2018-01-15 10:22:56.657192,445.8,445.8,446.2,5866391.0
2018-01-15 10:22:57.980040,445.8,445.6,446.0,5866391.0
2018-01-15 10:22:59.408908,445.6,445.6,446.0,5868191.0
2018-01-15 10:23:00.855402,445.6,445.6,446.0,5868191.0
2018-01-15 10:23:02.031773,445.6,445.6,445.8,5868191.0
2018-01-15 10:23:03.690841,445.8,445.6,446.0,5871491.0
2018-01-15 10:23:08.521503,445.4,445.4,445.6,5916991.0
2018-01-15 10:23:09.844800,445.6,445.4,445.6,5925691.0
2018-01-15 10:23:13.969906,445.8,445.4,445.8,5926791.0
2018-01-15 10:23:15.054006,445.8,445.4,445.8,5926791.0
2018-01-15 10:23:16.680798,445.8,445.8,446.0,5926791.0
2018-01-15 10:23:18.224102,445.8,445.8,446.0,5958391.0
2018-01-15 10:23:19.589692,445.8,445.8,446.0,5958391.0
2018-01-15 10:23:21.097215,445.8,445.8,446.0,5958491.0
2018-01-15 10:23:22.387250,445.8,445.8,446.0,5958491.0
2018-01-15 10:23:23.623230,445.8,445.8,446.0,5958391.0
2018-01-15 10:23:25.164658,445.8,445.8,446.0,5958391.0
2018-01-15 10:23:26.361556,445.8,445.8,446.0,5958391.0
2018-01-15 10:23:27.941748,445.8,445.8,446.0,5958391.0
2018-01-15 10:23:29.421228,446.0,445.6,446.0,5962191.0
2018-01-15 10:23:30.738964,446.0,445.6,446.0,5962191.0
2018-01-15 10:23:32.346681,446.0,445.6,445.8,5962191.0
2018-01-15 10:23:33.691689,445.6,445.6,445.8,5962291.0
2018-01-15 10:23:40.826938,445.8,445.6,446.0,5965191.0
2018-01-15 10:23:42.194774,445.8,445.6,446.0,5964991.0
2018-01-15 10:23:43.660132,445.8,445.8,446.0,5965191.0
2018-01-15 10:23:44.939148,445.8,445.6,446.0,5964991.0
2018-01-15 10:23:46.323434,445.8,445.6,446.0,5964991.0
2018-01-15 10:23:47.538156,445.8,445.8,446.0,5964991.0
2018-01-15 10:23:49.960702,445.8,445.8,446.0,5965191.0
2018-01-15 10:23:51.337923,445.8,445.8,446.0,5966891.0
2018-01-15 10:23:52.684875,445.8,445.8,446.0,5966891.0
2018-01-15 10:23:54.727217,445.8,445.8,446.0,5966891.0
2018-01-15 10:23:55.972876,445.8,445.8,446.0,5966891.0
2018-01-15 10:23:57.279146,445.8,445.8,446.0,5966891.0
2018-01-15 10:23:58.663955,445.8,445.8,446.0,5966891.0
2018-01-15 10:24:00.407994,445.8,445.8,446.0,5968691.0
2018-01-15 10:24:01.869345,446.0,445.8,446.0,5967391.0
