time,price,bid,ask,volume
2018-01-10 12:59:57.757566,443.4,443.4,443.6,9784610.0
2018-01-10 12:59:59.641690,443.6,443.6,443.8,9808110.0
2018-01-10 13:00:02.838358,443.6,443.4,443.6,9819610.0
2018-01-10 13:00:04.690981,443.6,443.6,443.8,9831610.0
2018-01-10 13:00:10.802192,443.4,443.4,443.8,9842610.0
2018-01-10 13:00:12.547403,443.4,443.4,443.8,9848510.0
2018-01-10 13:00:14.524266,443.4,443.4,443.8,9848510.0
2018-01-10 13:00:16.590626,443.4,443.4,443.8,9848510.0
2018-01-10 13:00:18.339368,443.4,443.4,443.8,9848510.0
2018-01-10 13:00:20.468010,443.4,443.4,443.8,9848510.0
2018-01-10 13:00:22.652111,443.4,443.4,443.8,9848510.0
2018-01-10 13:00:24.488867,443.4,443.4,443.6,9851110.0
2018-01-10 13:00:26.499549,443.4,443.4,443.6,9851110.0
2018-01-10 13:00:28.756077,443.4,443.4,443.6,9853910.0
2018-01-10 13:00:30.640135,443.4,443.4,443.6,9853910.0
2018-01-10 13:00:32.495421,443.6,443.4,443.6,9869010.0
2018-01-10 13:00:34.594770,443.6,443.4,443.6,9869010.0
2018-01-10 13:00:36.465687,443.6,443.4,443.6,9869010.0
2018-01-10 13:00:38.812982,443.6,443.4,443.6,9869010.0
2018-01-10 13:00:40.754607,443.6,443.4,443.6,9869010.0
2018-01-10 13:00:42.614335,443.6,443.4,443.6,9869010.0
2018-01-10 13:00:44.843473,443.8,443.6,444.0,9886110.0
2018-01-10 13:00:46.398020,443.8,443.6,444.0,9886110.0
2018-01-10 13:00:48.302637,443.8,443.6,444.0,9886110.0
2018-01-10 13:00:49.819604,443.8,443.6,444.0,9886110.0
2018-01-10 13:00:51.775549,443.8,443.6,444.0,9886110.0
2018-01-10 13:00:53.669455,443.8,443.8,444.0,9895695.0
2018-01-10 13:00:55.101535,444.0,443.8,444.2,9924195.0
2018-01-10 13:00:56.886708,444.0,443.8,444.2,9924195.0
2018-01-10 13:00:59.032577,444.0,443.8,444.2,9924195.0
2018-01-10 13:01:00.549553,444.0,443.8,444.2,9924195.0
2018-01-10 13:01:02.360897,444.0,443.8,444.2,9924195.0
2018-01-10 13:01:04.618669,444.0,443.8,444.2,9924195.0
2018-01-10 13:01:06.536246,444.0,443.8,444.2,9924195.0
2018-01-10 13:01:11.211863,444.0,443.8,444.2,9924195.0
2018-01-10 13:01:12.815073,444.0,443.8,444.2,9924195.0
2018-01-10 13:01:14.503559,444.0,443.8,444.2,9924195.0
2018-01-10 13:01:18.421869,444.0,443.8,444.2,9924195.0
2018-01-10 13:01:20.320169,444.0,443.8,444.2,9924195.0
2018-01-10 13:01:22.490737,444.0,443.8,444.2,9924195.0
2018-01-10 13:01:24.557823,444.0,443.8,444.2,9953695.0
2018-01-10 13:01:26.147951,444.0,443.8,444.2,9953695.0
2018-01-10 13:01:27.578744,444.0,443.8,444.2,9953695.0
2018-01-10 13:01:29.069955,444.0,443.8,444.2,9953695.0
2018-01-10 13:01:31.139581,444.0,443.8,444.2,9953695.0
2018-01-10 13:01:32.597702,444.0,443.8,444.2,9953695.0
2018-01-10 13:01:34.464490,444.0,443.8,444.2,9953695.0
2018-01-10 13:01:36.474356,444.0,443.8,444.2,9953695.0
2018-01-10 13:01:38.553669,444.0,443.8,444.2,9953695.0
2018-01-10 13:01:40.115981,444.0,443.8,444.2,9953695.0
2018-01-10 13:01:42.054860,444.0,443.8,444.2,9953695.0
2018-01-10 13:01:43.637116,444.0,443.8,444.0,9962095.0
2018-01-10 13:01:45.329637,444.0,443.8,444.0,9962095.0
2018-01-10 13:01:47.117211,444.0,443.8,444.0,9962095.0
2018-01-10 13:01:49.102766,444.0,443.8,444.0,9962095.0
2018-01-10 13:01:51.108217,444.0,443.8,444.0,9962095.0
2018-01-10 13:01:52.457567,443.8,443.6,444.0,9972595.0
2018-01-10 13:01:54.224723,443.8,443.6,444.0,9972595.0
2018-01-10 13:01:55.868826,443.8,443.6,444.0,9972595.0
2018-01-10 13:01:57.415499,443.8,443.6,444.0,9972595.0
2018-01-10 13:01:58.842700,443.8,443.6,444.0,9972595.0
2018-01-10 13:02:00.444290,443.8,443.6,444.0,9972595.0
2018-01-10 13:02:02.619284,443.6,443.6,443.8,9977395.0
2018-01-10 13:02:04.369645,443.6,443.6,443.8,9977395.0
2018-01-10 13:02:05.769602,443.6,443.6,443.8,9977395.0
2018-01-10 13:02:09.696194,443.8,443.4,443.8,9987695.0
2018-01-10 13:02:12.012220,443.8,443.4,443.8,9987695.0
2018-01-10 13:02:14.270528,443.8,443.4,443.8,9987695.0
2018-01-10 13:02:15.800090,443.8,443.4,443.8,9987695.0
2018-01-10 13:02:17.550925,443.8,443.4,443.8,9987695.0
2018-01-10 13:02:19.218352,443.8,443.6,443.8,9992595.0
2018-01-10 13:02:21.043028,443.8,443.6,443.8,9992595.0
2018-01-10 13:02:23.222086,443.8,443.6,443.8,9992595.0
2018-01-10 13:02:25.364509,443.8,443.6,443.8,9992595.0
2018-01-10 13:02:26.896170,443.8,443.6,443.8,9992595.0
2018-01-10 13:02:28.796522,443.8,443.6,443.8,9992595.0
2018-01-10 13:02:30.625380,443.8,443.6,443.8,9992595.0
2018-01-10 13:02:32.406891,443.8,443.6,443.8,9992595.0
2018-01-10 13:02:34.105923,443.8,443.6,443.8,9992595.0
2018-01-10 13:02:36.044593,443.8,443.6,443.8,9992595.0
2018-01-10 13:02:37.620656,443.8,443.6,443.8,9992595.0
2018-01-10 13:02:39.168745,443.8,443.6,443.8,9992595.0
2018-01-10 13:02:41.450686,443.8,443.6,443.8,9992595.0
2018-01-10 13:02:43.124460,443.8,443.6,443.8,9992595.0
2018-01-10 13:02:45.395917,443.6,443.4,443.6,10004395.0
2018-01-10 13:02:47.348182,443.6,443.4,443.6,10004395.0
2018-01-10 13:02:49.346175,443.6,443.4,443.6,10004395.0
2018-01-10 13:02:50.979099,443.6,443.4,443.6,10004395.0
2018-01-10 13:02:53.029575,443.6,443.4,443.6,10004395.0
2018-01-10 13:02:54.543493,443.6,443.4,443.6,10004395.0
2018-01-10 13:02:56.358646,443.6,443.4,443.6,10004395.0
2018-01-10 13:02:58.057515,443.6,443.4,443.6,10004395.0
2018-01-10 13:03:00.598617,443.6,443.4,443.6,10011495.0
2018-01-10 13:03:05.555585,443.6,443.4,443.6,10011495.0
2018-01-10 13:03:07.603412,443.6,443.4,443.6,10011495.0
2018-01-10 13:03:09.317834,443.6,443.4,443.6,10011495.0
2018-01-10 13:03:11.532276,443.6,443.4,443.6,10011495.0
2018-01-10 13:03:13.401213,443.6,443.4,443.6,10011495.0
2018-01-10 13:03:15.044329,443.6,443.4,443.6,10011495.0
2018-01-10 13:03:17.200323,443.6,443.4,443.6,10013495.0
2018-01-10 13:03:18.659411,443.6,443.4,443.6,10013495.0
2018-01-10 13:03:20.406046,443.6,443.4,443.6,10013495.0
2018-01-10 13:03:22.101295,443.6,443.4,443.6,10013495.0
2018-01-10 13:03:23.874606,443.6,443.4,443.6,10013495.0
2018-01-10 13:03:25.734232,443.6,443.4,443.6,10013495.0
2018-01-10 13:03:28.601470,443.6,443.4,443.6,10013495.0
2018-01-10 13:03:30.688797,443.6,443.4,443.6,10013495.0
2018-01-10 13:03:32.714189,443.6,443.4,443.6,10013495.0
2018-01-10 13:03:34.643967,443.6,443.4,443.6,10013495.0
2018-01-10 13:03:36.311949,443.6,443.4,443.6,10013495.0
2018-01-10 13:03:37.724770,443.6,443.4,443.6,10013495.0
2018-01-10 13:03:39.534953,443.6,443.4,443.6,10013495.0
2018-01-10 13:03:41.388510,443.6,443.4,443.6,10013495.0
2018-01-10 13:03:43.255263,443.4,443.4,443.8,10020195.0
2018-01-10 13:03:45.480591,443.4,443.4,443.8,10020195.0
2018-01-10 13:03:47.312038,443.4,443.4,443.8,10020195.0
2018-01-10 13:03:48.854818,443.4,443.4,443.8,10020195.0
2018-01-10 13:03:50.736101,443.4,443.4,443.8,10020195.0
2018-01-10 13:03:52.630629,443.4,443.4,443.8,10020195.0
2018-01-10 13:03:54.557557,443.4,443.4,443.8,10020195.0
2018-01-10 13:03:56.263725,443.4,443.4,443.8,10020195.0
2018-01-10 13:03:58.030527,443.4,443.4,443.8,10020195.0
2018-01-10 13:03:59.217704,443.4,443.4,443.8,10020195.0
2018-01-10 13:04:00.938619,443.4,443.4,443.8,10020195.0
2018-01-10 13:04:02.786652,443.4,443.4,443.8,10020195.0
2018-01-10 13:04:04.494182,443.4,443.4,443.8,10020195.0
2018-01-10 13:04:06.087032,443.4,443.4,443.6,10024495.0
2018-01-10 13:04:07.969069,443.4,443.4,443.6,10024495.0
2018-01-10 13:04:09.652110,443.4,443.4,443.6,10024495.0
2018-01-10 13:04:14.310217,443.4,443.4,443.6,10026795.0
2018-01-10 13:04:16.142056,443.4,443.4,443.6,10026795.0
2018-01-10 13:04:17.894977,443.4,443.4,443.6,10026795.0
2018-01-10 13:04:19.803756,443.4,443.4,443.6,10026795.0
2018-01-10 13:04:21.758720,443.4,443.4,443.6,10026795.0
2018-01-10 13:04:23.679442,443.4,443.4,443.6,10026795.0
2018-01-10 13:04:25.478753,443.4,443.4,443.6,10026795.0
2018-01-10 13:04:27.019786,443.4,443.4,443.6,10026795.0
2018-01-10 13:04:28.506513,443.6,443.4,443.6,10028695.0
2018-01-10 13:04:30.419804,443.6,443.4,443.6,10028695.0
2018-01-10 13:04:32.804321,443.6,443.4,443.6,10028695.0
2018-01-10 13:04:34.846777,443.6,443.4,443.6,10028695.0
2018-01-10 13:04:36.683569,443.6,443.4,443.6,10028695.0
2018-01-10 13:04:38.157115,443.6,443.4,443.6,10028695.0
2018-01-10 13:04:39.589004,443.6,443.4,443.6,10028695.0
2018-01-10 13:04:41.361851,443.6,443.4,443.6,10028695.0
2018-01-10 13:04:43.286659,443.6,443.4,443.6,10030695.0
2018-01-10 13:04:45.444118,443.6,443.4,443.6,10042295.0
2018-01-10 13:04:47.299320,443.6,443.4,443.6,10042295.0
2018-01-10 13:04:49.467135,443.6,443.4,443.6,10042295.0
2018-01-10 13:04:51.185394,443.6,443.4,443.6,10042295.0
2018-01-10 13:04:52.896868,443.6,443.4,443.6,10042295.0
2018-01-10 13:04:54.838912,443.6,443.4,443.6,10042295.0
2018-01-10 13:04:56.680001,443.6,443.4,443.6,10042295.0
2018-01-10 13:04:58.575662,443.6,443.4,443.6,10042295.0
2018-01-10 13:05:00.387503,443.4,443.4,443.6,10043995.0
2018-01-10 13:05:02.346723,443.4,443.4,443.6,10048095.0
2018-01-10 13:05:04.073137,443.4,443.4,443.6,10048095.0
2018-01-10 13:05:06.259095,443.4,443.4,443.6,10048095.0
2018-01-10 13:05:10.983609,443.4,443.4,443.6,10048095.0
2018-01-10 13:05:12.777932,443.4,443.4,443.6,10048095.0
2018-01-10 13:05:14.494866,443.4,443.4,443.6,10048095.0
2018-01-10 13:05:15.420263,443.4,443.4,443.6,10048095.0
2018-01-10 13:05:17.904342,443.4,443.4,443.6,10048095.0
2018-01-10 13:05:19.075578,443.6,443.4,443.6,10056395.0
2018-01-10 13:05:20.278788,443.6,443.4,443.6,10056395.0
2018-01-10 13:05:22.753285,443.6,443.4,443.6,10056395.0
2018-01-10 13:05:24.546859,443.6,443.4,443.6,10056395.0
2018-01-10 13:05:26.128279,443.6,443.4,443.6,10056395.0
2018-01-10 13:05:27.308947,443.6,443.4,443.6,10056395.0
2018-01-10 13:05:29.194603,443.6,443.4,443.6,10056395.0
2018-01-10 13:05:31.002945,443.6,443.4,443.6,10056395.0
2018-01-10 13:05:32.649924,443.6,443.4,443.6,10056395.0
2018-01-10 13:05:34.611804,443.6,443.4,443.6,10056395.0
2018-01-10 13:05:36.482020,443.6,443.4,443.6,10056395.0
2018-01-10 13:05:38.237544,443.6,443.4,443.6,10056395.0
2018-01-10 13:05:39.761427,443.6,443.4,443.6,10056395.0
2018-01-10 13:05:41.780898,443.6,443.4,443.6,10056395.0
2018-01-10 13:05:43.487481,443.6,443.4,443.6,10056395.0
2018-01-10 13:05:44.931417,443.6,443.4,443.6,10056395.0
2018-01-10 13:05:46.711846,443.6,443.4,443.6,10056395.0
2018-01-10 13:05:48.577865,443.6,443.4,443.6,10056395.0
2018-01-10 13:05:50.383934,443.6,443.6,443.8,10063095.0
2018-01-10 13:05:51.851948,443.6,443.6,443.8,10063095.0
2018-01-10 13:05:53.554556,443.6,443.6,443.8,10063095.0
2018-01-10 13:05:55.452832,443.6,443.6,443.8,10063095.0
2018-01-10 13:05:56.816262,443.6,443.6,443.8,10063095.0
2018-01-10 13:05:58.843411,443.6,443.6,443.8,10063095.0
2018-01-10 13:06:00.442219,443.6,443.6,443.8,10063095.0
2018-01-10 13:06:02.188723,443.6,443.6,443.8,10063095.0
2018-01-10 13:06:03.978318,443.6,443.6,443.8,10063095.0
2018-01-10 13:06:05.693485,443.6,443.6,443.8,10063095.0
2018-01-10 13:06:07.495444,443.6,443.6,443.8,10066095.0
2018-01-10 13:06:08.963722,443.6,443.6,443.8,10066095.0
2018-01-10 13:06:13.492891,443.6,443.6,443.8,10066095.0
2018-01-10 13:06:17.619444,443.6,443.6,443.8,10066095.0
2018-01-10 13:06:19.409465,443.6,443.6,443.8,10066095.0
2018-01-10 13:06:21.254960,443.6,443.6,443.8,10068995.0
2018-01-10 13:06:23.150159,443.6,443.6,443.8,10068995.0
2018-01-10 13:06:24.927060,443.6,443.6,443.8,10068995.0
2018-01-10 13:06:26.803558,443.6,443.6,443.8,10068995.0
2018-01-10 13:06:28.343893,443.6,443.6,443.8,10068995.0
2018-01-10 13:06:30.308620,443.6,443.6,443.8,10068995.0
2018-01-10 13:06:31.963836,443.6,443.6,443.8,10068995.0
2018-01-10 13:06:33.483636,443.6,443.6,443.8,10068995.0
2018-01-10 13:06:35.468313,443.6,443.6,443.8,10068995.0
2018-01-10 13:06:37.147248,443.6,443.6,443.8,10068995.0
2018-01-10 13:06:39.207801,443.6,443.6,443.8,10068995.0
2018-01-10 13:06:41.149268,443.6,443.6,443.8,10068995.0
2018-01-10 13:06:43.000186,443.6,443.6,443.8,10068995.0
2018-01-10 13:06:44.832186,443.6,443.6,443.8,10068995.0
2018-01-10 13:06:46.464374,443.4,443.4,443.6,10072195.0
2018-01-10 13:06:47.815856,443.4,443.4,443.6,10072195.0
2018-01-10 13:06:49.370034,443.4,443.4,443.6,10072195.0
2018-01-10 13:06:50.688059,443.4,443.4,443.6,10072195.0
2018-01-10 13:06:52.651061,443.4,443.4,443.6,10072195.0
2018-01-10 13:06:54.527184,443.4,443.4,443.6,10072195.0
2018-01-10 13:06:56.563674,443.4,443.4,443.6,10072195.0
2018-01-10 13:06:58.348016,443.4,443.4,443.6,10072195.0
2018-01-10 13:06:59.955639,443.4,443.4,443.6,10072195.0
2018-01-10 13:07:02.801115,443.4,443.4,443.6,10072195.0
2018-01-10 13:07:05.867366,443.4,443.4,443.6,10072195.0
2018-01-10 13:07:07.120851,443.4,443.4,443.6,10072195.0
2018-01-10 13:07:11.813812,443.8,443.4,443.8,10075495.0
2018-01-10 13:07:13.702174,443.8,443.4,443.8,10075495.0
2018-01-10 13:07:15.654289,443.8,443.4,443.8,10075495.0
2018-01-10 13:07:19.701007,443.6,443.4,443.8,10077795.0
2018-01-10 13:07:21.451693,443.6,443.4,443.8,10077795.0
2018-01-10 13:07:23.261355,443.6,443.4,443.8,10077795.0
2018-01-10 13:07:24.722434,443.6,443.4,443.8,10077795.0
2018-01-10 13:07:26.760984,443.6,443.4,443.8,10077795.0
2018-01-10 13:07:28.456006,443.6,443.4,443.8,10077795.0
2018-01-10 13:07:30.155985,443.6,443.4,443.8,10077795.0
2018-01-10 13:07:31.933170,443.6,443.4,443.8,10077795.0
2018-01-10 13:07:33.794038,443.6,443.4,443.8,10077795.0
2018-01-10 13:07:35.344077,443.6,443.4,443.8,10077795.0
2018-01-10 13:07:37.156160,443.6,443.4,443.8,10077795.0
2018-01-10 13:07:38.533123,443.6,443.4,443.8,10077795.0
2018-01-10 13:07:40.152838,443.6,443.4,443.8,10077795.0
2018-01-10 13:07:41.608812,443.6,443.4,443.8,10077795.0
2018-01-10 13:07:43.288829,443.6,443.4,443.8,10077795.0
2018-01-10 13:07:44.870673,443.6,443.4,443.8,10077795.0
2018-01-10 13:07:46.372527,443.6,443.4,443.8,10077795.0
2018-01-10 13:07:47.932963,443.6,443.4,443.8,10077795.0
2018-01-10 13:07:49.283035,443.6,443.4,443.8,10077795.0
2018-01-10 13:07:50.973644,443.6,443.4,443.8,10077795.0
2018-01-10 13:07:52.647480,443.6,443.4,443.8,10077795.0
2018-01-10 13:07:54.137556,443.6,443.4,443.8,10077795.0
2018-01-10 13:07:55.578100,443.6,443.4,443.8,10077795.0
2018-01-10 13:07:57.438790,443.6,443.6,443.8,10079905.0
2018-01-10 13:07:58.914712,443.6,443.6,443.8,10082205.0
2018-01-10 13:08:00.217837,443.6,443.6,443.8,10082205.0
2018-01-10 13:08:05.388575,443.6,443.6,443.8,10082205.0
2018-01-10 13:08:07.219553,443.6,443.6,443.8,10082205.0
2018-01-10 13:08:09.230047,443.6,443.6,443.8,10082205.0
2018-01-10 13:08:12.880866,443.6,443.6,443.8,10082205.0
2018-01-10 13:08:14.337159,443.6,443.6,443.8,10082205.0
2018-01-10 13:08:16.396657,443.6,443.6,443.8,10082205.0
2018-01-10 13:08:19.699417,443.6,443.6,443.8,10082205.0
2018-01-10 13:08:21.275743,443.6,443.6,443.8,10082205.0
2018-01-10 13:08:23.180723,443.6,443.6,443.8,10082205.0
2018-01-10 13:08:25.038917,443.6,443.6,443.8,10082205.0
2018-01-10 13:08:27.038695,443.6,443.6,443.8,10082205.0
2018-01-10 13:08:29.128120,443.4,443.4,443.8,10084548.0
2018-01-10 13:08:30.930675,443.4,443.4,443.8,10084548.0
2018-01-10 13:08:32.776103,443.4,443.4,443.8,10084548.0
2018-01-10 13:08:34.689786,443.4,443.4,443.8,10084548.0
2018-01-10 13:08:36.600002,443.4,443.4,443.8,10084548.0
2018-01-10 13:08:38.454380,443.4,443.4,443.8,10084548.0
2018-01-10 13:08:40.359392,443.4,443.4,443.6,10092148.0
2018-01-10 13:08:42.180907,443.4,443.4,443.6,10092148.0
2018-01-10 13:08:43.927626,443.4,443.2,443.6,10094448.0
2018-01-10 13:08:45.766105,443.4,443.2,443.6,10094448.0
2018-01-10 13:08:47.394641,443.4,443.2,443.6,10094448.0
2018-01-10 13:08:49.247350,443.4,443.2,443.6,10094448.0
2018-01-10 13:08:51.109131,443.4,443.2,443.6,10094448.0
2018-01-10 13:08:52.625011,443.4,443.2,443.6,10094448.0
2018-01-10 13:08:54.691212,443.4,443.2,443.6,10094448.0
2018-01-10 13:08:56.794279,443.4,443.2,443.6,10094448.0
2018-01-10 13:08:58.185964,443.4,443.2,443.6,10094448.0
2018-01-10 13:08:59.179364,443.4,443.2,443.6,10094448.0
2018-01-10 13:09:01.021043,443.4,443.2,443.6,10094448.0
2018-01-10 13:09:02.625679,443.4,443.2,443.6,10094448.0
2018-01-10 13:09:08.323846,443.4,443.2,443.6,10094448.0
2018-01-10 13:09:12.682280,443.4,443.2,443.6,10094448.0
2018-01-10 13:09:20.002570,443.4,443.2,443.4,10097248.0
2018-01-10 13:09:21.412175,443.4,443.2,443.4,10097248.0
2018-01-10 13:09:23.196917,443.4,443.2,443.4,10097248.0
2018-01-10 13:09:24.800852,443.4,443.2,443.4,10097248.0
2018-01-10 13:09:26.568063,443.6,443.4,443.6,10100948.0
2018-01-10 13:09:28.239052,443.6,443.4,443.6,10100948.0
2018-01-10 13:09:30.040638,443.6,443.4,443.6,10100948.0
2018-01-10 13:09:31.992132,443.6,443.4,443.6,10100948.0
2018-01-10 13:09:34.303637,443.6,443.4,443.6,10100948.0
2018-01-10 13:09:36.308912,443.6,443.4,443.6,10100948.0
2018-01-10 13:09:37.972884,443.6,443.4,443.6,10100948.0
2018-01-10 13:09:39.770038,443.6,443.4,443.6,10100948.0
2018-01-10 13:09:41.549043,443.6,443.4,443.6,10100948.0
2018-01-10 13:09:43.716815,443.6,443.4,443.6,10100948.0
2018-01-10 13:09:45.556518,443.6,443.4,443.6,10100948.0
2018-01-10 13:09:47.771765,443.6,443.4,443.6,10100948.0
2018-01-10 13:09:49.898459,443.6,443.4,443.6,10100948.0
2018-01-10 13:09:51.700362,443.6,443.4,443.6,10100948.0
2018-01-10 13:09:53.146461,443.6,443.4,443.6,10100948.0
2018-01-10 13:09:54.825404,443.6,443.4,443.6,10100948.0
2018-01-10 13:09:56.142122,443.6,443.4,443.6,10100948.0
2018-01-10 13:09:57.933283,443.6,443.4,443.6,10100948.0
2018-01-10 13:09:59.610373,443.6,443.4,443.6,10100948.0
2018-01-10 13:10:01.758895,443.6,443.4,443.6,10100948.0
2018-01-10 13:10:03.603152,443.6,443.4,443.6,10100948.0
2018-01-10 13:10:05.306830,443.6,443.4,443.6,10100948.0
2018-01-10 13:10:06.995739,443.6,443.4,443.6,10100948.0
2018-01-10 13:10:12.274069,443.4,443.2,443.4,10106048.0
2018-01-10 13:10:14.108363,443.4,443.2,443.4,10106048.0
2018-01-10 13:10:20.293882,443.4,443.2,443.4,10106048.0
2018-01-10 13:10:22.260101,443.4,443.2,443.4,10106048.0
2018-01-10 13:10:23.655076,443.4,443.2,443.4,10106048.0
2018-01-10 13:10:25.512873,443.4,443.2,443.4,10106048.0
2018-01-10 13:10:27.171215,443.4,443.2,443.4,10106048.0
2018-01-10 13:10:28.781841,443.4,443.2,443.4,10106048.0
2018-01-10 13:10:30.860925,443.4,443.2,443.4,10106048.0
2018-01-10 13:10:32.155626,443.4,443.2,443.4,10106048.0
2018-01-10 13:10:33.714579,443.4,443.2,443.4,10106048.0
2018-01-10 13:10:35.144416,443.4,443.2,443.4,10106048.0
2018-01-10 13:10:37.302695,443.4,443.2,443.4,10106048.0
2018-01-10 13:10:39.126342,443.4,443.2,443.4,10106048.0
2018-01-10 13:10:40.948075,443.2,443.2,443.4,10117948.0
2018-01-10 13:10:42.224921,443.2,443.2,443.4,10117948.0
2018-01-10 13:10:44.107226,443.2,443.2,443.4,10117948.0
2018-01-10 13:10:45.987237,443.2,443.2,443.4,10117948.0
2018-01-10 13:10:47.887800,443.2,443.2,443.4,10117948.0
2018-01-10 13:10:49.879259,443.2,443.2,443.4,10117948.0
2018-01-10 13:10:51.744607,443.2,443.2,443.4,10117948.0
2018-01-10 13:10:53.595574,443.2,443.2,443.4,10117948.0
2018-01-10 13:10:54.991696,443.2,443.2,443.4,10117948.0
2018-01-10 13:10:56.703966,443.2,443.0,443.2,10130448.0
2018-01-10 13:10:57.825278,443.2,443.0,443.2,10130448.0
2018-01-10 13:10:59.590220,443.2,443.0,443.2,10130448.0
2018-01-10 13:11:00.858014,443.2,443.0,443.2,10130448.0
2018-01-10 13:11:02.185157,443.2,443.0,443.2,10130448.0
2018-01-10 13:11:06.393872,443.2,443.0,443.2,10130448.0
2018-01-10 13:11:08.217254,443.2,443.0,443.2,10130448.0
2018-01-10 13:11:09.913855,443.2,443.0,443.2,10130448.0
2018-01-10 13:11:11.763662,443.2,443.0,443.2,10130448.0
2018-01-10 13:11:14.319243,443.0,443.0,443.4,10133348.0
2018-01-10 13:11:15.639227,443.0,443.0,443.4,10133348.0
2018-01-10 13:11:16.935244,443.0,443.0,443.4,10133348.0
2018-01-10 13:11:18.597399,443.0,443.0,443.4,10133348.0
2018-01-10 13:11:20.743381,443.0,443.0,443.4,10133348.0
2018-01-10 13:11:22.469569,443.0,443.0,443.4,10137648.0
2018-01-10 13:11:23.981999,443.0,443.0,443.4,10137648.0
2018-01-10 13:11:25.884953,443.0,443.0,443.4,10137648.0
2018-01-10 13:11:27.129800,443.0,443.0,443.4,10137648.0
2018-01-10 13:11:29.028314,443.0,443.0,443.4,10137648.0
2018-01-10 13:11:31.039049,443.0,443.0,443.4,10137648.0
2018-01-10 13:11:32.711310,443.0,443.0,443.4,10137648.0
2018-01-10 13:11:34.831733,443.0,443.0,443.4,10137648.0
2018-01-10 13:11:36.030699,443.0,443.0,443.4,10137648.0
2018-01-10 13:11:37.718624,443.2,443.0,443.4,10142248.0
2018-01-10 13:11:39.234251,443.2,443.0,443.4,10142248.0
2018-01-10 13:11:41.053616,443.2,443.0,443.4,10142248.0
2018-01-10 13:11:42.868604,443.2,443.0,443.4,10142248.0
2018-01-10 13:11:44.972045,443.2,443.0,443.4,10142248.0
2018-01-10 13:11:46.942271,443.2,443.0,443.4,10142248.0
2018-01-10 13:11:48.981539,443.2,443.0,443.4,10142248.0
2018-01-10 13:11:50.800334,443.2,443.0,443.4,10148148.0
2018-01-10 13:11:52.153686,443.0,443.0,443.4,10191948.0
2018-01-10 13:11:53.499017,443.0,443.0,443.4,10205848.0
2018-01-10 13:11:54.823445,443.0,443.0,443.4,10205848.0
2018-01-10 13:11:56.995732,443.0,443.0,443.4,10205848.0
2018-01-10 13:11:58.815656,442.8,442.6,442.8,10223248.0
2018-01-10 13:12:00.457006,442.8,442.6,442.8,10223248.0
2018-01-10 13:12:02.048465,442.8,442.6,442.8,10223248.0
2018-01-10 13:12:03.578923,442.8,442.6,442.8,10223248.0
2018-01-10 13:12:07.151482,442.8,442.6,442.8,10223248.0
2018-01-10 13:12:10.189333,442.8,442.6,442.8,10223248.0
2018-01-10 13:12:11.378579,442.8,442.6,442.8,10223248.0
2018-01-10 13:12:14.718537,442.8,442.6,442.8,10223248.0
2018-01-10 13:12:16.263143,442.8,442.8,443.0,10233148.0
2018-01-10 13:12:18.144595,442.8,442.8,443.0,10233148.0
2018-01-10 13:12:19.884783,442.8,442.8,443.0,10233148.0
2018-01-10 13:12:21.883683,442.8,442.8,443.0,10233148.0
2018-01-10 13:12:23.685956,442.8,442.8,443.0,10233148.0
2018-01-10 13:12:25.503797,442.8,442.8,443.0,10233148.0
2018-01-10 13:12:27.478316,442.8,442.8,443.0,10238448.0
2018-01-10 13:12:28.716366,442.8,442.8,443.0,10238448.0
2018-01-10 13:12:30.894547,442.8,442.8,443.0,10238448.0
2018-01-10 13:12:32.658006,442.8,442.8,443.0,10238448.0
2018-01-10 13:12:34.535364,442.8,442.8,443.0,10238448.0
2018-01-10 13:12:36.181855,442.8,442.8,443.0,10238448.0
2018-01-10 13:12:37.805225,442.8,442.8,443.0,10238448.0
2018-01-10 13:12:39.110029,442.8,442.8,443.0,10238448.0
2018-01-10 13:12:40.523914,442.8,442.8,443.0,10238448.0
2018-01-10 13:12:42.307708,442.8,442.8,443.0,10238448.0
2018-01-10 13:12:44.587110,442.8,442.8,443.0,10238448.0
2018-01-10 13:12:46.417518,442.8,442.6,442.8,10245748.0
2018-01-10 13:12:48.370066,442.8,442.6,442.8,10245748.0
2018-01-10 13:12:50.060691,442.8,442.6,442.8,10245748.0
2018-01-10 13:12:51.402222,442.8,442.6,442.8,10245748.0
2018-01-10 13:12:53.285848,442.8,442.6,442.8,10245748.0
2018-01-10 13:12:54.750669,442.8,442.6,442.8,10245748.0
2018-01-10 13:12:56.596708,442.8,442.6,442.8,10245748.0
2018-01-10 13:12:58.443479,442.8,442.6,442.8,10245748.0
2018-01-10 13:12:59.828131,442.8,442.6,442.8,10245748.0
2018-01-10 13:13:01.052883,442.8,442.6,442.8,10245748.0
2018-01-10 13:13:06.496824,442.8,442.6,442.8,10245748.0
2018-01-10 13:13:08.463314,442.8,442.6,442.8,10245748.0
2018-01-10 13:13:10.250905,442.8,442.6,442.8,10245748.0
2018-01-10 13:13:12.127367,442.8,442.6,442.8,10245748.0
2018-01-10 13:13:14.000831,442.6,442.6,442.8,10248854.0
2018-01-10 13:13:15.969770,442.6,442.6,442.8,10248854.0
2018-01-10 13:13:17.810716,442.6,442.6,442.8,10251954.0
2018-01-10 13:13:19.733831,442.6,442.6,442.8,10251954.0
2018-01-10 13:13:20.890647,442.6,442.4,442.6,10258099.0
2018-01-10 13:13:22.800092,442.6,442.4,442.6,10258099.0
2018-01-10 13:13:23.940008,442.6,442.4,442.6,10258099.0
2018-01-10 13:13:25.130559,442.6,442.4,442.6,10258099.0
2018-01-10 13:13:27.061292,442.6,442.4,442.6,10258099.0
2018-01-10 13:13:29.018072,442.6,442.4,442.6,10258099.0
2018-01-10 13:13:30.433384,442.6,442.4,442.6,10258099.0
2018-01-10 13:13:32.177472,442.6,442.4,442.6,10258099.0
2018-01-10 13:13:34.129262,442.6,442.4,442.6,10258099.0
2018-01-10 13:13:36.021384,442.6,442.4,442.6,10258099.0
2018-01-10 13:13:37.514726,442.6,442.4,442.6,10258099.0
2018-01-10 13:13:39.387828,442.6,442.4,442.6,10258099.0
2018-01-10 13:13:41.206192,442.6,442.4,442.6,10258099.0
2018-01-10 13:13:42.819484,442.6,442.4,442.6,10258099.0
2018-01-10 13:13:44.403917,442.6,442.4,442.6,10260899.0
2018-01-10 13:13:46.115858,442.6,442.4,442.6,10260899.0
2018-01-10 13:13:48.115188,442.6,442.4,442.6,10260899.0
2018-01-10 13:13:50.173980,442.6,442.4,442.6,10260899.0
2018-01-10 13:13:52.075151,442.6,442.4,442.6,10260899.0
2018-01-10 13:13:53.927428,442.6,442.4,442.6,10260899.0
2018-01-10 13:13:55.839371,442.6,442.4,442.6,10260899.0
2018-01-10 13:13:57.428316,442.4,442.4,442.6,10263399.0
2018-01-10 13:13:59.488535,442.4,442.4,442.6,10263399.0
2018-01-10 13:14:01.511401,442.4,442.4,442.6,10263399.0
2018-01-10 13:14:03.068638,442.4,442.4,442.6,10263399.0
2018-01-10 13:14:04.758615,442.4,442.4,442.6,10263399.0
2018-01-10 13:14:06.515439,442.4,442.4,442.6,10263399.0
2018-01-10 13:14:08.068537,442.4,442.4,442.6,10268099.0
2018-01-10 13:14:09.774745,442.4,442.4,442.6,10268099.0
2018-01-10 13:14:11.602648,442.4,442.4,442.6,10268099.0
2018-01-10 13:14:13.590300,442.4,442.4,442.6,10272699.0
2018-01-10 13:14:15.441637,442.4,442.4,442.6,10301099.0
2018-01-10 13:14:17.844065,442.4,442.4,442.6,10301099.0
2018-01-10 13:14:19.860742,442.4,442.4,442.6,10301099.0
2018-01-10 13:14:22.032329,442.4,442.4,442.6,10301099.0
2018-01-10 13:14:23.786452,442.4,442.2,442.4,10303399.0
2018-01-10 13:14:25.726594,442.2,442.0,442.2,10313799.0
2018-01-10 13:14:27.629747,442.2,442.0,442.2,10313799.0
2018-01-10 13:14:29.247590,442.2,442.0,442.2,10313799.0
2018-01-10 13:14:31.317641,442.2,442.0,442.2,10313799.0
2018-01-10 13:14:33.040728,442.2,442.0,442.2,10313799.0
2018-01-10 13:14:35.562147,442.2,442.2,442.4,10327799.0
2018-01-10 13:14:37.806487,442.2,442.2,442.4,10327799.0
2018-01-10 13:14:39.790787,442.2,442.2,442.4,10327799.0
2018-01-10 13:14:41.954978,442.2,442.2,442.4,10327799.0
2018-01-10 13:14:43.911500,442.2,442.2,442.4,10337199.0
2018-01-10 13:14:45.944379,442.2,442.2,442.4,10337199.0
2018-01-10 13:14:48.017430,442.2,442.2,442.4,10337199.0
2018-01-10 13:14:49.719298,442.2,442.2,442.4,10337199.0
2018-01-10 13:14:51.382682,442.2,442.2,442.4,10337199.0
2018-01-10 13:14:53.219192,442.2,442.2,442.4,10337199.0
2018-01-10 13:14:54.577569,442.2,442.2,442.4,10337199.0
2018-01-10 13:14:55.764524,442.2,442.2,442.4,10337199.0
2018-01-10 13:14:57.545501,442.2,442.2,442.4,10337199.0
2018-01-10 13:14:59.468804,442.2,442.2,442.4,10337199.0
2018-01-10 13:15:01.462194,442.2,442.2,442.4,10337199.0
2018-01-10 13:15:02.951567,442.2,442.2,442.4,10337199.0
2018-01-10 13:15:04.326636,442.2,442.2,442.4,10337199.0
2018-01-10 13:15:05.289017,442.2,442.2,442.4,10337199.0
2018-01-10 13:15:06.700621,442.2,442.2,442.4,10337199.0
2018-01-10 13:15:08.154786,442.2,442.2,442.4,10337199.0
2018-01-10 13:15:09.594852,442.2,442.2,442.4,10337199.0
2018-01-10 13:15:11.033903,442.4,442.2,442.4,10341199.0
2018-01-10 13:15:12.658764,442.4,442.2,442.4,10341199.0
2018-01-10 13:15:14.258248,442.4,442.2,442.4,10341199.0
2018-01-10 13:15:15.751615,442.4,442.2,442.4,10341199.0
2018-01-10 13:15:17.187670,442.4,442.2,442.4,10341199.0
2018-01-10 13:15:18.907024,442.4,442.2,442.4,10341199.0
2018-01-10 13:15:20.351753,442.4,442.2,442.4,10341199.0
2018-01-10 13:15:21.999688,442.4,442.2,442.4,10341199.0
2018-01-10 13:15:23.269817,442.4,442.2,442.4,10341199.0
2018-01-10 13:15:24.346719,442.4,442.2,442.4,10341199.0
2018-01-10 13:15:25.779053,442.4,442.2,442.4,10341199.0
2018-01-10 13:15:27.367668,442.4,442.2,442.4,10341199.0
2018-01-10 13:15:29.219751,442.4,442.2,442.4,10341199.0
2018-01-10 13:15:30.844300,442.4,442.2,442.6,10352099.0
2018-01-10 13:15:32.491505,442.4,442.2,442.6,10352099.0
2018-01-10 13:15:34.046861,442.4,442.2,442.6,10352099.0
2018-01-10 13:15:35.182419,442.4,442.2,442.6,10352099.0
2018-01-10 13:15:38.068611,442.4,442.2,442.6,10352099.0
2018-01-10 13:15:39.545335,442.4,442.2,442.6,10352099.0
2018-01-10 13:15:41.423572,442.4,442.2,442.6,10352099.0
2018-01-10 13:15:42.819980,442.4,442.2,442.6,10352099.0
2018-01-10 13:15:43.790978,442.4,442.2,442.6,10352099.0
2018-01-10 13:15:44.958241,442.4,442.2,442.6,10352099.0
2018-01-10 13:15:46.542764,442.4,442.2,442.6,10352099.0
2018-01-10 13:15:47.954898,442.4,442.2,442.6,10352099.0
2018-01-10 13:15:49.421418,442.4,442.2,442.6,10352099.0
2018-01-10 13:15:51.116395,442.4,442.2,442.6,10352099.0
2018-01-10 13:15:52.572005,442.4,442.2,442.6,10352099.0
2018-01-10 13:15:53.634890,442.4,442.2,442.6,10352099.0
2018-01-10 13:15:54.820201,442.4,442.2,442.6,10352099.0
2018-01-10 13:15:56.389699,442.4,442.2,442.6,10352099.0
2018-01-10 13:15:57.573298,442.4,442.2,442.6,10352099.0
2018-01-10 13:15:58.762833,442.4,442.2,442.6,10352099.0
2018-01-10 13:16:00.339833,442.4,442.4,442.6,10353899.0
2018-01-10 13:16:01.929289,442.4,442.4,442.6,10353899.0
2018-01-10 13:16:03.431154,442.4,442.4,442.6,10353899.0
2018-01-10 13:16:05.151643,442.4,442.4,442.6,10353899.0
2018-01-10 13:16:06.681395,442.4,442.4,442.6,10353899.0
2018-01-10 13:16:08.510748,442.4,442.4,442.6,10353899.0
2018-01-10 13:16:09.706726,442.4,442.4,442.6,10353899.0
2018-01-10 13:16:11.487263,442.4,442.4,442.6,10353899.0
2018-01-10 13:16:13.317538,442.4,442.4,442.6,10353899.0
2018-01-10 13:16:15.027619,442.4,442.4,442.6,10353899.0
2018-01-10 13:16:16.430986,442.4,442.4,442.6,10353899.0
2018-01-10 13:16:18.168480,442.4,442.4,442.6,10353899.0
2018-01-10 13:16:19.417147,442.4,442.4,442.6,10353899.0
2018-01-10 13:16:21.230494,442.4,442.4,442.6,10353899.0
2018-01-10 13:16:22.533627,442.4,442.4,442.6,10353899.0
2018-01-10 13:16:23.918294,442.4,442.4,442.6,10353899.0
2018-01-10 13:16:25.334707,442.4,442.4,442.6,10353899.0
2018-01-10 13:16:26.958029,442.4,442.4,442.6,10353899.0
2018-01-10 13:16:28.545207,442.4,442.4,442.6,10353899.0
2018-01-10 13:16:30.378431,442.4,442.4,442.6,10353899.0
2018-01-10 13:16:31.844700,442.4,442.4,442.6,10353899.0
2018-01-10 13:16:33.367092,442.4,442.4,442.6,10353899.0
2018-01-10 13:16:34.985983,442.4,442.4,442.6,10353899.0
2018-01-10 13:16:36.577413,442.4,442.4,442.6,10356099.0
2018-01-10 13:16:38.453251,442.4,442.4,442.6,10356099.0
2018-01-10 13:16:39.766761,442.4,442.4,442.6,10356099.0
2018-01-10 13:16:41.139447,442.4,442.4,442.6,10356099.0
2018-01-10 13:16:43.966867,442.4,442.4,442.6,10356099.0
2018-01-10 13:16:45.506781,442.4,442.4,442.6,10356099.0
2018-01-10 13:16:46.853706,442.4,442.4,442.6,10356099.0
2018-01-10 13:16:48.375298,442.4,442.4,442.6,10356099.0
2018-01-10 13:16:49.828054,442.4,442.4,442.6,10356099.0
2018-01-10 13:16:51.142678,442.4,442.4,442.6,10356099.0
2018-01-10 13:16:53.087088,442.4,442.4,442.6,10356099.0
2018-01-10 13:16:54.533630,442.4,442.4,442.6,10356099.0
2018-01-10 13:16:56.078068,442.4,442.4,442.6,10356099.0
2018-01-10 13:16:57.417991,442.4,442.4,442.6,10356099.0
2018-01-10 13:16:59.287532,442.4,442.4,442.6,10356099.0
2018-01-10 13:17:00.840078,442.4,442.4,442.6,10356099.0
2018-01-10 13:17:02.001856,442.4,442.4,442.6,10356099.0
2018-01-10 13:17:03.717448,442.4,442.4,442.6,10356099.0
2018-01-10 13:17:05.190205,442.4,442.4,442.6,10356099.0
2018-01-10 13:17:06.795628,442.4,442.4,442.6,10356099.0
2018-01-10 13:17:08.271143,442.6,442.4,442.8,10367899.0
2018-01-10 13:17:09.636501,442.6,442.4,442.8,10367899.0
2018-01-10 13:17:11.252776,442.6,442.4,442.8,10367899.0
2018-01-10 13:17:12.140723,442.6,442.4,442.8,10367899.0
2018-01-10 13:17:13.693643,442.6,442.4,442.8,10367899.0
2018-01-10 13:17:15.471328,442.6,442.4,442.8,10367899.0
2018-01-10 13:17:16.983839,442.6,442.4,442.8,10367899.0
2018-01-10 13:17:18.511547,442.8,442.6,442.8,10368999.0
2018-01-10 13:17:20.343368,442.8,442.6,442.8,10368999.0
2018-01-10 13:17:22.361395,442.8,442.6,442.8,10368999.0
2018-01-10 13:17:24.426767,442.8,442.6,442.8,10368999.0
2018-01-10 13:17:26.242231,442.6,442.6,442.8,10376099.0
2018-01-10 13:17:28.007395,442.6,442.6,442.8,10376099.0
2018-01-10 13:17:29.505943,442.6,442.6,442.8,10376099.0
2018-01-10 13:17:31.187636,442.6,442.6,442.8,10376099.0
2018-01-10 13:17:32.912066,442.6,442.6,442.8,10376099.0
2018-01-10 13:17:34.874994,442.6,442.6,442.8,10376099.0
2018-01-10 13:17:36.708072,442.6,442.4,442.6,10384299.0
2018-01-10 13:17:38.170743,442.6,442.4,442.6,10384299.0
2018-01-10 13:17:40.222810,442.6,442.4,442.6,10384299.0
2018-01-10 13:17:42.134932,442.6,442.4,442.6,10384299.0
2018-01-10 13:17:43.946918,442.6,442.4,442.6,10384299.0
2018-01-10 13:17:45.581380,442.6,442.4,442.6,10384299.0
2018-01-10 13:17:47.365629,442.6,442.4,442.6,10384299.0
2018-01-10 13:17:49.680727,442.4,442.4,442.8,10392199.0
2018-01-10 13:17:51.409543,442.4,442.4,442.8,10392199.0
2018-01-10 13:17:53.126593,442.4,442.4,442.8,10392199.0
2018-01-10 13:17:54.893658,442.4,442.4,442.8,10392199.0
2018-01-10 13:17:56.557629,442.4,442.4,442.8,10392199.0
2018-01-10 13:17:58.403164,442.4,442.4,442.8,10392199.0
2018-01-10 13:18:00.210393,442.4,442.4,442.8,10392199.0
2018-01-10 13:18:01.860259,442.4,442.4,442.6,10406499.0
2018-01-10 13:18:05.360203,442.4,442.4,442.6,10406499.0
2018-01-10 13:18:08.202493,442.4,442.4,442.6,10406499.0
2018-01-10 13:18:10.277816,442.4,442.4,442.6,10406499.0
2018-01-10 13:18:14.440540,442.4,442.2,442.4,10413599.0
2018-01-10 13:18:17.334504,442.4,442.2,442.4,10413599.0
2018-01-10 13:18:19.219699,442.4,442.2,442.4,10413599.0
2018-01-10 13:18:21.206793,442.4,442.2,442.4,10413599.0
2018-01-10 13:18:22.890343,442.4,442.2,442.4,10413599.0
2018-01-10 13:18:24.341692,442.4,442.2,442.4,10413599.0
2018-01-10 13:18:25.668458,442.4,442.2,442.4,10413599.0
2018-01-10 13:18:27.622224,442.4,442.2,442.4,10413599.0
2018-01-10 13:18:29.425588,442.4,442.2,442.4,10413599.0
2018-01-10 13:18:31.373396,442.4,442.2,442.4,10413599.0
2018-01-10 13:18:33.151399,442.4,442.2,442.4,10413599.0
2018-01-10 13:18:34.901061,442.4,442.2,442.4,10413599.0
2018-01-10 13:18:36.569165,442.4,442.2,442.4,10413599.0
2018-01-10 13:18:37.782980,442.4,442.2,442.4,10419199.0
2018-01-10 13:18:39.550934,442.4,442.2,442.4,10419199.0
2018-01-10 13:18:41.550701,442.4,442.2,442.4,10419199.0
2018-01-10 13:18:43.704416,442.4,442.2,442.4,10419199.0
2018-01-10 13:18:45.411416,442.6,442.4,442.6,10422399.0
2018-01-10 13:18:47.209298,442.6,442.4,442.6,10422399.0
2018-01-10 13:18:48.574811,442.6,442.4,442.6,10422399.0
2018-01-10 13:18:50.329840,442.6,442.4,442.6,10422399.0
2018-01-10 13:18:52.154943,442.6,442.4,442.6,10422399.0
2018-01-10 13:18:53.335751,442.6,442.4,442.6,10422399.0
2018-01-10 13:18:55.264841,442.6,442.4,442.6,10422399.0
2018-01-10 13:18:56.910583,442.6,442.4,442.6,10422399.0
2018-01-10 13:18:58.608956,442.6,442.4,442.6,10422399.0
2018-01-10 13:18:59.868800,442.6,442.4,442.6,10422399.0
2018-01-10 13:19:01.528197,442.6,442.4,442.6,10422399.0
2018-01-10 13:19:03.276094,442.6,442.4,442.6,10422399.0
2018-01-10 13:19:04.809340,442.6,442.4,442.6,10422399.0
2018-01-10 13:19:06.373301,442.6,442.4,442.6,10422399.0
2018-01-10 13:19:08.185263,442.6,442.4,442.6,10422399.0
2018-01-10 13:19:09.466508,442.6,442.4,442.6,10422399.0
2018-01-10 13:19:10.554277,442.6,442.4,442.6,10422399.0
2018-01-10 13:19:11.760322,442.6,442.4,442.6,10422399.0
2018-01-10 13:19:13.205277,442.4,442.4,442.6,10427899.0
2018-01-10 13:19:16.999984,442.4,442.4,442.6,10427899.0
2018-01-10 13:19:18.622520,442.4,442.4,442.6,10427899.0
2018-01-10 13:19:20.366682,442.4,442.4,442.6,10427899.0
2018-01-10 13:19:21.462218,442.4,442.4,442.6,10427899.0
2018-01-10 13:19:23.153538,442.4,442.4,442.6,10427899.0
2018-01-10 13:19:24.335311,442.4,442.4,442.6,10427899.0
2018-01-10 13:19:26.118664,442.4,442.4,442.6,10427899.0
2018-01-10 13:19:27.326381,442.4,442.4,442.6,10427899.0
2018-01-10 13:19:29.209749,442.4,442.4,442.6,10427899.0
2018-01-10 13:19:31.000467,442.4,442.4,442.6,10427899.0
2018-01-10 13:19:33.072544,442.4,442.4,442.6,10434799.0
2018-01-10 13:19:34.600807,442.4,442.4,442.6,10434799.0
2018-01-10 13:19:36.390080,442.4,442.4,442.6,10434799.0
2018-01-10 13:19:38.262522,442.4,442.4,442.6,10434799.0
2018-01-10 13:19:39.941418,442.4,442.2,442.4,10442199.0
2018-01-10 13:19:41.856564,442.4,442.2,442.4,10442199.0
2018-01-10 13:19:43.325469,442.4,442.2,442.4,10442199.0
2018-01-10 13:19:45.072592,442.4,442.2,442.4,10442199.0
2018-01-10 13:19:47.188622,442.4,442.2,442.4,10442199.0
2018-01-10 13:19:49.370826,442.4,442.2,442.4,10442199.0
2018-01-10 13:19:51.383986,442.4,442.2,442.4,10442199.0
2018-01-10 13:19:53.245076,442.4,442.2,442.4,10442199.0
2018-01-10 13:19:55.009214,442.4,442.2,442.4,10442199.0
2018-01-10 13:19:56.367094,442.4,442.2,442.4,10442199.0
2018-01-10 13:19:58.189252,442.4,442.2,442.4,10442199.0
2018-01-10 13:20:00.076738,442.4,442.2,442.4,10442199.0
2018-01-10 13:20:05.551690,442.4,442.2,442.4,10442199.0
2018-01-10 13:20:07.703348,442.4,442.2,442.4,10442199.0
2018-01-10 13:20:09.627288,442.4,442.2,442.4,10442199.0
2018-01-10 13:20:12.224574,442.2,442.2,442.6,10453874.0
2018-01-10 13:20:16.753497,442.2,442.2,442.6,10453874.0
2018-01-10 13:20:18.514815,442.2,442.2,442.6,10453874.0
2018-01-10 13:20:20.375364,442.2,442.2,442.6,10453874.0
2018-01-10 13:20:22.605047,442.2,442.2,442.6,10458674.0
2018-01-10 13:20:24.032689,442.2,442.2,442.6,10458674.0
2018-01-10 13:20:26.148854,442.2,442.2,442.6,10458674.0
2018-01-10 13:20:27.892674,442.2,442.2,442.6,10458674.0
2018-01-10 13:20:29.747117,442.2,442.2,442.6,10458674.0
2018-01-10 13:20:31.543554,442.2,442.2,442.6,10458674.0
2018-01-10 13:20:33.431336,442.2,442.2,442.6,10458674.0
2018-01-10 13:20:35.371904,442.2,442.2,442.6,10458674.0
2018-01-10 13:20:37.080327,442.2,442.2,442.6,10458674.0
2018-01-10 13:20:38.921419,442.2,442.2,442.6,10458674.0
2018-01-10 13:20:40.875571,442.2,442.2,442.6,10458674.0
2018-01-10 13:20:42.745780,442.2,442.2,442.6,10458674.0
2018-01-10 13:20:44.001808,442.2,442.2,442.4,10461374.0
2018-01-10 13:20:45.410263,442.2,442.2,442.4,10461374.0
2018-01-10 13:20:47.475539,442.2,442.2,442.4,10461374.0
2018-01-10 13:20:49.161776,442.2,442.2,442.4,10461374.0
2018-01-10 13:20:50.324643,442.2,442.2,442.4,10461374.0
2018-01-10 13:20:51.930994,442.2,442.2,442.4,10461374.0
2018-01-10 13:20:53.422761,442.2,442.2,442.4,10461374.0
2018-01-10 13:20:55.280764,442.2,442.2,442.4,10461374.0
2018-01-10 13:20:57.281193,442.2,442.2,442.4,10461374.0
2018-01-10 13:20:58.997817,442.2,442.2,442.4,10461374.0
2018-01-10 13:21:00.245486,442.2,442.2,442.4,10461374.0
2018-01-10 13:21:03.786748,442.2,442.2,442.4,10461374.0
2018-01-10 13:21:07.851516,442.2,442.2,442.4,10469474.0
2018-01-10 13:21:12.041993,442.2,442.2,442.4,10469474.0
2018-01-10 13:21:13.265628,442.2,442.0,442.2,10473574.0
2018-01-10 13:21:15.478699,442.2,442.0,442.2,10473574.0
2018-01-10 13:21:17.838471,442.2,442.0,442.2,10473574.0
2018-01-10 13:21:19.682081,442.2,442.0,442.2,10473574.0
2018-01-10 13:21:21.433429,442.2,442.0,442.2,10473574.0
2018-01-10 13:21:23.544414,442.2,442.0,442.2,10473574.0
2018-01-10 13:21:25.616301,442.2,442.0,442.2,10473574.0
2018-01-10 13:21:26.829912,442.2,442.0,442.2,10473574.0
2018-01-10 13:21:28.837533,442.2,442.0,442.2,10473574.0
2018-01-10 13:21:30.016280,442.0,442.0,442.2,10479174.0
2018-01-10 13:21:31.968387,442.0,442.0,442.2,10479174.0
2018-01-10 13:21:34.033629,442.0,442.0,442.2,10479174.0
2018-01-10 13:21:36.119264,442.0,442.0,442.2,10479174.0
2018-01-10 13:21:38.034615,442.0,442.0,442.2,10479174.0
2018-01-10 13:21:40.116918,442.0,442.0,442.2,10479174.0
2018-01-10 13:21:41.704661,442.0,442.0,442.2,10479174.0
2018-01-10 13:21:43.485158,442.0,442.0,442.2,10479174.0
2018-01-10 13:21:45.677589,442.0,442.0,442.2,10479174.0
2018-01-10 13:21:47.093697,442.0,442.0,442.2,10482674.0
2018-01-10 13:21:48.405934,442.0,442.0,442.2,10482674.0
2018-01-10 13:21:50.168977,442.0,442.0,442.2,10482674.0
2018-01-10 13:21:51.691875,442.0,442.0,442.2,10482674.0
2018-01-10 13:21:53.267514,442.0,442.0,442.2,10482674.0
2018-01-10 13:21:54.406076,442.0,442.0,442.2,10482674.0
2018-01-10 13:21:55.721312,442.2,442.0,442.2,10490574.0
2018-01-10 13:21:57.141980,442.2,442.0,442.2,10490574.0
2018-01-10 13:21:58.937524,442.0,442.0,442.2,10505974.0
2018-01-10 13:22:00.529583,442.0,442.0,442.2,10505974.0
2018-01-10 13:22:02.221697,442.0,442.0,442.2,10505974.0
2018-01-10 13:22:03.919269,442.0,442.0,442.2,10505974.0
2018-01-10 13:22:06.372462,442.0,442.0,442.2,10512174.0
2018-01-10 13:22:07.771196,442.0,442.0,442.2,10512174.0
2018-01-10 13:22:09.339543,442.0,442.0,442.2,10512174.0
2018-01-10 13:22:10.953242,442.0,442.0,442.2,10514774.0
2018-01-10 13:22:12.280867,442.0,442.0,442.2,10514774.0
2018-01-10 13:22:13.905234,442.0,442.0,442.2,10514774.0
2018-01-10 13:22:15.355386,442.0,442.0,442.2,10514774.0
2018-01-10 13:22:16.972078,442.0,442.0,442.2,10514774.0
2018-01-10 13:22:18.877138,442.0,442.0,442.2,10518274.0
2018-01-10 13:22:20.182047,442.0,442.0,442.2,10518274.0
2018-01-10 13:22:21.645399,442.0,442.0,442.2,10518274.0
2018-01-10 13:22:23.227889,442.0,442.0,442.2,10518274.0
2018-01-10 13:22:24.761264,442.0,442.0,442.2,10518274.0
2018-01-10 13:22:26.614870,442.0,442.0,442.2,10518274.0
2018-01-10 13:22:28.613491,442.0,442.0,442.2,10518274.0
2018-01-10 13:22:30.550985,442.0,442.0,442.2,10518274.0
2018-01-10 13:22:31.997976,442.0,442.0,442.2,10518274.0
2018-01-10 13:22:33.487515,442.0,442.0,442.2,10520574.0
2018-01-10 13:22:35.101340,442.0,442.0,442.2,10520574.0
2018-01-10 13:22:36.535738,442.0,442.0,442.2,10520574.0
2018-01-10 13:22:38.311019,442.0,442.0,442.2,10520574.0
2018-01-10 13:22:39.588945,442.0,442.0,442.2,10520574.0
2018-01-10 13:22:41.091479,442.0,442.0,442.2,10520574.0
2018-01-10 13:22:42.664002,442.0,442.0,442.2,10520574.0
2018-01-10 13:22:44.265840,442.0,442.0,442.2,10520574.0
2018-01-10 13:22:46.000213,442.2,442.0,442.2,10523774.0
2018-01-10 13:22:47.535747,442.2,442.0,442.2,10523774.0
2018-01-10 13:22:48.937835,442.2,442.0,442.2,10523774.0
2018-01-10 13:22:50.493549,442.2,442.0,442.2,10523774.0
2018-01-10 13:22:52.020382,442.0,442.0,442.2,10527174.0
2018-01-10 13:22:53.512032,442.0,442.0,442.2,10544474.0
2018-01-10 13:22:55.018952,442.0,442.0,442.2,10544474.0
2018-01-10 13:22:56.667447,442.0,442.0,442.2,10544474.0
2018-01-10 13:22:58.871826,442.0,442.0,442.2,10550674.0
2018-01-10 13:23:00.152928,442.0,442.0,442.2,10573574.0
2018-01-10 13:23:01.257898,441.8,441.8,442.0,10591374.0
2018-01-10 13:23:02.749791,441.8,441.8,442.0,10599474.0
2018-01-10 13:23:04.224504,441.8,441.8,442.0,10599474.0
2018-01-10 13:23:05.222267,441.8,441.8,442.0,10599474.0
2018-01-10 13:23:06.729562,441.8,441.8,442.0,10599474.0
2018-01-10 13:23:08.182722,441.6,441.6,441.8,10604074.0
2018-01-10 13:23:09.649046,441.6,441.6,441.8,10604074.0
2018-01-10 13:23:11.039727,441.6,441.6,441.8,10604074.0
2018-01-10 13:23:12.663447,441.6,441.6,441.8,10604074.0
2018-01-10 13:23:14.711663,441.6,441.6,441.8,10605574.0
2018-01-10 13:23:16.657692,441.6,441.6,441.8,10605574.0
2018-01-10 13:23:18.499955,441.8,441.6,441.8,10611609.0
2018-01-10 13:23:20.242965,441.8,441.6,441.8,10611609.0
2018-01-10 13:23:22.214332,441.8,441.6,441.8,10611609.0
2018-01-10 13:23:24.057293,441.8,441.8,442.0,10625426.0
2018-01-10 13:23:25.849104,441.8,441.8,442.0,10625426.0
2018-01-10 13:23:27.856143,441.6,441.4,441.6,10634445.0
2018-01-10 13:23:29.912695,441.6,441.4,441.6,10634445.0
2018-01-10 13:23:31.348397,441.4,441.4,441.6,10640265.0
2018-01-10 13:23:33.051164,441.4,441.4,441.6,10640265.0
2018-01-10 13:23:35.255313,441.4,441.4,441.6,10640265.0
2018-01-10 13:23:37.057316,441.4,441.4,441.6,10640265.0
2018-01-10 13:23:38.709022,441.4,441.4,441.6,10640265.0
2018-01-10 13:23:41.108391,441.4,441.4,441.6,10659273.0
2018-01-10 13:23:43.027853,441.4,441.4,441.6,10659273.0
2018-01-10 13:23:45.507945,441.4,441.2,441.4,10666773.0
2018-01-10 13:23:47.355724,441.4,441.2,441.4,10666773.0
2018-01-10 13:23:49.601057,441.4,441.2,441.4,10666773.0
2018-01-10 13:23:50.770268,441.4,441.2,441.4,10666773.0
2018-01-10 13:23:52.869556,441.4,441.2,441.4,10666773.0
2018-01-10 13:23:54.772682,441.4,441.2,441.4,10666773.0
2018-01-10 13:23:56.633688,441.4,441.2,441.4,10666773.0
2018-01-10 13:23:58.008519,441.4,441.2,441.4,10666773.0
2018-01-10 13:23:59.679992,441.4,441.2,441.4,10666773.0
2018-01-10 13:24:00.942666,441.4,441.2,441.4,10671774.0
2018-01-10 13:24:02.736197,441.4,441.2,441.4,10671774.0
2018-01-10 13:24:04.399931,441.0,441.0,441.4,10687074.0
2018-01-10 13:24:06.070960,441.0,441.0,441.4,10687074.0
2018-01-10 13:24:07.549701,441.0,441.0,441.4,10687074.0
2018-01-10 13:24:12.356093,441.0,441.0,441.4,10720069.0
2018-01-10 13:24:14.077046,441.0,441.0,441.4,10720069.0
2018-01-10 13:24:16.209933,441.2,441.0,441.2,10724969.0
2018-01-10 13:24:17.745624,441.2,441.0,441.2,10724969.0
2018-01-10 13:24:19.048350,441.2,441.0,441.2,10724969.0
2018-01-10 13:24:21.092197,441.2,441.0,441.2,10724969.0
2018-01-10 13:24:22.394851,441.6,441.2,441.6,10744469.0
2018-01-10 13:24:24.350147,441.6,441.2,441.6,10744469.0
2018-01-10 13:24:26.393779,441.6,441.2,441.6,10744469.0
2018-01-10 13:24:27.718243,441.6,441.2,441.6,10744469.0
2018-01-10 13:24:29.705572,441.6,441.2,441.6,10744469.0
2018-01-10 13:24:31.939416,441.2,441.2,441.6,10750675.0
2018-01-10 13:24:33.842232,441.2,441.2,441.6,10750675.0
2018-01-10 13:24:35.634302,441.2,441.2,441.6,10750675.0
2018-01-10 13:24:37.789807,441.2,441.2,441.6,10750675.0
2018-01-10 13:24:39.609828,441.2,441.2,441.6,10750675.0
2018-01-10 13:24:41.216406,441.2,441.2,441.6,10750675.0
2018-01-10 13:24:42.888176,441.2,441.2,441.6,10750675.0
2018-01-10 13:24:44.799639,441.2,441.2,441.6,10750675.0
2018-01-10 13:24:46.604010,441.2,441.2,441.6,10750675.0
2018-01-10 13:24:48.484063,441.2,441.2,441.6,10750675.0
2018-01-10 13:24:50.088140,441.4,441.4,441.6,10754375.0
2018-01-10 13:24:51.970186,441.4,441.4,441.6,10754375.0
2018-01-10 13:24:54.029706,441.4,441.4,441.6,10754375.0
2018-01-10 13:24:55.978550,441.4,441.4,441.6,10754375.0
2018-01-10 13:24:57.210533,441.2,441.2,441.6,10769975.0
2018-01-10 13:24:59.159439,441.2,441.2,441.6,10769975.0
2018-01-10 13:25:00.994381,441.2,441.2,441.6,10769975.0
2018-01-10 13:25:02.208728,441.2,441.2,441.6,10769975.0
2018-01-10 13:25:03.925273,441.2,441.2,441.6,10769975.0
2018-01-10 13:25:07.753919,441.4,441.2,441.4,10773675.0
2018-01-10 13:25:12.394894,441.4,441.2,441.4,10773675.0
2018-01-10 13:25:17.376430,441.4,441.2,441.4,10773675.0
2018-01-10 13:25:19.335206,441.2,441.4,441.6,10780175.0
2018-01-10 13:25:21.181167,441.2,441.4,441.6,10780175.0
2018-01-10 13:25:22.371032,441.2,441.4,441.6,10780175.0
2018-01-10 13:25:24.346323,441.4,441.2,441.4,10782575.0
2018-01-10 13:25:26.255256,441.4,441.2,441.4,10782575.0
2018-01-10 13:25:27.420180,441.4,441.2,441.4,10782575.0
2018-01-10 13:25:29.123374,441.4,441.2,441.4,10782575.0
2018-01-10 13:25:31.017775,441.4,441.2,441.4,10782575.0
2018-01-10 13:25:32.820872,441.4,441.2,441.4,10782575.0
2018-01-10 13:25:34.571716,441.4,441.2,441.4,10782575.0
2018-01-10 13:25:36.303104,441.4,441.2,441.4,10782575.0
2018-01-10 13:25:37.803513,441.4,441.2,441.4,10782575.0
2018-01-10 13:25:39.561086,441.6,441.4,441.8,10801175.0
2018-01-10 13:25:41.500725,441.6,441.4,441.8,10801175.0
2018-01-10 13:25:43.160367,441.6,441.4,441.8,10801175.0
2018-01-10 13:25:44.974715,441.6,441.4,441.8,10801175.0
2018-01-10 13:25:46.976211,441.8,441.4,441.8,10809975.0
2018-01-10 13:25:48.268641,441.8,441.4,441.8,10809975.0
2018-01-10 13:25:50.144086,441.8,441.4,441.8,10809975.0
2018-01-10 13:25:52.052874,441.8,441.4,441.8,10809975.0
2018-01-10 13:25:53.876026,441.8,441.4,441.8,10809975.0
2018-01-10 13:25:55.968877,441.8,441.4,441.8,10809975.0
2018-01-10 13:25:57.937489,441.8,441.4,441.8,10809975.0
2018-01-10 13:25:59.829754,441.8,441.4,441.8,10809975.0
2018-01-10 13:26:01.462635,441.8,441.4,441.8,10809975.0
2018-01-10 13:26:03.275674,441.8,441.4,441.8,10809975.0
2018-01-10 13:26:05.048320,441.8,441.4,441.8,10809975.0
2018-01-10 13:26:06.837826,441.8,441.4,441.8,10809975.0
2018-01-10 13:26:10.561159,441.8,441.4,441.8,10809975.0
2018-01-10 13:26:13.179134,441.8,441.4,441.8,10809975.0
2018-01-10 13:26:15.081889,441.8,441.6,441.8,10812775.0
2018-01-10 13:26:16.776383,441.8,441.6,441.8,10812775.0
2018-01-10 13:26:18.563479,441.8,441.6,441.8,10812775.0
2018-01-10 13:26:20.088417,441.8,441.6,441.8,10812775.0
2018-01-10 13:26:21.861236,441.8,441.6,441.8,10812775.0
2018-01-10 13:26:24.129893,442.0,441.8,442.0,10819575.0
2018-01-10 13:26:25.997951,442.0,441.8,442.0,10819575.0
2018-01-10 13:26:27.697199,442.0,441.8,442.0,10819575.0
2018-01-10 13:26:29.616228,442.0,441.8,442.0,10835175.0
2018-01-10 13:26:31.513705,442.0,441.8,442.0,10835175.0
2018-01-10 13:26:32.881045,442.0,441.8,442.0,10835175.0
2018-01-10 13:26:34.164269,442.0,441.8,442.0,10835175.0
2018-01-10 13:26:35.672749,442.0,441.8,442.0,10835175.0
2018-01-10 13:26:37.381788,442.0,441.8,442.0,10835175.0
2018-01-10 13:26:39.073422,442.0,441.8,442.0,10835175.0
2018-01-10 13:26:40.846008,442.0,441.8,442.0,10835175.0
2018-01-10 13:26:42.739826,442.0,441.8,442.2,10854275.0
2018-01-10 13:26:44.469194,442.0,441.8,442.2,10854275.0
2018-01-10 13:26:46.438072,442.0,441.8,442.2,10854275.0
2018-01-10 13:26:48.168500,441.8,441.8,442.0,10856475.0
2018-01-10 13:26:49.997886,441.8,441.8,442.0,10856475.0
2018-01-10 13:26:51.679553,441.8,441.8,442.0,10856475.0
2018-01-10 13:26:53.821827,441.8,441.8,442.0,10856475.0
2018-01-10 13:26:55.233854,441.8,441.8,442.0,10856475.0
2018-01-10 13:26:56.790447,441.8,441.8,442.0,10856475.0
2018-01-10 13:26:58.605013,441.8,441.8,442.0,10856475.0
2018-01-10 13:27:00.313576,441.8,441.8,442.0,10856475.0
2018-01-10 13:27:02.292463,441.8,441.8,442.0,10856475.0
2018-01-10 13:27:03.768687,441.8,441.8,442.0,10856475.0
2018-01-10 13:27:05.674975,441.8,441.8,442.0,10856475.0
2018-01-10 13:27:07.342930,441.8,441.8,442.0,10856475.0
2018-01-10 13:27:09.427273,441.8,441.8,442.0,10856475.0
2018-01-10 13:27:12.618249,441.8,441.8,442.0,10856475.0
2018-01-10 13:27:14.451072,441.8,441.8,442.0,10856475.0
2018-01-10 13:27:19.735359,441.8,441.8,442.0,10856475.0
2018-01-10 13:27:21.444193,441.8,441.8,442.0,10856475.0
2018-01-10 13:27:23.409687,441.8,441.8,442.0,10856475.0
2018-01-10 13:27:25.313673,441.8,441.8,442.0,10856475.0
2018-01-10 13:27:27.138797,441.8,441.8,442.0,10856475.0
2018-01-10 13:27:28.874972,441.8,441.8,442.0,10856475.0
2018-01-10 13:27:30.993411,441.8,441.8,442.0,10858675.0
2018-01-10 13:27:32.529979,441.8,441.8,442.0,10858675.0
2018-01-10 13:27:34.345668,441.8,441.8,442.0,10858675.0
2018-01-10 13:27:36.062243,441.8,441.8,442.0,10858675.0
2018-01-10 13:27:38.044607,441.8,441.8,442.0,10858675.0
2018-01-10 13:27:39.883493,441.8,441.8,442.0,10858675.0
2018-01-10 13:27:41.209142,441.8,441.8,442.0,10858675.0
2018-01-10 13:27:43.041805,441.8,441.8,442.0,10858675.0
2018-01-10 13:27:44.750362,441.8,441.8,442.0,10858675.0
2018-01-10 13:27:46.749352,441.8,441.8,442.0,10858675.0
2018-01-10 13:27:48.616577,441.8,441.8,442.0,10861175.0
2018-01-10 13:27:50.021486,441.8,441.8,442.0,10861175.0
2018-01-10 13:27:51.954024,441.8,441.8,442.0,10861175.0
2018-01-10 13:27:53.842549,441.8,441.8,442.0,10861175.0
2018-01-10 13:27:54.899687,441.8,441.8,442.0,10861175.0
2018-01-10 13:27:56.195220,441.8,441.8,442.0,10861175.0
2018-01-10 13:27:57.900914,441.8,441.8,442.0,10861175.0
2018-01-10 13:27:59.594754,441.8,441.8,442.0,10861175.0
2018-01-10 13:28:01.622719,441.8,441.8,442.0,10861175.0
2018-01-10 13:28:02.812563,441.8,441.8,442.0,10861175.0
2018-01-10 13:28:04.102103,441.8,441.8,442.0,10861175.0
2018-01-10 13:28:06.050071,441.8,441.8,442.0,10861175.0
2018-01-10 13:28:07.951999,441.8,441.8,442.0,10864375.0
2018-01-10 13:28:09.729239,441.8,441.6,442.0,10872875.0
2018-01-10 13:28:11.222968,441.8,441.6,442.0,10872875.0
2018-01-10 13:28:13.648918,441.8,441.6,442.0,10872875.0
2018-01-10 13:28:14.978772,441.8,441.6,442.0,10872875.0
2018-01-10 13:28:18.810169,441.8,441.8,442.0,10879775.0
2018-01-10 13:28:20.474199,441.8,441.8,442.0,10879775.0
2018-01-10 13:28:21.826237,,,,
2018-01-10 13:28:23.813824,441.8,441.8,442.0,10879775.0
2018-01-10 13:28:25.409147,441.8,441.8,442.0,10879775.0
2018-01-10 13:28:27.259195,441.8,441.8,442.0,10879775.0
2018-01-10 13:28:28.981996,441.8,441.8,442.0,10879775.0
2018-01-10 13:28:30.598904,441.8,441.8,442.0,10879775.0
2018-01-10 13:28:32.418487,441.8,441.8,442.0,10879775.0
2018-01-10 13:28:34.111575,441.8,441.8,442.0,10879775.0
2018-01-10 13:28:35.972580,441.8,441.8,442.0,10885775.0
2018-01-10 13:28:37.527436,441.8,441.8,442.0,10885775.0
2018-01-10 13:28:39.393404,441.8,441.8,442.0,10885775.0
2018-01-10 13:28:41.319857,441.8,441.8,442.0,10885775.0
2018-01-10 13:28:43.475022,441.8,441.8,442.0,10894575.0
2018-01-10 13:28:45.220099,441.6,441.8,442.0,10903475.0
2018-01-10 13:28:47.016777,441.6,441.8,442.0,10903475.0
2018-01-10 13:28:48.941887,441.6,441.8,442.0,10903475.0
2018-01-10 13:28:50.863625,441.6,441.8,442.0,10903475.0
2018-01-10 13:28:52.763569,441.6,441.8,442.0,10903475.0
2018-01-10 13:28:54.606356,441.6,441.4,441.6,10925175.0
2018-01-10 13:28:56.403503,441.6,441.4,441.6,10925175.0
2018-01-10 13:28:58.280498,441.6,441.4,441.6,10925175.0
2018-01-10 13:28:59.301270,441.6,441.4,441.6,10925175.0
2018-01-10 13:29:00.486940,441.6,441.4,441.6,10925175.0
2018-01-10 13:29:02.242892,441.6,441.4,441.6,10925175.0
2018-01-10 13:29:04.215287,441.6,441.4,441.6,10925175.0
2018-01-10 13:29:06.027245,441.6,441.4,441.6,10925175.0
2018-01-10 13:29:07.421493,441.6,441.4,441.6,10925175.0
2018-01-10 13:29:09.461038,441.6,441.4,441.6,10925175.0
2018-01-10 13:29:11.351455,441.6,441.4,441.6,10925175.0
2018-01-10 13:29:12.660914,441.6,441.4,441.6,10925175.0
2018-01-10 13:29:16.489469,441.6,441.4,441.6,10925175.0
2018-01-10 13:29:17.929751,441.6,441.4,441.6,10925175.0
2018-01-10 13:29:19.639709,441.4,441.4,441.6,10926575.0
2018-01-10 13:29:21.166298,441.4,441.4,441.6,10926575.0
2018-01-10 13:29:22.826566,441.4,441.4,441.6,10926575.0
2018-01-10 13:29:24.775481,441.4,441.4,441.6,10926575.0
2018-01-10 13:29:26.409237,441.6,441.4,441.8,10938575.0
2018-01-10 13:29:28.069788,441.6,441.4,441.8,10938575.0
2018-01-10 13:29:29.585820,441.6,441.4,441.8,10938575.0
2018-01-10 13:29:31.082547,441.6,441.4,441.8,10938575.0
2018-01-10 13:29:33.237945,441.6,441.4,441.8,10938575.0
2018-01-10 13:29:34.791194,441.6,441.4,441.8,10938575.0
2018-01-10 13:29:36.272868,441.6,441.4,441.8,10938575.0
2018-01-10 13:29:37.722596,441.6,441.4,441.8,10938575.0
2018-01-10 13:29:39.328429,441.6,441.4,441.8,10938575.0
2018-01-10 13:29:40.953034,441.6,441.4,441.8,10938575.0
2018-01-10 13:29:42.607850,441.6,441.4,441.8,10938575.0
2018-01-10 13:29:44.172750,441.6,441.4,441.8,10938575.0
2018-01-10 13:29:45.723463,441.6,441.4,441.8,10938575.0
2018-01-10 13:29:47.398176,441.6,441.4,441.8,10938575.0
2018-01-10 13:29:49.307442,441.4,441.4,441.6,10943975.0
2018-01-10 13:29:50.861370,441.4,441.4,441.6,10943975.0
2018-01-10 13:29:51.918538,441.4,441.4,441.6,10943975.0
2018-01-10 13:29:52.918477,441.4,441.4,441.6,10943975.0
2018-01-10 13:29:54.988579,441.4,441.4,441.6,10943975.0
2018-01-10 13:29:56.739607,441.4,441.4,441.6,10943975.0
2018-01-10 13:29:58.546202,441.4,441.4,441.6,10943975.0
2018-01-10 13:30:00.702604,441.4,441.4,441.6,10943975.0
2018-01-10 13:30:02.537658,441.4,441.4,441.6,10943975.0
2018-01-10 13:30:04.241266,441.4,441.4,441.6,10943975.0
2018-01-10 13:30:06.076055,441.4,441.4,441.6,10943975.0
2018-01-10 13:30:07.699899,441.4,441.4,441.6,10948075.0
2018-01-10 13:30:12.587815,441.4,441.4,441.6,10948075.0
2018-01-10 13:30:14.218211,441.4,441.4,441.6,10948075.0
2018-01-10 13:30:15.524068,441.4,441.4,441.6,10948075.0
2018-01-10 13:30:17.999409,441.4,441.4,441.6,10948075.0
2018-01-10 13:30:20.149456,441.4,441.4,441.6,10948075.0
2018-01-10 13:30:21.733855,441.4,441.4,441.6,10948075.0
2018-01-10 13:30:23.579214,441.4,441.4,441.6,10948075.0
2018-01-10 13:30:25.054215,441.4,441.4,441.6,10948075.0
2018-01-10 13:30:26.846628,441.4,441.4,441.6,10948075.0
2018-01-10 13:30:28.739769,441.4,441.4,441.6,10950875.0
2018-01-10 13:30:30.531639,441.4,441.4,441.6,10950875.0
2018-01-10 13:30:31.725206,441.4,441.4,441.6,10950875.0
2018-01-10 13:30:33.273839,441.4,441.4,441.6,10950875.0
2018-01-10 13:30:34.792439,441.4,441.4,441.6,10950875.0
2018-01-10 13:30:36.453485,441.4,441.4,441.6,10950875.0
2018-01-10 13:30:38.008254,441.4,441.4,441.6,10950875.0
2018-01-10 13:30:39.700215,441.4,441.4,441.6,10950875.0
2018-01-10 13:30:41.068627,441.4,441.4,441.6,10950875.0
2018-01-10 13:30:42.339288,441.4,441.4,441.6,10950875.0
2018-01-10 13:30:43.541517,441.4,441.4,441.6,10950875.0
2018-01-10 13:30:44.830189,441.4,441.4,441.6,10950875.0
2018-01-10 13:30:46.250360,441.4,441.4,441.6,10950875.0
2018-01-10 13:30:47.986072,441.4,441.4,441.6,10952975.0
2018-01-10 13:30:49.900951,441.4,441.4,441.6,10952975.0
2018-01-10 13:30:51.577922,441.4,441.4,441.6,10952975.0
2018-01-10 13:30:53.488949,441.4,441.4,441.6,10952975.0
2018-01-10 13:30:55.384175,441.4,441.4,441.6,10952975.0
2018-01-10 13:30:56.693581,441.4,441.4,441.6,10952975.0
2018-01-10 13:30:57.887124,441.4,441.4,441.6,10952975.0
2018-01-10 13:30:59.836320,441.4,441.4,441.6,10952975.0
2018-01-10 13:31:01.501181,441.4,441.4,441.6,10954075.0
2018-01-10 13:31:03.033080,441.4,441.4,441.6,10954075.0
2018-01-10 13:31:04.866412,441.4,441.4,441.6,10954075.0
2018-01-10 13:31:06.818458,441.4,441.4,441.6,10954075.0
2018-01-10 13:31:08.254191,441.4,441.4,441.6,10954075.0
2018-01-10 13:31:09.886350,441.4,441.4,441.6,10954075.0
2018-01-10 13:31:11.452414,441.4,441.4,441.6,10954075.0
2018-01-10 13:31:12.868094,441.4,441.4,441.6,10954075.0
2018-01-10 13:31:14.589788,441.4,441.4,441.6,10954075.0
2018-01-10 13:31:16.041279,441.4,441.4,441.6,10954075.0
2018-01-10 13:31:17.481619,441.4,441.4,441.6,10956075.0
2018-01-10 13:31:18.792078,441.4,441.4,441.6,10956075.0
2018-01-10 13:31:20.159767,441.4,441.4,441.6,10956075.0
2018-01-10 13:31:21.631907,441.4,441.4,441.6,10956075.0
2018-01-10 13:31:23.102882,441.4,441.4,441.6,10956075.0
2018-01-10 13:31:24.850326,441.4,441.4,441.6,10956075.0
2018-01-10 13:31:26.288616,441.4,441.4,441.6,10956075.0
2018-01-10 13:31:27.906390,441.4,441.4,441.6,10956075.0
2018-01-10 13:31:29.385162,441.4,441.4,441.6,10956075.0
2018-01-10 13:31:31.139185,441.4,441.4,441.6,10956075.0
2018-01-10 13:31:32.916365,441.4,441.4,441.6,10956075.0
2018-01-10 13:31:34.311020,441.4,441.4,441.6,10956075.0
2018-01-10 13:31:35.774140,441.4,441.4,441.6,10956075.0
2018-01-10 13:31:37.468286,441.4,441.4,441.6,10956075.0
2018-01-10 13:31:38.810234,441.4,441.4,441.6,10956075.0
2018-01-10 13:31:40.689747,441.4,441.4,441.6,10956075.0
2018-01-10 13:31:42.451375,441.4,441.4,441.6,10956075.0
2018-01-10 13:31:44.468007,441.6,441.4,441.6,10958375.0
2018-01-10 13:31:46.080219,441.6,441.4,441.6,10958375.0
2018-01-10 13:31:47.856405,441.6,441.4,441.6,10958375.0
2018-01-10 13:31:49.846526,441.6,441.4,441.6,10958375.0
2018-01-10 13:31:51.603474,441.6,441.4,441.6,10958375.0
2018-01-10 13:31:53.512041,441.6,441.4,441.6,10958375.0
2018-01-10 13:31:55.384551,441.6,441.4,441.6,10958375.0
2018-01-10 13:31:57.018229,441.6,441.4,441.6,10958375.0
2018-01-10 13:31:58.723420,441.6,441.4,441.6,10958375.0
2018-01-10 13:32:01.196099,441.6,441.4,441.6,10958375.0
2018-01-10 13:32:02.895510,441.6,441.4,441.6,10958375.0
2018-01-10 13:32:04.302952,441.6,441.4,441.6,10961675.0
2018-01-10 13:32:08.319243,441.6,441.4,441.6,10961675.0
2018-01-10 13:32:10.258136,441.4,441.4,441.6,10965775.0
2018-01-10 13:32:15.369897,441.4,441.4,441.6,10965775.0
2018-01-10 13:32:17.418630,441.4,441.2,441.4,10968275.0
2018-01-10 13:32:19.296546,441.4,441.2,441.4,10971375.0
2018-01-10 13:32:21.173425,441.4,441.2,441.4,10971375.0
2018-01-10 13:32:22.896758,441.4,441.2,441.4,10971375.0
2018-01-10 13:32:25.103416,441.4,441.2,441.4,10971375.0
2018-01-10 13:32:26.596372,441.4,441.2,441.4,10971375.0
2018-01-10 13:32:28.380069,441.6,441.2,441.6,10974375.0
2018-01-10 13:32:30.311585,441.6,441.2,441.6,10974375.0
2018-01-10 13:32:31.651261,441.6,441.2,441.6,10974375.0
2018-01-10 13:32:32.950223,441.4,441.2,441.4,10978775.0
2018-01-10 13:32:35.119948,441.4,441.2,441.4,10978775.0
2018-01-10 13:32:36.954761,441.4,441.2,441.4,10978775.0
2018-01-10 13:32:38.201019,441.4,441.2,441.4,10981275.0
2018-01-10 13:32:39.770615,441.4,441.2,441.4,10981275.0
2018-01-10 13:32:41.512279,441.4,441.2,441.4,10981275.0
2018-01-10 13:32:43.241796,441.4,441.2,441.4,10981275.0
2018-01-10 13:32:45.215222,441.4,441.2,441.4,10981275.0
2018-01-10 13:32:46.826018,441.4,441.2,441.4,10981275.0
2018-01-10 13:32:48.492404,441.4,441.2,441.4,10981275.0
2018-01-10 13:32:50.105304,441.4,441.2,441.4,10981275.0
2018-01-10 13:32:51.454119,441.2,441.2,441.6,10982875.0
2018-01-10 13:32:53.336442,441.2,441.2,441.6,10982875.0
2018-01-10 13:32:55.254491,441.2,441.2,441.6,10982875.0
2018-01-10 13:32:57.016098,441.2,441.2,441.6,10982875.0
2018-01-10 13:32:58.762271,441.2,441.2,441.6,10982875.0
2018-01-10 13:32:59.996662,441.2,441.2,441.6,10982875.0
2018-01-10 13:33:01.865101,441.2,441.2,441.6,10982875.0
2018-01-10 13:33:03.687072,441.2,441.2,441.6,10982875.0
2018-01-10 13:33:05.270450,441.2,441.2,441.6,10982875.0
2018-01-10 13:33:06.947479,441.2,441.2,441.6,10982875.0
2018-01-10 13:33:08.466657,441.2,441.2,441.6,10982875.0
2018-01-10 13:33:10.400029,441.2,441.2,441.6,10982875.0
2018-01-10 13:33:12.370482,441.2,441.2,441.6,10982875.0
2018-01-10 13:33:15.526920,441.2,441.2,441.6,10982875.0
2018-01-10 13:33:17.434960,441.2,441.2,441.6,10982875.0
2018-01-10 13:33:19.261277,441.2,441.0,441.4,11023275.0
2018-01-10 13:33:21.114960,441.2,441.0,441.4,11023275.0
2018-01-10 13:33:22.867538,441.2,441.0,441.4,11023275.0
2018-01-10 13:33:24.329295,441.2,441.0,441.4,11023275.0
2018-01-10 13:33:26.103181,441.2,441.0,441.4,11023275.0
2018-01-10 13:33:27.658059,441.2,441.0,441.4,11023275.0
2018-01-10 13:33:29.002108,441.2,441.0,441.4,11023275.0
2018-01-10 13:33:30.606434,441.2,441.0,441.4,11023275.0
2018-01-10 13:33:32.695037,441.2,441.0,441.4,11023275.0
2018-01-10 13:33:34.145187,441.2,441.0,441.4,11023275.0
2018-01-10 13:33:36.230767,441.2,441.0,441.2,11026775.0
2018-01-10 13:33:37.947368,441.2,441.0,441.2,11026775.0
2018-01-10 13:33:39.563451,441.2,441.0,441.2,11026775.0
2018-01-10 13:33:41.359003,441.2,441.0,441.2,11026775.0
2018-01-10 13:33:42.912758,441.0,441.0,441.2,11028475.0
2018-01-10 13:33:44.726962,441.0,441.0,441.2,11028475.0
2018-01-10 13:33:46.133677,441.0,441.0,441.2,11028475.0
2018-01-10 13:33:47.851510,441.0,441.0,441.2,11028475.0
2018-01-10 13:33:49.593413,441.0,441.0,441.2,11028475.0
2018-01-10 13:33:51.837269,441.0,441.0,441.2,11028475.0
2018-01-10 13:33:53.616840,441.0,441.0,441.2,11028475.0
2018-01-10 13:33:55.460703,441.0,441.0,441.2,11032175.0
2018-01-10 13:33:57.249253,441.0,441.0,441.2,11032175.0
2018-01-10 13:33:58.796970,441.0,441.0,441.2,11065275.0
2018-01-10 13:34:00.130946,441.0,441.0,441.2,11065275.0
2018-01-10 13:34:01.757163,441.0,441.0,441.2,11065275.0
2018-01-10 13:34:03.148722,441.0,441.0,441.2,11065275.0
2018-01-10 13:34:04.702245,441.0,441.0,441.2,11065275.0
2018-01-10 13:34:05.971558,441.0,441.0,441.2,11085275.0
2018-01-10 13:34:07.997719,441.0,441.0,441.2,11085275.0
2018-01-10 13:34:09.803269,441.0,441.0,441.2,11085275.0
2018-01-10 13:34:11.937558,441.0,441.0,441.2,11089075.0
2018-01-10 13:34:13.278791,441.0,441.0,441.2,11089075.0
2018-01-10 13:34:15.145132,441.0,441.0,441.2,11089075.0
2018-01-10 13:34:16.935068,441.0,441.0,441.2,11092475.0
2018-01-10 13:34:18.802458,441.0,441.0,441.2,11092475.0
2018-01-10 13:34:21.154548,441.0,441.0,441.2,11092475.0
2018-01-10 13:34:22.901844,441.0,441.0,441.2,11094575.0
2018-01-10 13:34:24.617753,441.0,441.0,441.2,11094575.0
2018-01-10 13:34:26.435969,441.0,441.0,441.2,11094575.0
2018-01-10 13:34:28.100368,441.0,441.0,441.2,11094575.0
2018-01-10 13:34:29.737630,441.0,441.0,441.2,11094575.0
2018-01-10 13:34:31.448092,441.2,441.0,441.2,11099775.0
2018-01-10 13:34:33.273466,441.2,441.0,441.2,11125175.0
2018-01-10 13:34:34.606265,441.2,441.0,441.2,11125175.0
2018-01-10 13:34:36.449926,441.2,441.0,441.2,11125175.0
2018-01-10 13:34:37.811645,441.2,441.0,441.2,11125175.0
2018-01-10 13:34:39.465839,441.2,441.0,441.2,11125175.0
2018-01-10 13:34:41.215393,441.2,441.0,441.2,11125175.0
2018-01-10 13:34:43.016701,441.2,441.2,441.4,11132975.0
2018-01-10 13:34:45.046737,441.2,441.2,441.4,11132975.0
2018-01-10 13:34:46.947743,441.2,441.2,441.4,11132975.0
2018-01-10 13:34:49.284126,441.2,441.2,441.4,11132975.0
2018-01-10 13:34:51.264751,441.2,441.2,441.4,11132975.0
2018-01-10 13:34:52.819576,441.2,441.2,441.4,11132975.0
2018-01-10 13:34:54.754549,441.2,441.2,441.4,11132975.0
2018-01-10 13:34:56.866546,441.2,441.2,441.4,11132975.0
2018-01-10 13:34:58.855661,441.2,441.2,441.4,11132975.0
2018-01-10 13:35:00.550239,441.2,441.2,441.4,11132975.0
2018-01-10 13:35:02.060045,441.2,441.2,441.4,11132975.0
2018-01-10 13:35:04.016898,441.2,441.2,441.4,11132975.0
2018-01-10 13:35:05.828749,441.2,441.2,441.4,11132975.0
2018-01-10 13:35:07.762884,441.2,441.2,441.4,11132975.0
2018-01-10 13:35:09.517414,441.2,441.2,441.4,11132975.0
2018-01-10 13:35:14.105955,441.2,441.2,441.4,11144375.0
2018-01-10 13:35:16.042325,441.0,441.0,441.2,11149675.0
2018-01-10 13:35:17.878143,441.0,441.0,441.2,11149675.0
2018-01-10 13:35:19.937128,441.0,441.0,441.2,11149675.0
2018-01-10 13:35:22.037467,441.0,441.0,441.2,11149675.0
2018-01-10 13:35:23.969828,441.0,441.0,441.2,11149675.0
2018-01-10 13:35:25.657362,441.2,441.0,441.2,11153775.0
2018-01-10 13:35:27.088787,441.2,441.0,441.2,11153775.0
2018-01-10 13:35:28.851344,441.2,441.0,441.2,11153775.0
2018-01-10 13:35:30.489979,441.2,441.0,441.2,11153775.0
2018-01-10 13:35:32.035368,441.2,441.0,441.2,11153775.0
2018-01-10 13:35:34.064921,441.2,441.0,441.2,11153775.0
2018-01-10 13:35:35.991964,441.2,441.0,441.2,11153775.0
2018-01-10 13:35:38.062353,441.2,441.0,441.2,11153775.0
2018-01-10 13:35:39.790824,441.4,441.2,441.4,11156475.0
2018-01-10 13:35:41.348036,441.4,441.2,441.4,11156475.0
2018-01-10 13:35:42.704006,441.4,441.2,441.4,11156475.0
2018-01-10 13:35:44.421242,441.4,441.2,441.4,11156475.0
2018-01-10 13:35:46.140793,441.4,441.2,441.4,11156475.0
2018-01-10 13:35:47.934357,441.4,441.2,441.4,11156475.0
2018-01-10 13:35:49.563690,441.4,441.2,441.4,11156475.0
2018-01-10 13:35:51.346925,441.4,441.2,441.4,11156475.0
2018-01-10 13:35:53.370193,441.4,441.2,441.4,11156475.0
2018-01-10 13:35:54.991097,441.4,441.2,441.4,11156475.0
2018-01-10 13:35:56.391940,441.4,441.2,441.4,11156475.0
2018-01-10 13:35:58.314578,441.4,441.2,441.4,11156475.0
2018-01-10 13:36:00.396540,441.4,441.2,441.4,11156475.0
2018-01-10 13:36:01.822490,441.2,441.2,441.4,11159870.0
2018-01-10 13:36:03.345175,441.2,441.2,441.4,11159870.0
2018-01-10 13:36:05.572937,441.2,441.2,441.4,11159870.0
2018-01-10 13:36:07.228117,441.2,441.2,441.4,11159870.0
2018-01-10 13:36:08.602833,441.2,441.2,441.4,11159870.0
2018-01-10 13:36:12.805584,441.2,441.2,441.4,11159870.0
2018-01-10 13:36:17.288808,441.4,441.2,441.4,11162470.0
2018-01-10 13:36:18.890822,441.4,441.2,441.4,11162470.0
2018-01-10 13:36:20.688659,441.4,441.2,441.4,11162470.0
2018-01-10 13:36:22.339703,441.2,441.2,441.4,11171170.0
2018-01-10 13:36:24.077230,441.2,441.2,441.4,11171170.0
2018-01-10 13:36:26.069619,441.2,441.2,441.4,11171170.0
2018-01-10 13:36:28.354443,441.2,441.2,441.4,11171170.0
2018-01-10 13:36:29.515059,441.2,441.2,441.4,11171170.0
2018-01-10 13:36:31.322350,441.2,441.2,441.4,11173770.0
2018-01-10 13:36:32.652896,441.2,441.2,441.4,11173770.0
2018-01-10 13:36:34.123821,441.2,441.2,441.4,11173770.0
2018-01-10 13:36:35.836678,441.2,441.2,441.4,11173770.0
2018-01-10 13:36:37.400106,441.2,441.2,441.4,11173770.0
2018-01-10 13:36:39.612232,441.2,441.2,441.4,11173770.0
2018-01-10 13:36:41.548298,441.2,441.2,441.4,11173770.0
2018-01-10 13:36:43.422078,441.2,441.2,441.4,11173770.0
2018-01-10 13:36:45.790564,441.2,441.2,441.4,11173770.0
2018-01-10 13:36:47.881388,441.2,441.2,441.4,11178099.0
2018-01-10 13:36:49.373943,441.2,441.2,441.4,11178099.0
2018-01-10 13:36:51.123348,441.2,441.2,441.4,11178099.0
2018-01-10 13:36:53.420527,441.2,441.2,441.4,11178099.0
2018-01-10 13:36:55.355176,441.2,441.2,441.4,11178099.0
2018-01-10 13:36:56.936955,441.2,441.0,441.2,11186899.0
2018-01-10 13:36:58.405944,441.2,441.0,441.2,11186899.0
2018-01-10 13:36:59.959177,441.2,441.0,441.2,11186899.0
2018-01-10 13:37:01.770951,441.2,441.0,441.2,11209399.0
2018-01-10 13:37:03.616989,441.2,441.0,441.2,11209399.0
2018-01-10 13:37:05.389463,441.2,441.0,441.2,11209399.0
2018-01-10 13:37:07.442116,441.2,441.0,441.2,11209399.0
2018-01-10 13:37:09.410116,441.2,441.0,441.2,11209399.0
2018-01-10 13:37:14.579099,441.2,441.0,441.2,11209399.0
2018-01-10 13:37:16.222460,441.2,441.0,441.2,11209399.0
2018-01-10 13:37:18.042145,441.2,441.0,441.2,11209399.0
2018-01-10 13:37:19.976834,441.4,441.2,441.4,11213899.0
2018-01-10 13:37:21.696617,441.4,441.2,441.4,11213899.0
2018-01-10 13:37:23.471709,441.4,441.2,441.4,11213899.0
2018-01-10 13:37:25.301025,441.4,441.2,441.4,11213899.0
2018-01-10 13:37:27.360633,441.4,441.2,441.4,11213899.0
2018-01-10 13:37:28.843855,441.4,441.2,441.4,11213899.0
2018-01-10 13:37:30.634792,441.4,441.2,441.4,11213899.0
2018-01-10 13:37:32.727861,441.4,441.2,441.4,11213899.0
2018-01-10 13:37:34.579604,441.4,441.2,441.4,11213899.0
2018-01-10 13:37:36.646165,441.4,441.2,441.4,11218299.0
2018-01-10 13:37:38.211819,441.4,441.2,441.4,11218299.0
2018-01-10 13:37:40.340159,441.4,441.2,441.4,11218299.0
2018-01-10 13:37:42.423090,441.4,441.2,441.4,11218299.0
2018-01-10 13:37:44.046228,441.4,441.2,441.4,11218299.0
2018-01-10 13:37:45.840734,441.4,441.2,441.4,11218299.0
2018-01-10 13:37:47.584206,441.4,441.2,441.4,11218299.0
2018-01-10 13:37:49.372584,441.4,441.2,441.4,11218299.0
2018-01-10 13:37:50.742053,441.4,441.2,441.4,11218299.0
2018-01-10 13:37:52.221960,441.4,441.2,441.4,11218299.0
2018-01-10 13:37:53.392888,441.4,441.2,441.4,11218299.0
2018-01-10 13:37:55.374834,441.4,441.2,441.4,11218299.0
2018-01-10 13:37:57.138098,441.4,441.2,441.4,11218299.0
2018-01-10 13:37:58.445589,441.4,441.2,441.4,11218299.0
2018-01-10 13:37:59.865935,441.6,441.4,441.6,11251799.0
2018-01-10 13:38:01.850276,441.6,441.4,441.6,11251799.0
2018-01-10 13:38:06.236309,441.6,441.4,441.6,11251799.0
2018-01-10 13:38:08.172604,441.6,441.4,441.6,11251799.0
2018-01-10 13:38:10.108558,441.6,441.4,441.6,11251799.0
2018-01-10 13:38:13.304617,441.6,441.4,441.6,11251799.0
2018-01-10 13:38:15.839203,441.6,441.4,441.6,11251799.0
2018-01-10 13:38:17.755620,441.6,441.4,441.6,11251799.0
2018-01-10 13:38:19.455972,441.6,441.4,441.6,11251799.0
2018-01-10 13:38:21.263107,441.6,441.4,441.6,11251799.0
2018-01-10 13:38:22.958893,441.6,441.6,441.8,11260199.0
2018-01-10 13:38:24.455513,441.6,441.6,441.8,11260199.0
2018-01-10 13:38:25.708905,441.6,441.6,441.8,11260199.0
2018-01-10 13:38:26.986656,441.6,441.6,441.8,11260199.0
2018-01-10 13:38:28.351337,441.6,441.6,441.8,11260199.0
2018-01-10 13:38:29.946688,441.6,441.6,441.8,11260199.0
2018-01-10 13:38:31.520576,441.6,441.6,441.8,11260199.0
2018-01-10 13:38:32.988100,441.6,441.6,441.8,11260199.0
2018-01-10 13:38:34.830369,441.6,441.6,441.8,11263099.0
2018-01-10 13:38:36.591539,441.6,441.6,441.8,11263099.0
2018-01-10 13:38:38.480276,441.6,441.6,441.8,11263099.0
2018-01-10 13:38:40.260803,441.6,441.6,441.8,11263099.0
2018-01-10 13:38:42.113391,441.6,441.6,441.8,11263099.0
2018-01-10 13:38:44.114438,441.6,441.6,441.8,11263099.0
2018-01-10 13:38:45.913551,441.6,441.6,441.8,11263099.0
2018-01-10 13:38:47.778262,441.6,441.6,441.8,11263099.0
2018-01-10 13:38:49.595747,441.6,441.6,441.8,11266099.0
2018-01-10 13:38:51.512226,441.6,441.6,441.8,11266099.0
2018-01-10 13:38:53.440630,441.6,441.6,441.8,11266099.0
2018-01-10 13:38:55.889625,441.6,441.6,441.8,11266099.0
2018-01-10 13:38:57.557695,441.6,441.6,441.8,11266099.0
2018-01-10 13:38:59.342302,441.6,441.6,441.8,11266099.0
2018-01-10 13:39:00.984857,441.8,441.6,442.0,11283599.0
2018-01-10 13:39:02.742891,441.8,441.6,442.0,11283599.0
2018-01-10 13:39:03.947782,441.8,441.6,442.0,11283599.0
2018-01-10 13:39:09.021910,441.8,441.6,442.0,11283599.0
2018-01-10 13:39:13.495311,441.8,441.6,442.0,11283599.0
2018-01-10 13:39:14.805059,441.8,441.6,442.0,11283599.0
2018-01-10 13:39:16.058607,441.8,441.8,442.0,11285724.0
2018-01-10 13:39:18.037760,441.8,441.8,442.0,11285724.0
2018-01-10 13:39:19.955313,441.8,441.8,442.0,11285724.0
2018-01-10 13:39:21.623224,441.8,441.8,442.0,11285724.0
2018-01-10 13:39:23.046804,441.8,441.8,442.0,11296824.0
2018-01-10 13:39:24.428120,441.8,441.8,442.0,11296824.0
2018-01-10 13:39:25.654178,441.8,441.8,442.0,11296824.0
2018-01-10 13:39:26.862737,441.8,441.8,442.0,11296824.0
2018-01-10 13:39:28.179031,441.8,441.8,442.0,11296824.0
2018-01-10 13:39:29.514313,441.8,441.8,442.0,11296824.0
2018-01-10 13:39:31.377192,441.8,441.8,442.0,11296824.0
2018-01-10 13:39:32.964149,441.8,441.8,442.0,11296824.0
2018-01-10 13:39:34.843333,441.8,441.8,442.0,11296824.0
2018-01-10 13:39:36.609253,441.8,441.8,442.0,11296824.0
2018-01-10 13:39:38.574671,441.8,441.8,442.0,11296824.0
2018-01-10 13:39:40.122421,441.8,441.8,442.0,11296824.0
2018-01-10 13:39:41.963105,441.8,441.8,442.0,11296824.0
2018-01-10 13:39:43.638872,441.8,441.8,442.0,11296824.0
2018-01-10 13:39:45.347014,441.8,441.8,442.0,11296824.0
2018-01-10 13:39:46.647143,441.8,441.8,442.0,11296824.0
2018-01-10 13:39:48.451208,441.8,441.8,442.0,11296824.0
2018-01-10 13:39:50.344447,441.6,441.6,441.8,11298324.0
2018-01-10 13:39:52.063333,441.6,441.6,441.8,11298324.0
2018-01-10 13:39:53.993912,441.6,441.6,441.8,11298324.0
2018-01-10 13:39:55.718584,441.6,441.6,441.8,11298324.0
2018-01-10 13:39:57.175102,441.6,441.6,441.8,11298324.0
2018-01-10 13:39:58.546787,441.6,441.6,441.8,11298324.0
2018-01-10 13:39:59.921643,441.6,441.6,441.8,11298324.0
2018-01-10 13:40:01.440366,441.6,441.6,441.8,11298324.0
2018-01-10 13:40:02.642740,441.8,441.6,441.8,11303024.0
2018-01-10 13:40:03.777415,441.8,441.6,441.8,11303024.0
2018-01-10 13:40:05.342154,441.8,441.6,441.8,11303024.0
2018-01-10 13:40:07.233440,441.8,441.6,441.8,11303024.0
2018-01-10 13:40:08.912473,441.8,441.6,441.8,11303024.0
2018-01-10 13:40:10.501737,441.8,441.6,441.8,11303024.0
2018-01-10 13:40:11.574556,441.8,441.6,441.8,11303024.0
2018-01-10 13:40:16.717838,441.8,441.6,441.8,11303024.0
2018-01-10 13:40:18.378920,441.8,441.8,442.0,11307624.0
2018-01-10 13:40:19.784153,441.8,441.8,442.0,11307624.0
2018-01-10 13:40:21.622533,441.8,441.8,442.0,11307624.0
2018-01-10 13:40:23.288324,441.8,441.8,442.0,11307624.0
2018-01-10 13:40:25.106438,441.8,441.8,442.0,11307624.0
2018-01-10 13:40:27.044822,441.8,441.8,442.0,11307624.0
2018-01-10 13:40:28.057785,441.8,441.8,442.0,11307624.0
2018-01-10 13:40:29.641940,441.8,441.8,442.0,11307624.0
2018-01-10 13:40:31.227253,441.8,441.8,442.0,11310424.0
2018-01-10 13:40:32.685188,441.8,441.8,442.0,11310424.0
2018-01-10 13:40:34.558298,441.8,441.8,442.0,11310424.0
2018-01-10 13:40:36.404843,441.8,441.8,442.0,11310424.0
2018-01-10 13:40:38.238574,441.8,441.8,442.0,11310424.0
2018-01-10 13:40:39.973935,441.8,441.8,442.0,11310424.0
2018-01-10 13:40:41.303829,441.8,441.8,442.0,11310424.0
2018-01-10 13:40:43.149058,441.8,441.8,442.0,11310424.0
2018-01-10 13:40:45.294237,441.8,441.6,441.8,11315724.0
2018-01-10 13:40:46.974877,441.8,441.6,441.8,11315724.0
2018-01-10 13:40:48.127994,441.8,441.6,441.8,11315724.0
2018-01-10 13:40:49.667073,441.8,441.6,441.8,11315724.0
2018-01-10 13:40:51.123668,441.8,441.6,441.8,11315724.0
2018-01-10 13:40:52.866857,441.8,441.6,441.8,11315724.0
2018-01-10 13:40:54.485871,441.8,441.6,441.8,11315724.0
2018-01-10 13:40:56.352152,441.8,441.6,441.8,11315724.0
2018-01-10 13:40:57.676470,441.8,441.6,441.8,11315724.0
2018-01-10 13:40:59.436494,441.8,441.6,441.8,11315724.0
2018-01-10 13:41:01.274175,441.8,441.6,441.8,11315724.0
2018-01-10 13:41:03.119587,441.8,441.6,441.8,11315724.0
2018-01-10 13:41:05.152843,441.8,441.6,441.8,11315724.0
2018-01-10 13:41:07.735461,441.8,441.6,441.8,11315724.0
2018-01-10 13:41:09.354654,441.8,441.6,441.8,11315724.0
2018-01-10 13:41:11.185007,441.8,441.6,441.8,11315724.0
2018-01-10 13:41:13.203441,441.8,441.6,441.8,11315724.0
2018-01-10 13:41:14.893516,441.8,441.6,441.8,11315724.0
2018-01-10 13:41:16.907964,441.8,441.6,441.8,11317424.0
2018-01-10 13:41:18.703279,441.8,441.6,441.8,11317424.0
2018-01-10 13:41:19.878512,441.8,441.6,441.8,11317424.0
2018-01-10 13:41:21.182773,441.8,441.6,441.8,11323624.0
2018-01-10 13:41:23.216004,441.8,441.6,441.8,11323624.0
2018-01-10 13:41:25.034061,441.8,441.6,441.8,11323624.0
2018-01-10 13:41:27.103912,441.8,441.6,441.8,11323624.0
2018-01-10 13:41:28.867430,441.8,441.6,441.8,11323624.0
2018-01-10 13:41:30.005068,441.8,441.6,441.8,11323624.0
2018-01-10 13:41:31.672716,441.8,441.6,441.8,11323624.0
2018-01-10 13:41:33.380549,441.8,441.6,441.8,11325624.0
2018-01-10 13:41:35.165060,441.8,441.6,441.8,11325624.0
2018-01-10 13:41:36.887856,441.8,441.6,441.8,11325624.0
2018-01-10 13:41:38.102976,441.8,441.6,441.8,11325624.0
2018-01-10 13:41:39.675504,441.8,441.6,441.8,11325624.0
2018-01-10 13:41:41.281730,441.8,441.6,441.8,11325624.0
2018-01-10 13:41:42.975742,441.8,441.6,441.8,11325624.0
2018-01-10 13:41:44.293386,441.8,441.6,441.8,11325624.0
2018-01-10 13:41:45.910450,441.8,441.6,441.8,11325624.0
2018-01-10 13:41:47.891681,441.8,441.6,441.8,11325624.0
2018-01-10 13:41:49.723027,441.8,441.6,441.8,11325624.0
2018-01-10 13:41:51.535052,441.8,441.6,441.8,11325624.0
2018-01-10 13:41:53.271012,441.8,441.6,441.8,11325624.0
2018-01-10 13:41:54.777962,441.6,441.6,441.8,11333524.0
2018-01-10 13:41:56.477119,441.6,441.6,441.8,11333524.0
2018-01-10 13:41:57.756703,441.6,441.6,441.8,11333524.0
2018-01-10 13:41:58.837450,441.6,441.6,441.8,11333524.0
2018-01-10 13:42:00.444739,441.6,441.6,441.8,11333524.0
2018-01-10 13:42:02.112974,441.6,441.6,441.8,11333524.0
2018-01-10 13:42:03.164627,441.6,441.6,441.8,11333524.0
2018-01-10 13:42:05.271646,441.6,441.6,441.8,11333524.0
2018-01-10 13:42:06.532744,441.6,441.6,441.8,11333524.0
2018-01-10 13:42:08.556212,441.6,441.6,441.8,11333524.0
2018-01-10 13:42:10.391737,441.6,441.6,441.8,11333524.0
2018-01-10 13:42:11.641124,441.6,441.6,441.8,11333524.0
2018-01-10 13:42:12.793901,441.6,441.6,441.8,11333524.0
2018-01-10 13:42:16.896196,441.6,441.6,441.8,11333524.0
2018-01-10 13:42:18.318311,441.8,441.6,441.8,11338224.0
2018-01-10 13:42:19.919188,441.8,441.6,441.8,11338224.0
2018-01-10 13:42:21.511182,441.8,441.6,441.8,11338224.0
2018-01-10 13:42:23.157947,441.8,441.6,441.8,11338224.0
2018-01-10 13:42:24.638226,441.8,441.6,441.8,11338224.0
2018-01-10 13:42:26.373823,441.8,441.6,441.8,11338224.0
2018-01-10 13:42:28.028880,441.8,441.6,441.8,11338224.0
2018-01-10 13:42:29.265962,441.8,441.6,441.8,11349724.0
2018-01-10 13:42:30.987489,441.8,441.6,441.8,11349724.0
2018-01-10 13:42:32.218503,441.8,441.6,441.8,11349724.0
2018-01-10 13:42:33.771491,441.8,441.6,441.8,11349724.0
2018-01-10 13:42:35.639568,441.8,441.6,441.8,11349724.0
2018-01-10 13:42:37.741934,441.8,441.6,441.8,11349724.0
2018-01-10 13:42:39.384177,441.6,441.6,441.8,11354924.0
2018-01-10 13:42:40.743331,441.6,441.6,441.8,11354924.0
2018-01-10 13:42:42.720047,441.6,441.6,441.8,11354924.0
2018-01-10 13:42:44.418641,441.6,441.6,441.8,11354924.0
2018-01-10 13:42:45.665894,441.6,441.6,441.8,11354924.0
2018-01-10 13:42:47.247645,441.6,441.6,441.8,11354924.0
2018-01-10 13:42:48.802063,441.6,441.6,441.8,11354924.0
2018-01-10 13:42:50.627350,441.6,441.6,441.8,11354924.0
2018-01-10 13:42:52.356166,441.8,441.6,441.8,11357024.0
2018-01-10 13:42:53.693314,441.8,441.6,441.8,11357024.0
2018-01-10 13:42:55.093351,441.8,441.6,441.8,11357024.0
2018-01-10 13:42:56.831510,441.8,441.6,441.8,11357024.0
2018-01-10 13:42:58.583733,441.8,441.6,441.8,11357024.0
2018-01-10 13:42:59.769120,441.8,441.6,441.8,11357024.0
2018-01-10 13:43:01.395368,441.8,441.6,441.8,11357024.0
2018-01-10 13:43:02.644173,441.8,441.6,441.8,11357024.0
2018-01-10 13:43:04.217349,441.8,441.6,441.8,11357024.0
2018-01-10 13:43:05.842966,441.8,441.6,441.8,11357024.0
2018-01-10 13:43:07.559721,441.8,441.6,441.8,11358824.0
2018-01-10 13:43:09.111010,441.8,441.6,441.8,11358824.0
2018-01-10 13:43:10.831684,441.8,441.6,441.8,11358824.0
2018-01-10 13:43:12.365307,441.6,441.4,441.6,11365724.0
2018-01-10 13:43:16.455979,441.4,441.4,441.6,11368424.0
2018-01-10 13:43:18.041843,441.4,441.4,441.6,11368424.0
2018-01-10 13:43:19.840779,441.4,441.4,441.6,11368424.0
2018-01-10 13:43:21.292716,441.4,441.4,441.6,11368424.0
2018-01-10 13:43:22.842590,441.4,441.4,441.6,11368424.0
2018-01-10 13:43:24.305434,441.4,441.4,441.6,11368424.0
2018-01-10 13:43:25.775525,441.4,441.4,441.6,11368424.0
2018-01-10 13:43:27.320887,441.4,441.4,441.6,11368424.0
2018-01-10 13:43:28.779808,441.4,441.4,441.6,11368424.0
2018-01-10 13:43:30.344285,441.4,441.4,441.6,11368424.0
2018-01-10 13:43:32.309745,441.4,441.4,441.6,11368424.0
2018-01-10 13:43:33.687678,441.4,441.4,441.6,11368424.0
2018-01-10 13:43:35.438425,441.4,441.4,441.6,11372924.0
2018-01-10 13:43:37.047481,441.4,441.4,441.6,11372924.0
2018-01-10 13:43:38.175734,441.4,441.4,441.6,11372924.0
2018-01-10 13:43:39.337730,441.4,441.4,441.6,11372924.0
2018-01-10 13:43:40.542892,441.4,441.4,441.6,11372924.0
2018-01-10 13:43:42.259595,441.4,441.4,441.6,11372924.0
2018-01-10 13:43:43.812917,441.4,441.4,441.6,11372924.0
2018-01-10 13:43:45.301489,441.4,441.4,441.6,11372924.0
2018-01-10 13:43:47.161782,441.4,441.4,441.6,11372924.0
2018-01-10 13:43:48.768766,441.4,441.4,441.6,11372924.0
2018-01-10 13:43:50.332184,441.4,441.4,441.6,11372924.0
2018-01-10 13:43:51.948535,441.4,441.4,441.6,11372924.0
2018-01-10 13:43:53.571446,441.4,441.4,441.6,11372924.0
2018-01-10 13:43:54.662772,441.4,441.4,441.6,11372924.0
2018-01-10 13:43:56.043650,441.4,441.4,441.6,11372924.0
2018-01-10 13:43:57.668257,441.4,441.4,441.6,11372924.0
2018-01-10 13:43:58.903844,441.4,441.4,441.6,11372924.0
2018-01-10 13:44:00.488308,441.4,441.4,441.6,11372924.0
2018-01-10 13:44:01.892535,441.4,441.4,441.6,11372924.0
2018-01-10 13:44:03.569546,441.4,441.4,441.6,11372924.0
2018-01-10 13:44:04.908334,441.4,441.4,441.6,11372924.0
2018-01-10 13:44:06.530635,441.4,441.4,441.6,11372924.0
2018-01-10 13:44:07.771093,441.4,441.4,441.6,11372924.0
2018-01-10 13:44:09.558081,441.4,441.4,441.6,11372924.0
2018-01-10 13:44:10.807171,441.4,441.4,441.6,11372924.0
2018-01-10 13:44:12.437859,441.4,441.4,441.6,11372924.0
2018-01-10 13:44:13.603283,441.4,441.4,441.6,11372924.0
2018-01-10 13:44:16.734850,441.4,441.4,441.6,11372924.0
2018-01-10 13:44:18.024041,441.4,441.4,441.6,11376224.0
2018-01-10 13:44:19.912216,441.4,441.4,441.6,11376224.0
2018-01-10 13:44:21.110886,441.4,441.4,441.6,11376224.0
2018-01-10 13:44:22.679337,441.4,441.4,441.6,11376224.0
2018-01-10 13:44:24.050311,441.4,441.4,441.6,11382624.0
2018-01-10 13:44:25.516743,441.4,441.4,441.6,11382624.0
2018-01-10 13:44:26.607645,441.4,441.2,441.6,11386424.0
2018-01-10 13:44:27.755839,441.4,441.2,441.6,11386424.0
2018-01-10 13:44:29.309036,441.4,441.2,441.6,11386424.0
2018-01-10 13:44:30.509021,441.4,441.2,441.6,11386424.0
2018-01-10 13:44:31.799725,441.4,441.2,441.6,11386424.0
2018-01-10 13:44:33.545752,441.4,441.2,441.4,11394724.0
2018-01-10 13:44:35.460377,441.4,441.2,441.4,11394724.0
2018-01-10 13:44:37.230465,441.4,441.2,441.4,11394724.0
2018-01-10 13:44:38.777538,441.4,441.2,441.4,11394724.0
2018-01-10 13:44:40.650578,441.4,441.2,441.4,11394724.0
2018-01-10 13:44:42.513702,441.4,441.2,441.4,11394724.0
2018-01-10 13:44:44.412868,441.4,441.2,441.4,11394724.0
2018-01-10 13:44:46.108554,441.4,441.2,441.4,11394724.0
2018-01-10 13:44:47.515981,441.2,441.2,441.4,11398624.0
2018-01-10 13:44:49.346421,441.2,441.2,441.4,11398624.0
2018-01-10 13:44:51.270318,441.2,441.2,441.4,11398624.0
2018-01-10 13:44:53.119806,441.2,441.2,441.4,11398624.0
2018-01-10 13:44:55.076483,441.2,441.2,441.4,11402224.0
2018-01-10 13:44:57.281978,441.2,441.2,441.4,11402224.0
2018-01-10 13:44:58.777298,441.2,441.2,441.4,11402224.0
2018-01-10 13:45:00.824014,441.2,441.2,441.4,11402224.0
2018-01-10 13:45:02.731901,441.2,441.2,441.4,11402224.0
2018-01-10 13:45:04.511964,441.2,441.2,441.4,11402224.0
2018-01-10 13:45:06.322633,441.2,441.2,441.4,11402224.0
2018-01-10 13:45:08.267161,441.2,441.2,441.4,11402224.0
2018-01-10 13:45:10.157977,441.2,441.2,441.4,11402224.0
2018-01-10 13:45:11.910083,441.2,441.2,441.4,11402224.0
2018-01-10 13:45:13.436977,441.2,441.2,441.4,11405024.0
2018-01-10 13:45:15.327570,441.2,441.2,441.4,11405024.0
2018-01-10 13:45:18.090465,441.4,441.2,441.4,11404724.0
2018-01-10 13:45:19.644539,441.2,441.2,441.4,11405024.0
2018-01-10 13:45:21.540403,441.4,441.2,441.4,11404724.0
2018-01-10 13:45:23.246136,441.4,441.2,441.4,11409224.0
2018-01-10 13:45:24.789982,441.4,441.2,441.4,11409224.0
2018-01-10 13:45:26.856772,441.4,441.2,441.4,11409224.0
2018-01-10 13:45:28.070631,441.2,441.2,441.6,11416324.0
2018-01-10 13:45:30.358395,441.4,441.2,441.4,11414924.0
2018-01-10 13:45:32.138321,441.2,441.2,441.6,11416324.0
2018-01-10 13:45:34.552755,441.2,441.2,441.4,11417624.0
2018-01-10 13:45:36.114121,441.2,441.2,441.6,11416324.0
2018-01-10 13:45:38.392976,441.2,441.2,441.4,11417624.0
2018-01-10 13:45:40.490362,441.2,441.2,441.4,11417624.0
2018-01-10 13:45:42.790074,441.2,441.2,441.4,11417624.0
2018-01-10 13:45:44.731961,441.2,441.2,441.4,11417624.0
2018-01-10 13:45:46.482814,441.2,441.2,441.4,11417624.0
2018-01-10 13:45:47.767137,441.6,441.4,441.6,11420124.0
2018-01-10 13:45:49.380244,441.6,441.4,441.6,11418624.0
2018-01-10 13:45:51.753698,441.6,441.4,441.6,11420124.0
2018-01-10 13:45:54.328564,441.6,441.4,441.6,11420124.0
2018-01-10 13:45:56.691746,441.6,441.4,441.6,11420124.0
2018-01-10 13:45:58.236724,441.4,441.4,441.6,11420624.0
2018-01-10 13:46:00.251897,441.4,441.4,441.6,11420624.0
2018-01-10 13:46:05.605448,441.4,441.4,441.6,11420624.0
2018-01-10 13:46:07.889943,441.4,441.2,441.4,11425024.0
2018-01-10 13:46:10.256792,441.4,441.2,441.4,11425024.0
2018-01-10 13:46:12.097705,441.4,441.4,441.6,11426424.0
2018-01-10 13:46:14.904051,441.4,441.2,441.4,11425024.0
2018-01-10 13:46:16.694024,441.4,441.4,441.6,11426424.0
2018-01-10 13:46:18.222565,441.4,441.4,441.6,11426424.0
2018-01-10 13:46:19.524557,441.4,441.2,441.4,11425024.0
2018-01-10 13:46:20.637676,441.4,441.4,441.6,11431224.0
2018-01-10 13:46:23.279373,441.4,441.4,441.6,11431224.0
2018-01-10 13:46:25.150130,441.4,441.4,441.6,11426424.0
2018-01-10 13:46:27.538822,441.4,441.4,441.6,11431224.0
2018-01-10 13:46:29.989448,441.4,441.4,441.6,11431224.0
2018-01-10 13:46:31.850923,441.4,441.4,441.6,11426424.0
2018-01-10 13:46:34.404887,441.4,441.4,441.6,11431224.0
2018-01-10 13:46:36.813270,441.4,441.4,441.6,11431224.0
2018-01-10 13:46:39.683935,441.4,441.4,441.6,11431224.0
2018-01-10 13:46:43.496640,441.4,441.4,441.6,11431224.0
2018-01-10 13:46:45.673432,441.4,441.4,441.6,11433324.0
2018-01-10 13:46:48.461764,441.4,441.4,441.6,11433324.0
2018-01-10 13:46:50.859188,441.4,441.4,441.6,11433324.0
2018-01-10 13:46:53.156353,441.4,441.4,441.6,11433324.0
2018-01-10 13:46:55.340824,441.4,441.4,441.6,11433324.0
2018-01-10 13:46:57.542175,441.4,441.4,441.6,11433324.0
2018-01-10 13:46:59.902302,441.4,441.4,441.6,11433324.0
2018-01-10 13:47:02.366971,441.4,441.4,441.6,11433324.0
2018-01-10 13:47:07.346820,441.4,441.4,441.6,11433324.0
2018-01-10 13:47:09.989707,441.4,441.4,441.6,11433324.0
2018-01-10 13:47:11.533270,441.6,441.4,441.6,11438724.0
2018-01-10 13:47:14.051456,441.6,441.4,441.6,11438724.0
2018-01-10 13:47:16.481244,441.4,441.4,441.6,11441424.0
2018-01-10 13:47:18.376780,441.6,441.4,441.6,11459424.0
2018-01-10 13:47:20.456302,441.6,441.4,441.6,11459424.0
2018-01-10 13:47:22.818718,441.6,441.6,441.8,11462724.0
2018-01-10 13:47:25.179007,441.6,441.4,441.6,11460324.0
2018-01-10 13:47:27.642832,441.6,441.4,441.6,11460324.0
2018-01-10 13:47:29.585749,441.6,441.6,441.8,11464724.0
2018-01-10 13:47:31.973527,441.6,441.6,441.8,11464724.0
2018-01-10 13:47:34.596771,441.6,441.6,441.8,11464724.0
2018-01-10 13:47:37.755687,441.6,441.6,441.8,11464724.0
2018-01-10 13:47:40.450282,441.6,441.6,441.8,11464724.0
2018-01-10 13:47:42.728369,441.6,441.6,441.8,11467924.0
2018-01-10 13:47:45.329940,441.6,441.6,441.8,11467924.0
2018-01-10 13:47:47.594531,441.6,441.6,441.8,11464724.0
2018-01-10 13:47:50.190383,441.6,441.6,441.8,11464724.0
2018-01-10 13:47:52.290187,441.6,441.6,441.8,11464724.0
2018-01-10 13:47:54.222188,441.6,441.6,441.8,11467924.0
2018-01-10 13:47:55.826576,441.8,441.6,441.8,11469024.0
2018-01-10 13:47:58.346694,441.8,441.6,441.8,11469024.0
2018-01-10 13:48:00.663550,441.8,441.6,441.8,11469024.0
2018-01-10 13:48:03.234163,441.8,441.6,441.8,11469024.0
2018-01-10 13:48:05.524646,441.8,441.6,441.8,11469024.0
2018-01-10 13:48:08.011053,441.8,441.6,441.8,11469024.0
2018-01-10 13:48:10.728837,441.8,441.6,441.8,11469024.0
2018-01-10 13:48:12.330345,441.8,441.6,441.8,11473124.0
2018-01-10 13:48:14.878124,441.8,441.6,441.8,11473124.0
2018-01-10 13:48:17.571549,441.8,441.6,441.8,11473124.0
2018-01-10 13:48:19.396746,441.8,441.6,441.8,11473124.0
2018-01-10 13:48:22.061248,441.8,441.6,441.8,11473124.0
2018-01-10 13:48:24.613859,441.8,441.6,441.8,11473124.0
2018-01-10 13:48:26.947906,441.8,441.6,441.8,11473124.0
2018-01-10 13:48:29.523986,441.8,441.6,441.8,11475324.0
2018-01-10 13:48:32.000553,441.8,441.6,441.8,11475324.0
2018-01-10 13:48:34.768018,441.8,441.6,441.8,11475324.0
2018-01-10 13:48:36.832463,441.8,441.6,441.8,11475324.0
2018-01-10 13:48:39.194313,441.8,441.6,441.8,11475324.0
2018-01-10 13:48:41.890374,441.8,441.6,441.8,11475324.0
2018-01-10 13:48:43.946196,441.8,441.6,441.8,11475324.0
2018-01-10 13:48:46.379894,441.8,441.6,441.8,11475324.0
2018-01-10 13:48:48.989153,441.8,441.6,441.8,11475324.0
2018-01-10 13:48:51.553040,441.8,441.6,441.8,11475324.0
2018-01-10 13:48:54.379238,441.8,441.6,441.8,11475324.0
2018-01-10 13:48:56.820259,441.8,441.6,441.8,11475324.0
2018-01-10 13:48:59.296037,441.8,441.6,441.8,11475324.0
2018-01-10 13:49:01.997250,441.6,441.6,441.8,11477424.0
2018-01-10 13:49:04.622450,441.6,441.6,441.8,11477424.0
2018-01-10 13:49:07.449343,441.6,441.6,441.8,11477424.0
2018-01-10 13:49:09.549760,441.6,441.6,441.8,11477424.0
2018-01-10 13:49:11.972503,441.8,441.8,442.0,11498124.0
2018-01-10 13:49:15.285877,441.8,441.8,442.0,11498124.0
2018-01-10 13:49:17.735362,441.8,441.8,442.0,11498124.0
2018-01-10 13:49:20.107031,442.0,441.8,442.0,11511824.0
2018-01-10 13:49:21.954547,442.0,441.8,442.0,11511824.0
2018-01-10 13:49:24.142953,442.0,441.8,442.0,11511824.0
2018-01-10 13:49:26.548679,442.0,441.8,442.0,11511824.0
2018-01-10 13:49:29.306902,442.0,441.8,442.0,11511824.0
2018-01-10 13:49:32.079377,442.0,441.8,442.0,11511824.0
2018-01-10 13:49:34.795089,442.0,441.8,442.0,11511824.0
2018-01-10 13:49:37.284452,442.0,441.8,442.0,11511824.0
2018-01-10 13:49:39.972233,442.0,441.8,442.0,11514824.0
2018-01-10 13:49:42.346181,442.0,441.8,442.0,11514824.0
2018-01-10 13:49:44.357839,442.0,441.8,442.0,11514824.0
2018-01-10 13:49:46.887469,442.0,441.8,442.0,11514824.0
2018-01-10 13:49:49.570460,442.0,441.8,442.0,11514824.0
2018-01-10 13:49:52.332316,442.0,441.8,442.0,11514824.0
2018-01-10 13:49:54.794224,442.0,441.8,442.0,11514824.0
2018-01-10 13:49:57.227031,442.0,441.8,442.0,11514824.0
2018-01-10 13:49:59.590563,442.0,441.8,442.0,11514824.0
2018-01-10 13:50:02.259938,441.8,441.8,442.0,11520924.0
2018-01-10 13:50:04.566980,441.8,441.8,442.0,11520924.0
2018-01-10 13:50:06.954550,441.8,441.8,442.0,11520924.0
2018-01-10 13:50:09.312442,441.8,441.8,442.0,11520924.0
2018-01-10 13:50:11.054529,441.8,441.8,442.0,11520924.0
2018-01-10 13:50:13.414716,441.8,441.8,442.0,11520924.0
2018-01-10 13:50:15.171361,442.0,441.8,442.0,11578924.0
2018-01-10 13:50:17.408299,442.0,441.8,442.0,11578924.0
2018-01-10 13:50:19.275865,442.0,441.8,442.0,11578924.0
2018-01-10 13:50:21.834967,442.0,441.8,442.0,11578924.0
2018-01-10 13:50:23.599547,442.0,441.8,442.0,11578924.0
2018-01-10 13:50:26.212618,442.0,441.8,442.0,11578924.0
2018-01-10 13:50:28.669028,442.0,441.8,442.0,11578924.0
2018-01-10 13:50:30.354552,442.0,441.8,442.0,11578924.0
2018-01-10 13:50:32.752800,442.0,441.8,442.0,11578924.0
2018-01-10 13:50:35.407146,442.2,442.0,442.2,11587324.0
2018-01-10 13:50:38.175023,442.2,442.0,442.2,11595624.0
2018-01-10 13:50:40.346429,442.2,442.0,442.2,11595624.0
2018-01-10 13:50:42.494430,442.2,442.0,442.2,11595624.0
2018-01-10 13:50:44.817322,442.2,442.0,442.2,11595624.0
2018-01-10 13:50:47.444095,442.2,442.0,442.2,11595624.0
2018-01-10 13:50:49.647235,442.2,442.0,442.2,11595624.0
2018-01-10 13:50:51.556297,442.2,442.0,442.2,11595624.0
2018-01-10 13:50:53.889189,442.2,442.0,442.2,11595624.0
2018-01-10 13:50:56.130275,442.2,442.0,442.2,11595624.0
2018-01-10 13:50:58.304397,442.2,442.2,442.4,11599224.0
2018-01-10 13:51:04.674075,442.2,442.2,442.4,11599224.0
2018-01-10 13:51:06.736389,442.2,442.2,442.4,11599224.0
2018-01-10 13:51:08.939016,442.2,442.2,442.4,11606124.0
2018-01-10 13:51:11.070696,442.2,442.2,442.4,11606124.0
2018-01-10 13:51:13.251685,442.2,442.2,442.4,11606124.0
2018-01-10 13:51:14.622179,442.2,442.2,442.4,11606124.0
2018-01-10 13:51:16.703655,442.2,442.2,442.4,11606124.0
2018-01-10 13:51:18.757151,442.2,442.2,442.4,11606124.0
2018-01-10 13:51:20.694106,442.2,442.2,442.4,11606124.0
2018-01-10 13:51:22.201196,442.2,442.2,442.4,11606124.0
2018-01-10 13:51:24.274624,442.2,442.2,442.4,11606124.0
2018-01-10 13:51:26.331193,442.2,442.2,442.4,11606124.0
2018-01-10 13:51:28.935564,442.2,442.2,442.4,11606124.0
2018-01-10 13:51:31.375594,442.2,442.2,442.4,11606124.0
2018-01-10 13:51:33.939862,442.2,442.2,442.4,11606124.0
2018-01-10 13:51:36.320585,442.2,442.2,442.4,11606124.0
2018-01-10 13:51:38.774375,442.4,442.2,442.4,11609124.0
2018-01-10 13:51:40.553719,442.4,442.2,442.4,11609124.0
2018-01-10 13:51:43.144564,442.4,442.2,442.4,11609124.0
2018-01-10 13:51:44.673256,442.4,442.2,442.4,11609124.0
2018-01-10 13:51:47.015979,442.4,442.2,442.4,11609124.0
2018-01-10 13:51:49.461954,442.4,442.2,442.4,11609124.0
2018-01-10 13:51:51.889245,442.4,442.2,442.4,11609124.0
2018-01-10 13:51:54.227665,442.4,442.2,442.4,11609124.0
2018-01-10 13:51:56.417898,442.4,442.2,442.4,11609124.0
2018-01-10 13:51:58.572371,442.4,442.2,442.4,11615224.0
2018-01-10 13:52:00.609561,442.4,442.2,442.4,11615224.0
2018-01-10 13:52:04.018254,442.4,442.2,442.4,11615224.0
2018-01-10 13:52:10.949204,442.4,442.2,442.4,11615224.0
2018-01-10 13:52:13.946492,442.4,442.2,442.4,11615224.0
2018-01-10 13:52:16.408358,442.4,442.2,442.4,11615224.0
2018-01-10 13:52:18.946103,442.0,442.0,442.2,11634224.0
2018-01-10 13:52:21.355097,442.0,442.0,442.2,11634224.0
2018-01-10 13:52:22.644372,442.0,442.0,442.2,11634224.0
2018-01-10 13:52:25.783873,442.0,442.0,442.2,11634224.0
2018-01-10 13:52:27.359502,442.0,442.0,442.2,11634224.0
2018-01-10 13:52:29.941598,442.0,442.0,442.2,11634224.0
2018-01-10 13:52:32.147405,442.0,442.0,442.2,11634224.0
2018-01-10 13:52:34.574302,442.0,442.0,442.2,11634224.0
2018-01-10 13:52:37.089381,442.0,442.0,442.2,11634224.0
2018-01-10 13:52:39.553123,441.8,441.8,442.0,11644024.0
2018-01-10 13:52:41.704288,441.8,441.8,442.0,11644024.0
2018-01-10 13:52:44.075283,441.8,441.8,442.0,11650924.0
2018-01-10 13:52:46.601248,441.8,441.8,442.0,11650924.0
2018-01-10 13:52:49.083554,441.6,441.8,442.0,11655324.0
2018-01-10 13:52:51.452892,441.6,441.8,442.0,11655324.0
2018-01-10 13:52:53.758371,441.6,441.8,442.0,11655324.0
2018-01-10 13:52:55.495337,441.6,441.8,442.0,11655324.0
2018-01-10 13:52:57.714459,441.6,441.8,442.0,11655324.0
2018-01-10 13:52:59.838405,441.6,441.8,442.0,11655324.0
2018-01-10 13:53:02.104206,441.6,441.8,442.0,11655324.0
2018-01-10 13:53:03.806248,441.6,441.8,442.0,11655324.0
2018-01-10 13:53:06.261886,441.6,441.8,442.0,11655324.0
2018-01-10 13:53:08.699528,441.6,441.8,442.0,11655324.0
2018-01-10 13:53:11.207773,441.8,441.8,442.0,11658724.0
2018-01-10 13:53:13.629200,441.8,441.8,442.0,11658724.0
2018-01-10 13:53:16.783403,441.8,441.8,442.0,11658724.0
2018-01-10 13:53:19.166525,441.8,441.8,442.0,11658724.0
2018-01-10 13:53:20.886959,441.8,441.8,442.0,11658724.0
2018-01-10 13:53:23.254355,441.8,441.8,442.0,11658724.0
2018-01-10 13:53:25.602881,441.8,441.8,442.0,11658724.0
2018-01-10 13:53:27.849150,441.6,441.6,441.8,11661224.0
2018-01-10 13:53:29.500125,441.6,441.6,441.8,11661224.0
2018-01-10 13:53:31.677576,441.6,441.6,441.8,11661224.0
2018-01-10 13:53:34.003732,441.6,441.6,441.8,11661224.0
2018-01-10 13:53:35.644913,441.6,441.6,441.8,11661224.0
2018-01-10 13:53:37.753898,441.6,441.6,441.8,11661224.0
2018-01-10 13:53:39.380164,441.6,441.6,441.8,11661224.0
2018-01-10 13:53:40.756478,441.8,441.6,441.8,11663324.0
2018-01-10 13:53:43.440443,441.8,441.6,441.8,11663324.0
2018-01-10 13:53:45.280096,441.8,441.6,441.8,11663324.0
2018-01-10 13:53:47.558952,441.8,441.6,441.8,11663324.0
2018-01-10 13:53:49.885762,441.6,441.4,441.6,11673024.0
2018-01-10 13:53:51.283756,441.6,441.4,441.6,11673024.0
2018-01-10 13:53:53.873125,441.6,441.4,441.6,11673024.0
2018-01-10 13:53:56.325339,441.4,441.4,441.6,11681124.0
2018-01-10 13:53:57.706836,441.4,441.4,441.6,11681124.0
2018-01-10 13:53:59.120439,441.4,441.4,441.6,11681124.0
2018-01-10 13:54:00.940839,441.4,441.4,441.6,11681124.0
2018-01-10 13:54:02.536180,441.4,441.4,441.6,11681124.0
2018-01-10 13:54:04.956954,441.4,441.4,441.6,11681124.0
2018-01-10 13:54:07.378021,441.4,441.4,441.6,11681124.0
2018-01-10 13:54:09.290360,441.4,441.4,441.6,11681124.0
2018-01-10 13:54:11.148486,441.4,441.4,441.6,11681124.0
2018-01-10 13:54:13.533926,441.4,441.4,441.6,11681124.0
2018-01-10 13:54:16.839631,441.4,441.4,441.6,11681124.0
2018-01-10 13:54:18.629870,441.4,441.4,441.6,11681124.0
2018-01-10 13:54:21.199066,441.4,441.4,441.6,11683824.0
2018-01-10 13:54:23.439019,441.4,441.4,441.6,11683824.0
2018-01-10 13:54:25.333413,441.4,441.4,441.6,11683824.0
2018-01-10 13:54:26.774474,441.4,441.4,441.6,11688224.0
2018-01-10 13:54:29.206732,441.4,441.4,441.6,11688224.0
2018-01-10 13:54:30.804924,441.4,441.4,441.6,11688224.0
2018-01-10 13:54:34.789479,441.4,441.4,441.6,11688224.0
2018-01-10 13:54:36.880245,441.4,441.4,441.6,11688224.0
2018-01-10 13:54:38.260263,441.4,441.4,441.6,11688224.0
2018-01-10 13:54:40.595617,441.4,441.4,441.6,11688224.0
2018-01-10 13:54:42.369107,441.4,441.4,441.6,11688224.0
2018-01-10 13:54:44.958133,441.4,441.4,441.6,11692924.0
2018-01-10 13:54:46.707231,441.4,441.4,441.6,11692924.0
2018-01-10 13:54:48.429166,441.4,441.4,441.6,11692924.0
2018-01-10 13:54:50.954200,441.4,441.4,441.6,11692924.0
2018-01-10 13:54:52.846602,441.4,441.4,441.6,11692924.0
2018-01-10 13:54:55.539062,441.4,441.4,441.6,11692924.0
2018-01-10 13:54:58.149380,441.4,441.4,441.6,11692924.0
2018-01-10 13:54:59.790640,441.4,441.4,441.6,11692924.0
2018-01-10 13:55:02.100831,441.4,441.4,441.6,11692924.0
2018-01-10 13:55:03.757402,441.4,441.4,441.6,11697724.0
2018-01-10 13:55:06.361233,441.4,441.4,441.6,11697724.0
2018-01-10 13:55:08.589417,441.4,441.4,441.6,11697724.0
2018-01-10 13:55:11.216243,441.4,441.4,441.6,11697724.0
2018-01-10 13:55:14.135063,441.4,441.4,441.6,11697724.0
2018-01-10 13:55:16.776656,441.4,441.4,441.6,11697724.0
2018-01-10 13:55:19.283360,441.4,441.4,441.6,11697724.0
2018-01-10 13:55:22.332277,441.6,441.6,441.8,11707724.0
2018-01-10 13:55:24.769191,441.6,441.6,441.8,11707724.0
2018-01-10 13:55:26.993161,441.6,441.6,441.8,11707724.0
2018-01-10 13:55:29.578531,441.6,441.6,441.8,11707724.0
2018-01-10 13:55:32.113731,441.6,441.6,441.8,11707724.0
2018-01-10 13:55:34.254242,441.6,441.6,441.8,11707724.0
2018-01-10 13:55:37.298431,441.6,441.6,441.8,11707724.0
2018-01-10 13:55:39.686947,441.6,441.6,441.8,11707724.0
2018-01-10 13:55:41.968193,441.6,441.6,441.8,11707724.0
2018-01-10 13:55:44.748104,441.6,441.6,441.8,11707724.0
2018-01-10 13:55:46.980354,441.6,441.6,441.8,11707724.0
2018-01-10 13:55:49.631852,441.6,441.6,441.8,11707724.0
2018-01-10 13:55:52.123142,441.6,441.6,441.8,11707724.0
2018-01-10 13:55:55.047680,441.6,441.6,441.8,11707724.0
2018-01-10 13:55:57.686495,441.6,441.6,441.8,11707724.0
2018-01-10 13:56:00.065622,441.6,441.6,441.8,11710824.0
2018-01-10 13:56:02.838147,441.6,441.6,441.8,11710824.0
2018-01-10 13:56:05.156595,441.6,441.6,441.8,11719324.0
2018-01-10 13:56:07.456526,441.6,441.6,441.8,11719324.0
2018-01-10 13:56:09.792526,441.6,441.6,441.8,11719324.0
2018-01-10 13:56:12.473934,441.6,441.6,441.8,11719324.0
2018-01-10 13:56:17.436925,441.6,441.6,441.8,11719324.0
2018-01-10 13:56:20.760759,441.6,441.6,441.8,11719324.0
2018-01-10 13:56:23.201906,441.8,441.6,441.8,11721524.0
2018-01-10 13:56:25.789021,441.8,441.6,441.8,11721524.0
2018-01-10 13:56:28.171990,441.8,441.6,441.8,11721524.0
2018-01-10 13:56:30.854898,441.8,441.6,441.8,11721524.0
2018-01-10 13:56:33.206110,441.8,441.6,441.8,11721524.0
2018-01-10 13:56:35.581694,441.8,441.6,441.8,11721524.0
2018-01-10 13:56:37.787687,441.8,441.6,441.8,11721524.0
2018-01-10 13:56:39.527396,441.8,441.6,441.8,11721524.0
2018-01-10 13:56:41.408698,441.8,441.6,441.8,11721524.0
