time,price,bid,ask,volume
2018-01-15 14:04:26.486888,442.2,442.0,442.2,12925460.0
2018-01-15 14:04:28.039802,442.2,442.0,442.4,12925460.0
2018-01-15 14:04:29.376462,442.2,442.0,442.4,12925460.0
2018-01-15 14:04:30.841570,442.2,442.0,442.2,12922660.0
2018-01-15 14:04:32.158632,442.2,442.0,442.4,12922660.0
2018-01-15 14:04:33.437414,442.2,442.0,442.2,12925460.0
2018-01-15 14:04:34.854810,442.2,442.0,442.4,12925460.0
2018-01-15 14:04:36.211623,442.2,442.0,442.4,12925460.0
2018-01-15 14:04:37.677362,442.2,442.0,442.4,12926460.0
2018-01-15 14:04:39.129727,442.2,442.0,442.2,12926460.0
2018-01-15 14:04:40.296166,442.2,442.0,442.4,12926460.0
2018-01-15 14:04:41.613694,442.2,442.0,442.4,12925460.0
2018-01-15 14:04:43.092678,442.2,442.0,442.2,12925460.0
2018-01-15 14:04:44.387407,442.2,442.0,442.4,12925460.0
2018-01-15 14:04:45.793088,442.2,442.0,442.4,12925460.0
2018-01-15 14:04:47.588034,442.0,442.0,442.2,12932560.0
2018-01-15 14:04:48.903352,442.0,442.0,442.2,12932560.0
2018-01-15 14:04:50.292285,442.0,442.0,442.4,12940060.0
2018-01-15 14:04:51.764889,442.0,442.0,442.4,12940160.0
2018-01-15 14:04:52.993043,442.2,442.0,442.4,12943260.0
2018-01-15 14:04:54.476000,442.2,442.0,442.4,12943360.0
2018-01-15 14:04:55.909013,442.2,442.0,442.4,12943360.0
2018-01-15 14:04:57.407668,442.2,442.0,442.4,12943360.0
2018-01-15 14:04:59.078662,442.2,442.0,442.4,12943360.0
2018-01-15 14:05:00.516628,442.2,442.0,442.4,12943360.0
2018-01-15 14:05:01.943872,442.2,442.0,442.4,12943260.0
2018-01-15 14:05:03.431419,442.2,442.0,442.4,12943360.0
2018-01-15 14:05:04.689937,442.2,442.0,442.4,12943260.0
2018-01-15 14:05:06.186970,442.2,442.0,442.4,12943260.0
2018-01-15 14:05:07.628004,442.2,442.0,442.4,12943360.0
2018-01-15 14:05:09.065175,442.2,442.0,442.2,12945960.0
2018-01-15 14:05:10.441688,442.2,442.0,442.4,12943260.0
2018-01-15 14:05:11.963171,442.2,442.0,442.2,12943260.0
2018-01-15 14:05:13.396403,442.2,442.0,442.2,12946160.0
2018-01-15 14:05:15.045547,442.2,442.0,442.2,12946160.0
2018-01-15 14:05:16.608334,442.2,442.0,442.2,12946160.0
2018-01-15 14:05:17.941793,442.2,442.0,442.2,12945960.0
2018-01-15 14:05:19.870105,442.2,442.0,442.2,12957360.0
2018-01-15 14:05:21.322677,442.2,442.0,442.4,12945960.0
2018-01-15 14:05:22.658905,442.2,442.0,442.2,12945960.0
2018-01-15 14:05:24.017794,442.2,442.0,442.2,12945960.0
2018-01-15 14:05:25.492034,442.2,442.0,442.4,12945960.0
2018-01-15 14:05:26.939710,442.2,442.0,442.4,12957360.0
2018-01-15 14:05:28.179939,442.2,442.0,442.4,12945960.0
2018-01-15 14:05:29.628300,442.2,442.0,442.2,12957360.0
2018-01-15 14:05:31.226432,442.2,442.0,442.2,12957360.0
2018-01-15 14:05:32.615117,442.0,442.0,442.4,12958460.0
2018-01-15 14:05:34.279288,442.2,442.0,442.2,12957360.0
2018-01-15 14:05:35.827546,442.2,442.0,442.2,12957360.0
2018-01-15 14:05:37.446792,442.0,442.0,442.4,12958460.0
2018-01-15 14:05:38.895548,442.0,442.0,442.2,12958460.0
2018-01-15 14:05:40.462468,442.2,442.0,442.2,12957360.0
2018-01-15 14:05:41.950036,442.0,442.0,442.2,12958460.0
2018-01-15 14:05:43.555556,442.2,442.0,442.2,12957360.0
2018-01-15 14:05:45.119256,442.2,442.0,442.2,12957360.0
2018-01-15 14:05:46.726864,442.0,442.0,442.4,12958460.0
2018-01-15 14:05:48.297391,442.0,442.0,442.2,12958460.0
2018-01-15 14:05:49.852441,442.0,442.0,442.2,12958460.0
2018-01-15 14:05:51.277939,442.0,442.0,442.2,12958460.0
2018-01-15 14:05:52.907302,442.2,442.0,442.2,12962660.0
2018-01-15 14:05:54.541984,442.2,442.0,442.2,12962660.0
2018-01-15 14:05:56.122527,442.2,442.0,442.2,12962660.0
2018-01-15 14:05:57.804557,442.2,442.0,442.2,12961360.0
2018-01-15 14:05:59.230053,442.2,442.0,442.2,12962660.0
2018-01-15 14:06:00.825783,442.2,442.0,442.2,12962660.0
2018-01-15 14:06:02.359521,442.2,442.2,442.4,12962660.0
2018-01-15 14:06:03.938967,442.2,442.0,442.2,12962660.0
2018-01-15 14:06:05.530114,442.2,442.0,442.2,12962660.0
2018-01-15 14:06:07.007233,442.2,442.0,442.2,12962660.0
2018-01-15 14:06:08.417255,442.2,442.0,442.2,12962660.0
2018-01-15 14:06:09.867009,442.2,442.2,442.4,12968160.0
2018-01-15 14:06:11.271628,442.2,442.2,442.4,12968160.0
2018-01-15 14:06:12.696003,442.2,442.2,442.4,12968660.0
2018-01-15 14:06:14.060585,442.2,442.2,442.4,12968660.0
2018-01-15 14:06:15.446165,442.2,442.2,442.4,12968660.0
2018-01-15 14:06:17.057022,442.2,442.2,442.4,12968160.0
2018-01-15 14:06:18.583202,442.2,442.2,442.4,12968660.0
2018-01-15 14:06:20.126996,442.2,442.2,442.4,12968160.0
2018-01-15 14:06:22.025046,442.2,442.2,442.4,12968660.0
2018-01-15 14:06:23.578522,442.2,442.2,442.4,12968660.0
2018-01-15 14:06:25.136730,442.2,442.2,442.4,12968160.0
2018-01-15 14:06:26.619173,442.2,442.2,442.4,12968660.0
2018-01-15 14:06:28.148230,442.2,442.2,442.4,12968660.0
2018-01-15 14:06:29.624747,442.4,442.2,442.4,12979560.0
2018-01-15 14:06:31.129805,442.4,442.2,442.4,12979560.0
2018-01-15 14:06:32.538152,442.4,442.2,442.4,12979560.0
2018-01-15 14:06:34.114402,442.4,442.2,442.4,12978860.0
2018-01-15 14:06:35.781650,442.4,442.2,442.4,12978860.0
2018-01-15 14:06:37.494807,442.4,442.2,442.4,12978860.0
2018-01-15 14:06:39.169386,442.4,442.2,442.4,12978860.0
2018-01-15 14:06:40.696166,442.4,442.2,442.4,12979560.0
2018-01-15 14:06:42.633905,442.4,442.2,442.4,12981860.0
2018-01-15 14:06:44.042474,442.4,442.2,442.4,12981860.0
2018-01-15 14:06:45.596886,442.4,442.2,442.4,12981860.0
2018-01-15 14:06:47.100428,442.4,442.2,442.4,12981860.0
2018-01-15 14:06:48.672435,442.4,442.2,442.4,12981860.0
2018-01-15 14:06:50.417199,442.4,442.2,442.4,12985760.0
2018-01-15 14:06:51.899056,442.4,442.2,442.4,12985760.0
2018-01-15 14:06:53.498667,442.4,442.2,442.4,12986060.0
2018-01-15 14:06:54.945067,442.4,442.2,442.4,12986060.0
2018-01-15 14:06:56.229041,442.4,442.2,442.4,12986060.0
2018-01-15 14:06:57.735847,442.4,442.2,442.4,12986060.0
2018-01-15 14:06:59.307923,442.4,442.2,442.4,12986060.0
2018-01-15 14:07:00.947667,442.4,442.2,442.4,12985760.0
2018-01-15 14:07:02.416889,442.4,442.2,442.4,12986060.0
2018-01-15 14:07:03.925487,442.4,442.2,442.4,12985760.0
2018-01-15 14:07:05.483843,442.4,442.2,442.4,12986060.0
2018-01-15 14:07:06.934545,442.4,442.2,442.4,12986060.0
2018-01-15 14:07:08.396240,442.4,442.2,442.4,12985760.0
2018-01-15 14:07:09.911301,442.4,442.4,442.6,12991960.0
2018-01-15 14:07:11.325317,442.4,442.4,442.6,12991960.0
2018-01-15 14:07:12.900926,442.4,442.4,442.6,12991960.0
2018-01-15 14:07:14.460240,442.4,442.4,442.6,12991960.0
2018-01-15 14:07:16.095156,442.4,442.4,442.6,12991960.0
2018-01-15 14:07:17.702564,442.4,442.4,442.6,12991960.0
2018-01-15 14:07:19.268149,442.4,442.4,442.6,12991960.0
2018-01-15 14:07:20.836978,442.4,442.4,442.6,12991960.0
2018-01-15 14:07:22.405287,442.4,442.4,442.6,12991960.0
2018-01-15 14:07:24.004654,442.4,442.4,442.6,12991960.0
2018-01-15 14:07:25.408745,442.4,442.4,442.6,12991960.0
2018-01-15 14:07:26.778650,442.4,442.4,442.6,12991960.0
2018-01-15 14:07:28.189698,442.4,442.4,442.6,12996260.0
2018-01-15 14:07:30.017175,442.4,442.4,442.6,12996360.0
2018-01-15 14:07:31.672962,442.4,442.4,442.6,12996360.0
2018-01-15 14:07:33.161601,442.4,442.4,442.6,12996360.0
2018-01-15 14:07:34.760452,442.4,442.4,442.6,12996360.0
2018-01-15 14:07:36.233999,442.4,442.4,442.6,12996260.0
2018-01-15 14:07:37.728247,442.4,442.4,442.6,12996360.0
2018-01-15 14:07:39.319231,442.4,442.4,442.6,12996360.0
2018-01-15 14:07:40.692182,442.4,442.4,442.6,12996360.0
2018-01-15 14:07:42.341592,442.4,442.4,442.6,12996360.0
2018-01-15 14:07:43.976243,442.4,442.4,442.6,12996360.0
2018-01-15 14:07:45.601088,442.4,442.4,442.6,12996360.0
2018-01-15 14:07:47.166579,442.4,442.4,442.6,12996360.0
2018-01-15 14:07:48.698665,442.4,442.4,442.6,12996360.0
2018-01-15 14:07:50.249242,442.4,442.4,442.6,12996260.0
2018-01-15 14:07:51.862323,442.4,442.4,442.6,12996360.0
2018-01-15 14:07:53.218102,442.4,442.4,442.6,12996360.0
2018-01-15 14:07:54.757644,442.4,442.4,442.6,12996260.0
2018-01-15 14:07:56.342591,442.4,442.4,442.6,12996360.0
2018-01-15 14:07:57.947508,442.4,442.4,442.6,13000060.0
2018-01-15 14:08:00.589049,442.4,442.4,442.6,13000060.0
2018-01-15 14:08:02.200557,442.4,442.4,442.6,13000060.0
2018-01-15 14:08:03.775004,442.4,442.4,442.6,13001960.0
2018-01-15 14:08:05.330855,442.4,442.4,442.6,13001960.0
2018-01-15 14:08:06.942437,442.4,442.4,442.6,13001960.0
2018-01-15 14:08:08.670391,442.4,442.4,442.6,13002060.0
2018-01-15 14:08:10.455442,442.4,442.4,442.6,13002060.0
2018-01-15 14:08:11.959037,442.4,442.4,442.6,13002060.0
2018-01-15 14:08:13.355345,442.4,442.4,442.6,13008760.0
2018-01-15 14:08:14.706728,442.4,442.4,442.6,13008760.0
2018-01-15 14:08:16.207819,442.4,442.4,442.6,13008760.0
2018-01-15 14:08:17.730154,442.4,442.4,442.6,13008760.0
2018-01-15 14:08:19.191453,442.4,442.4,442.6,13008760.0
2018-01-15 14:08:20.704590,442.4,442.4,442.6,13008760.0
2018-01-15 14:08:21.894914,442.4,442.4,442.6,13008760.0
2018-01-15 14:08:23.384480,442.4,442.4,442.6,13008760.0
2018-01-15 14:08:24.734982,442.4,442.4,442.6,13008760.0
2018-01-15 14:08:26.108177,442.6,442.4,442.6,13017460.0
2018-01-15 14:08:27.542235,442.6,442.4,442.6,13017460.0
2018-01-15 14:08:28.921301,442.6,442.4,442.6,13017460.0
2018-01-15 14:08:30.141766,442.6,442.4,442.6,13017460.0
2018-01-15 14:08:31.533205,442.6,442.4,442.6,13017460.0
2018-01-15 14:08:32.780417,442.6,442.4,442.6,13017460.0
2018-01-15 14:08:34.039907,442.6,442.4,442.6,13017460.0
2018-01-15 14:08:35.312397,442.6,442.4,442.6,13017460.0
2018-01-15 14:08:36.542243,442.6,442.4,442.6,13017460.0
2018-01-15 14:08:37.890015,442.6,442.4,442.6,13017460.0
2018-01-15 14:08:39.287133,442.6,442.4,442.6,13017460.0
2018-01-15 14:08:40.601815,442.6,442.4,442.6,13017460.0
2018-01-15 14:08:41.782441,442.6,442.4,442.6,13017460.0
2018-01-15 14:08:43.135382,442.6,442.4,442.6,13017460.0
2018-01-15 14:08:44.497385,442.6,442.4,442.6,13017460.0
2018-01-15 14:08:45.842014,442.6,442.4,442.6,13021960.0
2018-01-15 14:08:47.102907,442.6,442.4,442.6,13021960.0
2018-01-15 14:08:48.354866,442.6,442.4,442.6,13021960.0
2018-01-15 14:08:49.553182,442.6,442.4,442.6,13021960.0
2018-01-15 14:08:50.744949,442.6,442.4,442.6,13021960.0
2018-01-15 14:08:52.112394,442.6,442.4,442.6,13021960.0
2018-01-15 14:08:53.397445,442.6,442.4,442.6,13021960.0
2018-01-15 14:08:54.789358,442.6,442.4,442.6,13021960.0
2018-01-15 14:08:56.007948,442.6,442.4,442.6,13021960.0
2018-01-15 14:08:57.458207,442.6,442.4,442.6,13021960.0
2018-01-15 14:08:58.829016,442.6,442.4,442.6,13021960.0
2018-01-15 14:09:00.107355,442.4,442.2,442.4,13048460.0
2018-01-15 14:09:05.994544,442.4,442.2,442.4,13048460.0
2018-01-15 14:09:07.363363,442.4,442.2,442.4,13048460.0
2018-01-15 14:09:08.730508,442.4,442.2,442.4,13048460.0
2018-01-15 14:09:10.016286,442.4,442.2,442.4,13048460.0
2018-01-15 14:09:11.380601,442.4,442.2,442.4,13048460.0
2018-01-15 14:09:12.777141,442.4,442.2,442.4,13057760.0
2018-01-15 14:09:14.409971,442.4,442.2,442.4,13057760.0
2018-01-15 14:09:15.878910,442.4,442.2,442.4,13064960.0
2018-01-15 14:09:17.142859,442.4,442.2,442.4,13064960.0
2018-01-15 14:09:18.377079,442.4,442.2,442.4,13064960.0
2018-01-15 14:09:19.620612,442.4,442.2,442.4,13064960.0
2018-01-15 14:09:20.948238,442.4,442.2,442.4,13064960.0
2018-01-15 14:09:22.253638,442.4,442.2,442.4,13064960.0
2018-01-15 14:09:23.600734,442.4,442.2,442.4,13064960.0
2018-01-15 14:09:25.011526,442.4,442.2,442.4,13064960.0
2018-01-15 14:09:26.531144,442.4,442.2,442.4,13064960.0
2018-01-15 14:09:28.014780,442.4,442.2,442.4,13064960.0
2018-01-15 14:09:29.265044,442.4,442.2,442.4,13064960.0
2018-01-15 14:09:30.620941,442.4,442.4,442.6,13064960.0
2018-01-15 14:09:31.988442,442.6,442.2,442.6,13070660.0
2018-01-15 14:09:33.251770,442.2,442.2,442.6,13081660.0
2018-01-15 14:09:34.694754,442.2,442.2,442.6,13081660.0
2018-01-15 14:09:36.045203,442.2,442.2,442.6,13081660.0
2018-01-15 14:09:37.687252,442.2,442.2,442.6,13082960.0
2018-01-15 14:09:38.933193,442.2,442.2,442.6,13082960.0
2018-01-15 14:09:40.203546,442.2,442.2,442.6,13081660.0
2018-01-15 14:09:41.489968,442.2,442.2,442.6,13081660.0
2018-01-15 14:09:42.656512,442.2,442.2,442.6,13081660.0
2018-01-15 14:09:43.889468,442.2,442.2,442.6,13081660.0
2018-01-15 14:09:45.200897,442.2,442.2,442.6,13081660.0
2018-01-15 14:09:46.466278,442.2,442.2,442.6,13081660.0
2018-01-15 14:09:47.833577,442.2,442.2,442.6,13082960.0
2018-01-15 14:09:49.300558,442.2,442.2,442.6,13082960.0
2018-01-15 14:09:50.999401,442.4,442.2,442.4,13087160.0
2018-01-15 14:09:52.442156,442.4,442.2,442.4,13087160.0
2018-01-15 14:09:54.042566,442.4,442.2,442.4,13087160.0
2018-01-15 14:09:55.509351,442.4,442.2,442.4,13087160.0
2018-01-15 14:09:56.953071,442.4,442.2,442.4,13087160.0
2018-01-15 14:10:02.409025,442.4,442.2,442.4,13087160.0
2018-01-15 14:10:07.777103,442.4,442.2,442.4,13087160.0
2018-01-15 14:10:09.479944,442.4,442.2,442.4,13087160.0
2018-01-15 14:10:11.280862,442.4,442.2,442.4,13087160.0
2018-01-15 14:10:13.067073,442.4,442.2,442.4,13087160.0
2018-01-15 14:10:14.728359,442.4,442.2,442.4,13087160.0
2018-01-15 14:10:16.268895,442.4,442.2,442.4,13087160.0
2018-01-15 14:10:17.845773,442.2,442.2,442.4,13089860.0
2018-01-15 14:10:19.517540,442.2,442.2,442.4,13089860.0
2018-01-15 14:10:21.312854,442.2,442.2,442.4,13089860.0
2018-01-15 14:10:23.038115,442.2,442.2,442.4,13089860.0
2018-01-15 14:10:24.557447,442.2,442.2,442.4,13089860.0
2018-01-15 14:10:26.398337,442.2,442.2,442.4,13089860.0
2018-01-15 14:10:27.967388,442.2,442.2,442.4,13089860.0
2018-01-15 14:10:29.823405,442.2,442.2,442.4,13089860.0
2018-01-15 14:10:31.518930,442.2,442.2,442.4,13089860.0
2018-01-15 14:10:33.263680,442.2,442.2,442.4,13089860.0
2018-01-15 14:10:34.801501,442.2,442.2,442.4,13093660.0
2018-01-15 14:10:36.385737,442.2,442.2,442.4,13089860.0
2018-01-15 14:10:38.094955,442.4,442.2,442.4,13093760.0
2018-01-15 14:10:39.861233,442.2,442.2,442.4,13093660.0
2018-01-15 14:10:41.741986,442.4,442.2,442.4,13093760.0
2018-01-15 14:10:43.553489,442.2,442.2,442.4,13093660.0
2018-01-15 14:10:45.073306,442.2,442.2,442.4,13097560.0
2018-01-15 14:10:46.753757,442.2,442.2,442.4,13097560.0
2018-01-15 14:10:48.549322,442.2,442.2,442.4,13097560.0
2018-01-15 14:10:50.327834,442.2,442.2,442.4,13097560.0
2018-01-15 14:10:52.025576,442.2,442.2,442.4,13097560.0
2018-01-15 14:10:53.784638,442.2,442.2,442.4,13097560.0
2018-01-15 14:10:55.595285,442.2,442.2,442.4,13097560.0
2018-01-15 14:10:57.247656,442.2,442.2,442.4,13097560.0
2018-01-15 14:10:58.908399,442.2,442.2,442.4,13099860.0
2018-01-15 14:11:00.595347,442.2,442.2,442.4,13100260.0
2018-01-15 14:11:02.332697,442.2,442.2,442.4,13100260.0
2018-01-15 14:11:04.025483,442.2,442.2,442.4,13099860.0
2018-01-15 14:11:06.066175,442.2,442.2,442.4,13099860.0
2018-01-15 14:11:10.205979,442.2,442.2,442.4,13099860.0
2018-01-15 14:11:12.025301,442.2,442.2,442.4,13100260.0
2018-01-15 14:11:13.552854,442.2,442.2,442.4,13099860.0
2018-01-15 14:11:15.180287,442.2,442.2,442.4,13099860.0
2018-01-15 14:11:16.752875,442.2,442.2,442.4,13100260.0
2018-01-15 14:11:18.416452,442.2,442.2,442.4,13099860.0
2018-01-15 14:11:19.910190,442.2,442.2,442.4,13099860.0
2018-01-15 14:11:21.545664,442.2,442.2,442.4,13099860.0
2018-01-15 14:11:23.120655,442.2,442.2,442.4,13100260.0
2018-01-15 14:11:24.725679,442.2,442.2,442.4,13099860.0
2018-01-15 14:11:26.284884,442.2,442.2,442.4,13100260.0
2018-01-15 14:11:27.704161,442.2,442.2,442.4,13101760.0
2018-01-15 14:11:29.562108,442.4,442.2,442.4,13101860.0
2018-01-15 14:11:31.210753,442.2,442.2,442.4,13101760.0
2018-01-15 14:11:33.044173,442.4,442.2,442.4,13101860.0
2018-01-15 14:11:34.741780,442.2,442.2,442.4,13101760.0
2018-01-15 14:11:36.776017,442.2,442.2,442.4,13104960.0
2018-01-15 14:11:38.846011,442.2,442.2,442.4,13104960.0
2018-01-15 14:11:40.652232,442.2,442.2,442.4,13106760.0
2018-01-15 14:11:42.434053,442.2,442.2,442.4,13115260.0
2018-01-15 14:11:44.101864,442.2,442.0,442.2,13115260.0
2018-01-15 14:11:45.859934,442.2,442.0,442.4,13116660.0
2018-01-15 14:11:47.435694,442.4,442.0,442.2,13118460.0
2018-01-15 14:11:49.161937,442.4,442.0,442.4,13118460.0
2018-01-15 14:11:50.791128,442.4,442.0,442.4,13118460.0
2018-01-15 14:11:52.635330,442.2,442.0,442.2,13116660.0
2018-01-15 14:11:54.385325,442.2,442.0,442.4,13116660.0
2018-01-15 14:11:55.980004,442.4,442.0,442.4,13118460.0
2018-01-15 14:11:58.601672,442.4,442.0,442.4,13119860.0
2018-01-15 14:12:02.750097,442.4,442.0,442.4,13118460.0
2018-01-15 14:12:04.346276,442.4,442.2,442.4,13118460.0
2018-01-15 14:12:06.000107,442.4,442.0,442.4,13119860.0
2018-01-15 14:12:07.540884,442.4,442.0,442.4,13118460.0
2018-01-15 14:12:09.166690,442.4,442.2,442.4,13119860.0
2018-01-15 14:12:10.843949,442.2,442.2,442.4,13120360.0
2018-01-15 14:12:12.518203,442.4,442.2,442.4,13119860.0
2018-01-15 14:12:14.140194,442.4,442.2,442.6,13125560.0
2018-01-15 14:12:15.826215,442.4,442.2,442.6,13125560.0
2018-01-15 14:12:17.519410,442.4,442.2,442.6,13125560.0
2018-01-15 14:12:19.084031,442.4,442.2,442.6,13125560.0
2018-01-15 14:12:20.801950,442.4,442.2,442.6,13125560.0
2018-01-15 14:12:22.446701,442.4,442.2,442.6,13125560.0
2018-01-15 14:12:24.208342,442.4,442.2,442.6,13125560.0
2018-01-15 14:12:25.887709,442.4,442.2,442.6,13125560.0
2018-01-15 14:12:27.642941,442.4,442.2,442.6,13125560.0
2018-01-15 14:12:29.169144,442.4,442.2,442.6,13125560.0
2018-01-15 14:12:30.688614,442.4,442.2,442.6,13125560.0
2018-01-15 14:12:32.339155,442.4,442.2,442.6,13125560.0
2018-01-15 14:12:33.960866,442.4,442.2,442.6,13125560.0
2018-01-15 14:12:35.608040,442.4,442.2,442.6,13125560.0
2018-01-15 14:12:37.253728,442.4,442.2,442.6,13125560.0
2018-01-15 14:12:38.813517,442.4,442.2,442.6,13125560.0
2018-01-15 14:12:40.509388,442.4,442.2,442.6,13125560.0
2018-01-15 14:12:42.101455,442.4,442.2,442.6,13125560.0
2018-01-15 14:12:43.799842,442.4,442.2,442.6,13125560.0
2018-01-15 14:12:45.501879,442.4,442.2,442.6,13125560.0
2018-01-15 14:12:47.089893,442.4,442.2,442.6,13125560.0
2018-01-15 14:12:48.587933,442.4,442.2,442.6,13125560.0
2018-01-15 14:12:50.340329,442.4,442.4,442.6,13125560.0
2018-01-15 14:12:52.083263,442.4,442.4,442.6,13125560.0
2018-01-15 14:12:53.869596,442.4,442.2,442.6,13125560.0
2018-01-15 14:12:55.394052,442.4,442.2,442.6,13125560.0
2018-01-15 14:12:57.319610,442.4,442.2,442.6,13125560.0
2018-01-15 14:12:58.999282,442.4,442.4,442.6,13127760.0
2018-01-15 14:13:00.567593,442.4,442.4,442.6,13127460.0
2018-01-15 14:13:02.290820,442.4,442.4,442.6,13127460.0
2018-01-15 14:13:03.982858,442.4,442.4,442.6,13127760.0
2018-01-15 14:13:05.551339,442.4,442.4,442.6,13127760.0
2018-01-15 14:13:07.229261,442.4,442.4,442.6,13127460.0
2018-01-15 14:13:08.802783,442.4,442.4,442.6,13127460.0
2018-01-15 14:13:10.542292,442.4,442.4,442.6,13127760.0
2018-01-15 14:13:12.363294,442.4,442.4,442.6,13127460.0
2018-01-15 14:13:14.061991,442.6,442.4,442.6,13130560.0
2018-01-15 14:13:15.734796,442.6,442.4,442.6,13130560.0
2018-01-15 14:13:17.510387,442.6,442.4,442.6,13130560.0
2018-01-15 14:13:19.254897,442.6,442.4,442.6,13130560.0
2018-01-15 14:13:20.922965,442.6,442.4,442.6,13130560.0
2018-01-15 14:13:22.596368,442.6,442.4,442.6,13130560.0
2018-01-15 14:13:24.372224,442.6,442.4,442.6,13130560.0
2018-01-15 14:13:26.145152,442.4,442.2,442.6,13134460.0
2018-01-15 14:13:28.013193,442.4,442.2,442.6,13134460.0
2018-01-15 14:13:29.549457,442.4,442.2,442.6,13136860.0
2018-01-15 14:13:31.259371,442.4,442.2,442.6,13134460.0
2018-01-15 14:13:32.964858,442.4,442.2,442.6,13134460.0
2018-01-15 14:13:34.593030,442.4,442.2,442.6,13134460.0
2018-01-15 14:13:36.369360,442.4,442.2,442.6,13134460.0
2018-01-15 14:13:37.952743,442.4,442.2,442.6,13136860.0
2018-01-15 14:13:39.567604,442.4,442.2,442.6,13136860.0
2018-01-15 14:13:41.392113,442.4,442.2,442.6,13134460.0
2018-01-15 14:13:43.055620,442.4,442.2,442.6,13134460.0
2018-01-15 14:13:44.942663,442.4,442.2,442.6,13136860.0
2018-01-15 14:13:46.569810,442.4,442.2,442.6,13134460.0
2018-01-15 14:13:48.315880,442.4,442.2,442.6,13134460.0
2018-01-15 14:13:50.113236,442.2,442.2,442.4,13138960.0
2018-01-15 14:13:51.834627,442.2,442.2,442.4,13138960.0
2018-01-15 14:13:53.455926,442.2,442.2,442.4,13138960.0
2018-01-15 14:13:55.152822,442.2,442.2,442.6,13138960.0
2018-01-15 14:13:56.824735,442.4,442.2,442.4,13136860.0
2018-01-15 14:13:58.464305,442.4,442.2,442.4,13136860.0
2018-01-15 14:14:03.126760,442.2,442.2,442.4,13138960.0
2018-01-15 14:14:04.843708,442.2,442.2,442.4,13138960.0
2018-01-15 14:14:06.482128,442.2,442.2,442.4,13138960.0
2018-01-15 14:14:08.107821,442.4,442.2,442.4,13139763.0
2018-01-15 14:14:09.912944,442.2,442.2,442.4,13138960.0
2018-01-15 14:14:11.444968,442.2,442.2,442.4,13138960.0
2018-01-15 14:14:13.230541,442.2,442.2,442.4,13138960.0
2018-01-15 14:14:14.928402,442.2,442.2,442.4,13138960.0
2018-01-15 14:14:16.575531,442.4,442.2,442.4,13141263.0
2018-01-15 14:14:18.272630,442.4,442.2,442.4,13141263.0
2018-01-15 14:14:19.897289,442.4,442.2,442.4,13141263.0
2018-01-15 14:14:21.638411,442.4,442.2,442.4,13141263.0
2018-01-15 14:14:23.287128,442.4,442.2,442.4,13141263.0
2018-01-15 14:14:25.001674,442.4,442.2,442.4,13141263.0
2018-01-15 14:14:26.758583,442.4,442.2,442.4,13141963.0
2018-01-15 14:14:28.403112,442.4,442.2,442.4,13141263.0
2018-01-15 14:14:30.163557,442.4,442.2,442.4,13141963.0
2018-01-15 14:14:31.770181,442.4,442.2,442.4,13141963.0
2018-01-15 14:14:33.613242,442.2,442.2,442.4,13143263.0
2018-01-15 14:14:35.388574,442.2,442.2,442.4,13143263.0
2018-01-15 14:14:36.981850,442.2,442.2,442.4,13143263.0
2018-01-15 14:14:38.525953,442.2,442.2,442.4,13143763.0
2018-01-15 14:14:40.307735,442.2,442.2,442.4,13143763.0
2018-01-15 14:14:41.981384,442.2,442.2,442.4,13143263.0
2018-01-15 14:14:43.524777,442.2,442.2,442.4,13143763.0
2018-01-15 14:14:45.213315,442.2,442.2,442.4,13145163.0
2018-01-15 14:14:46.976757,442.2,442.2,442.4,13145163.0
2018-01-15 14:14:48.614546,442.2,442.2,442.4,13143763.0
2018-01-15 14:14:50.646590,442.2,442.2,442.4,13145163.0
2018-01-15 14:14:52.283045,442.2,442.2,442.4,13145163.0
2018-01-15 14:14:53.969320,442.2,442.2,442.4,13143763.0
2018-01-15 14:14:55.551082,442.2,442.2,442.4,13143763.0
2018-01-15 14:14:57.225688,442.2,442.2,442.4,13143763.0
2018-01-15 14:14:58.861012,442.2,442.2,442.4,13145163.0
2018-01-15 14:15:00.561274,442.2,442.2,442.4,13143763.0
2018-01-15 14:15:02.138468,442.2,442.2,442.4,13145163.0
2018-01-15 14:15:03.759570,442.2,442.2,442.4,13146563.0
2018-01-15 14:15:05.610679,442.2,442.2,442.4,13145163.0
2018-01-15 14:15:07.127240,442.2,442.2,442.4,13146563.0
2018-01-15 14:15:08.869126,442.2,442.2,442.4,13145163.0
2018-01-15 14:15:10.689298,442.2,442.2,442.4,13145163.0
2018-01-15 14:15:12.385425,442.2,442.2,442.4,13145163.0
2018-01-15 14:15:14.119126,442.2,442.2,442.4,13146563.0
2018-01-15 14:15:15.922519,442.2,442.2,442.4,13145163.0
2018-01-15 14:15:17.463912,442.2,442.2,442.4,13145163.0
2018-01-15 14:15:19.273650,442.2,442.2,442.4,13145163.0
2018-01-15 14:15:20.835000,442.2,442.2,442.4,13145163.0
2018-01-15 14:15:22.461332,442.2,442.2,442.4,13145163.0
2018-01-15 14:15:24.116136,442.4,442.2,442.4,13147843.0
2018-01-15 14:15:25.724627,442.2,442.2,442.4,13146563.0
2018-01-15 14:15:27.428007,442.4,442.2,442.4,13147843.0
2018-01-15 14:15:29.170634,442.4,442.2,442.4,13155643.0
2018-01-15 14:15:30.916057,442.4,442.2,442.4,13155643.0
2018-01-15 14:15:33.010597,442.4,442.2,442.4,13155643.0
2018-01-15 14:15:34.725655,442.4,442.2,442.4,13155643.0
2018-01-15 14:15:36.455176,442.4,442.2,442.4,13155643.0
2018-01-15 14:15:38.263740,442.4,442.2,442.4,13155643.0
2018-01-15 14:15:40.100636,442.4,442.2,442.4,13157343.0
2018-01-15 14:15:41.820268,442.4,442.2,442.4,13155643.0
2018-01-15 14:15:43.401760,442.2,442.2,442.4,13158943.0
2018-01-15 14:15:45.154205,442.4,442.2,442.4,13160843.0
2018-01-15 14:15:46.964277,442.4,442.2,442.4,13160343.0
2018-01-15 14:15:48.675108,442.4,442.2,442.4,13160343.0
2018-01-15 14:15:50.301771,442.4,442.2,442.4,13160343.0
2018-01-15 14:15:52.054777,442.4,442.2,442.4,13160343.0
2018-01-15 14:15:53.563138,442.4,442.2,442.4,13160843.0
2018-01-15 14:15:55.328440,442.4,442.2,442.4,13160343.0
2018-01-15 14:15:57.003123,442.4,442.2,442.4,13160343.0
2018-01-15 14:15:58.742794,442.4,442.2,442.4,13160843.0
2018-01-15 14:16:00.533522,442.4,442.2,442.4,13160843.0
2018-01-15 14:16:02.411719,442.4,442.2,442.4,13160343.0
2018-01-15 14:16:04.133922,442.4,442.2,442.4,13162468.0
2018-01-15 14:16:05.852288,442.4,442.2,442.4,13162468.0
2018-01-15 14:16:07.462436,442.2,442.2,442.4,13162368.0
2018-01-15 14:16:09.200238,442.4,442.2,442.4,13162468.0
2018-01-15 14:16:10.770070,442.2,442.2,442.4,13162368.0
2018-01-15 14:16:14.003441,442.4,442.2,442.4,13162468.0
2018-01-15 14:16:15.757202,442.2,442.2,442.4,13162368.0
2018-01-15 14:16:17.510720,442.4,442.2,442.4,13162468.0
2018-01-15 14:16:19.196656,442.2,442.2,442.4,13162368.0
2018-01-15 14:16:20.946117,442.2,442.2,442.4,13162368.0
2018-01-15 14:16:22.579459,442.2,442.2,442.4,13162368.0
2018-01-15 14:16:24.090957,442.2,442.2,442.4,13162368.0
2018-01-15 14:16:25.793296,442.2,442.2,442.4,13162368.0
2018-01-15 14:16:27.508414,442.2,442.2,442.4,13163568.0
2018-01-15 14:16:29.243826,442.2,442.2,442.4,13163668.0
2018-01-15 14:16:30.962996,442.2,442.2,442.4,13163668.0
2018-01-15 14:16:32.674180,442.2,442.2,442.4,13163668.0
2018-01-15 14:16:34.356502,442.2,442.2,442.4,13163668.0
2018-01-15 14:16:36.137684,442.2,442.2,442.4,13163568.0
2018-01-15 14:16:37.720108,442.2,442.2,442.4,13180868.0
2018-01-15 14:16:39.363338,442.2,442.2,442.4,13180868.0
2018-01-15 14:16:41.163871,442.2,442.2,442.4,13180868.0
2018-01-15 14:16:42.830971,442.2,442.2,442.4,13180868.0
2018-01-15 14:16:44.722399,442.2,442.2,442.4,13181668.0
2018-01-15 14:16:46.577440,442.2,442.2,442.4,13181668.0
2018-01-15 14:16:48.472924,442.2,442.2,442.4,13180868.0
2018-01-15 14:16:50.240870,442.2,441.8,442.0,13180868.0
2018-01-15 14:16:51.809118,442.0,441.8,442.0,13231868.0
2018-01-15 14:16:53.577488,442.0,441.8,442.0,13231868.0
2018-01-15 14:16:55.251293,442.0,442.0,442.2,13253168.0
2018-01-15 14:16:57.147495,442.0,441.8,442.0,13246068.0
2018-01-15 14:16:58.911375,442.0,442.0,442.2,13246068.0
2018-01-15 14:17:00.527812,442.0,441.8,442.0,13253168.0
2018-01-15 14:17:02.218120,442.0,441.8,442.0,13259768.0
2018-01-15 14:17:03.852941,442.0,441.8,442.0,13253168.0
2018-01-15 14:17:05.467534,442.0,441.8,442.0,13259768.0
2018-01-15 14:17:07.128148,442.0,441.8,442.0,13259768.0
2018-01-15 14:17:08.907629,442.0,442.0,442.2,13259768.0
2018-01-15 14:17:11.843377,442.0,441.8,442.0,13262468.0
2018-01-15 14:17:13.563340,442.0,441.8,442.0,13259768.0
2018-01-15 14:17:15.112364,442.0,441.8,442.0,13262468.0
2018-01-15 14:17:17.080333,442.0,442.0,442.2,13259768.0
2018-01-15 14:17:18.889280,442.0,441.8,442.0,13259768.0
2018-01-15 14:17:20.629141,442.0,441.8,442.0,13262468.0
2018-01-15 14:17:22.517838,442.0,441.8,442.0,13259768.0
2018-01-15 14:17:24.182777,442.0,441.8,442.0,13262468.0
2018-01-15 14:17:25.794195,442.0,441.8,442.0,13259768.0
2018-01-15 14:17:27.840487,442.0,441.8,442.0,13259768.0
2018-01-15 14:17:29.608224,442.0,441.8,442.0,13259768.0
2018-01-15 14:17:31.504063,442.0,442.0,442.2,13266168.0
2018-01-15 14:17:33.264475,442.0,442.0,442.2,13268668.0
2018-01-15 14:17:34.929187,442.0,442.0,442.2,13268868.0
2018-01-15 14:17:36.604080,442.0,442.0,442.2,13268668.0
2018-01-15 14:17:38.403488,442.0,442.0,442.2,13268868.0
2018-01-15 14:17:40.024151,442.0,442.0,442.2,13268668.0
2018-01-15 14:17:42.573686,442.0,442.0,442.2,13268668.0
2018-01-15 14:17:44.201033,442.0,442.0,442.2,13272568.0
2018-01-15 14:17:46.222668,442.0,442.0,442.2,13272668.0
2018-01-15 14:17:48.079885,442.0,441.8,442.2,13284068.0
2018-01-15 14:17:50.262929,442.0,441.8,442.2,13284068.0
2018-01-15 14:17:52.071206,442.0,441.8,442.2,13284068.0
2018-01-15 14:17:54.079367,442.0,441.8,442.2,13284068.0
2018-01-15 14:17:55.896436,442.0,441.8,442.2,13284168.0
2018-01-15 14:17:57.515388,442.0,441.8,442.2,13284168.0
2018-01-15 14:17:59.262054,442.0,441.8,442.2,13284068.0
2018-01-15 14:18:00.980737,442.0,441.8,442.2,13284068.0
2018-01-15 14:18:02.779968,442.0,441.8,442.2,13284068.0
2018-01-15 14:18:06.594728,442.0,441.8,442.2,13284068.0
2018-01-15 14:18:08.153157,442.0,441.8,442.0,13288268.0
2018-01-15 14:18:09.797229,442.0,441.8,442.0,13288968.0
2018-01-15 14:18:11.498505,442.0,441.8,442.0,13288968.0
2018-01-15 14:18:14.796042,442.0,441.8,442.0,13288268.0
2018-01-15 14:18:16.699667,442.0,441.8,442.0,13288968.0
2018-01-15 14:18:18.479450,442.0,441.8,442.0,13288268.0
2018-01-15 14:18:20.154066,442.0,441.8,442.0,13291768.0
2018-01-15 14:18:21.949066,442.0,442.0,442.2,13291468.0
2018-01-15 14:18:23.503741,442.0,442.0,442.2,13291768.0
2018-01-15 14:18:25.031615,442.0,442.0,442.2,13291768.0
2018-01-15 14:18:26.653677,442.0,442.0,442.2,13291768.0
2018-01-15 14:18:28.401917,442.0,442.0,442.2,13291468.0
2018-01-15 14:18:30.057123,442.0,442.0,442.2,13291768.0
2018-01-15 14:18:31.832355,442.0,442.0,442.2,13291468.0
2018-01-15 14:18:33.521526,442.0,442.0,442.2,13291468.0
2018-01-15 14:18:35.315712,442.0,442.0,442.2,13291468.0
2018-01-15 14:18:37.082167,442.0,442.0,442.2,13291468.0
2018-01-15 14:18:38.852117,442.0,442.0,442.2,13291468.0
2018-01-15 14:18:40.634379,442.0,442.0,442.2,13291768.0
2018-01-15 14:18:42.425051,442.0,442.0,442.2,13291468.0
2018-01-15 14:18:44.530524,442.0,442.0,442.2,13291468.0
2018-01-15 14:18:46.322890,442.0,442.0,442.2,13291768.0
2018-01-15 14:18:48.050252,442.0,441.8,442.0,13298368.0
2018-01-15 14:18:49.578881,442.0,441.8,442.0,13298368.0
2018-01-15 14:18:51.243149,442.0,441.8,442.0,13298368.0
2018-01-15 14:18:52.849588,442.0,441.8,442.0,13298368.0
2018-01-15 14:18:54.628468,442.0,441.8,442.0,13298368.0
2018-01-15 14:18:56.352076,442.0,441.8,442.0,13298368.0
2018-01-15 14:18:58.042254,442.0,441.8,442.0,13298368.0
2018-01-15 14:18:59.789201,442.0,441.8,442.0,13298368.0
2018-01-15 14:19:01.408638,442.0,441.8,442.0,13298368.0
2018-01-15 14:19:03.199483,442.0,441.8,442.0,13298368.0
2018-01-15 14:19:08.579460,442.0,441.8,442.0,13298368.0
2018-01-15 14:19:10.251764,441.8,441.8,442.0,13303968.0
2018-01-15 14:19:11.967249,441.8,441.8,442.0,13303968.0
2018-01-15 14:19:13.591948,441.8,441.8,442.0,13303968.0
2018-01-15 14:19:15.424421,441.8,441.8,442.0,13303968.0
2018-01-15 14:19:17.149746,441.8,441.8,442.0,13303968.0
2018-01-15 14:19:18.799201,441.8,441.8,442.0,13303968.0
2018-01-15 14:19:20.551943,441.8,441.8,442.0,13304128.0
2018-01-15 14:19:22.302793,441.8,441.8,442.0,13303968.0
2018-01-15 14:19:24.177884,441.8,441.8,442.0,13312828.0
2018-01-15 14:19:25.953882,441.8,441.8,442.0,13312828.0
2018-01-15 14:19:27.787014,441.8,441.8,442.0,13312828.0
2018-01-15 14:19:29.650185,441.8,441.8,442.0,13312828.0
2018-01-15 14:19:31.274890,441.8,441.8,442.0,13312828.0
2018-01-15 14:19:32.788646,441.8,441.8,442.0,13312828.0
2018-01-15 14:19:34.526918,441.8,441.8,442.0,13312828.0
2018-01-15 14:19:36.174589,441.8,441.8,442.0,13316628.0
2018-01-15 14:19:37.958980,441.8,441.8,442.0,13316628.0
2018-01-15 14:19:39.616399,441.8,441.8,442.0,13316628.0
2018-01-15 14:19:41.276426,441.8,441.8,442.0,13316628.0
2018-01-15 14:19:42.836389,441.8,441.8,442.0,13316628.0
2018-01-15 14:19:44.446130,441.8,441.8,442.0,13316628.0
2018-01-15 14:19:46.211269,441.8,441.8,442.0,13316628.0
2018-01-15 14:19:47.910208,441.8,441.8,442.0,13316628.0
2018-01-15 14:19:49.405438,441.8,441.8,442.0,13316628.0
2018-01-15 14:19:51.228681,442.0,441.8,442.0,13322628.0
2018-01-15 14:19:52.864966,442.0,441.8,442.0,13322628.0
2018-01-15 14:19:54.396376,442.0,441.8,442.0,13322628.0
2018-01-15 14:19:56.161245,442.0,441.8,442.0,13322628.0
2018-01-15 14:19:57.836596,442.0,441.8,442.0,13322628.0
2018-01-15 14:19:59.382939,442.0,441.8,442.0,13322628.0
2018-01-15 14:20:00.985317,442.0,441.8,442.0,13322628.0
2018-01-15 14:20:02.574230,442.0,441.8,442.0,13322628.0
2018-01-15 14:20:04.983900,442.0,441.8,442.0,13322628.0
2018-01-15 14:20:10.041461,441.8,441.6,442.0,13334928.0
2018-01-15 14:20:11.827477,441.8,441.6,442.0,13336728.0
2018-01-15 14:20:13.594586,441.8,441.6,442.0,13336728.0
2018-01-15 14:20:15.394983,441.8,441.6,442.0,13336728.0
2018-01-15 14:20:16.936214,441.8,441.6,442.0,13336728.0
2018-01-15 14:20:18.552438,441.8,441.6,442.0,13334928.0
2018-01-15 14:20:20.181821,441.8,441.6,442.0,13346528.0
2018-01-15 14:20:21.932401,441.8,441.6,442.0,13346528.0
2018-01-15 14:20:23.446733,441.8,441.6,442.0,13346528.0
2018-01-15 14:20:25.020466,441.8,441.6,442.0,13346128.0
2018-01-15 14:20:26.866593,441.8,441.6,442.0,13346528.0
2018-01-15 14:20:28.511885,441.8,441.6,442.0,13346528.0
2018-01-15 14:20:30.102716,441.8,441.6,442.0,13346128.0
2018-01-15 14:20:31.608828,441.6,441.6,441.8,13354328.0
2018-01-15 14:20:33.388967,441.6,441.6,441.8,13354328.0
2018-01-15 14:20:34.877653,441.6,441.6,441.8,13363128.0
2018-01-15 14:20:36.699602,441.6,441.6,441.8,13363128.0
2018-01-15 14:20:38.432562,441.6,441.6,441.8,13363128.0
2018-01-15 14:20:40.014358,441.6,441.6,441.8,13363128.0
2018-01-15 14:20:41.677846,441.6,441.6,441.8,13363128.0
2018-01-15 14:20:43.333717,441.6,441.6,441.8,13363128.0
2018-01-15 14:20:45.154454,441.6,441.6,441.8,13363128.0
2018-01-15 14:20:47.025236,441.6,441.6,441.8,13363128.0
2018-01-15 14:20:48.704919,441.6,441.6,441.8,13363128.0
2018-01-15 14:20:50.373011,441.6,441.6,441.8,13363128.0
2018-01-15 14:20:51.915022,441.6,441.6,441.8,13363128.0
2018-01-15 14:20:54.071442,441.6,441.6,441.8,13363128.0
2018-01-15 14:20:55.686619,441.6,441.6,441.8,13363128.0
2018-01-15 14:20:57.465266,441.6,441.6,441.8,13363128.0
2018-01-15 14:21:02.907803,441.8,441.6,441.8,13366328.0
2018-01-15 14:21:04.558325,441.8,441.6,441.8,13366328.0
2018-01-15 14:21:06.137152,441.8,441.6,441.8,13366328.0
2018-01-15 14:21:07.786122,441.8,441.6,441.8,13366328.0
2018-01-15 14:21:09.347042,441.8,441.6,441.8,13366328.0
2018-01-15 14:21:12.102886,441.8,441.6,441.8,13366328.0
2018-01-15 14:21:13.957761,441.8,441.6,441.8,13366328.0
2018-01-15 14:21:15.632971,441.8,441.6,441.8,13366328.0
2018-01-15 14:21:17.402128,441.8,441.6,441.8,13366328.0
2018-01-15 14:21:19.268253,441.8,441.6,441.8,13366328.0
2018-01-15 14:21:21.046248,441.8,441.6,441.8,13366328.0
2018-01-15 14:21:22.678415,441.8,441.6,441.8,13366328.0
2018-01-15 14:21:24.388239,441.8,441.6,441.8,13366328.0
2018-01-15 14:21:25.965541,441.8,441.6,441.8,13366328.0
2018-01-15 14:21:27.506129,441.8,441.6,441.8,13366328.0
2018-01-15 14:21:29.191862,441.8,441.6,441.8,13366328.0
2018-01-15 14:21:30.768066,441.8,441.6,441.8,13366328.0
2018-01-15 14:21:32.282104,441.8,441.6,441.8,13366328.0
2018-01-15 14:21:33.872431,441.8,441.6,441.8,13366328.0
2018-01-15 14:21:35.598879,441.8,441.6,441.8,13366328.0
2018-01-15 14:21:37.330537,441.6,441.6,441.8,13368928.0
2018-01-15 14:21:39.017092,441.6,441.6,441.8,13368928.0
2018-01-15 14:21:40.654337,441.6,441.6,441.8,13368928.0
2018-01-15 14:21:42.460671,441.6,441.6,441.8,13368928.0
2018-01-15 14:21:44.126736,441.6,441.6,441.8,13368928.0
2018-01-15 14:21:45.818492,441.6,441.6,441.8,13368928.0
2018-01-15 14:21:47.649432,441.8,441.6,441.8,13372528.0
2018-01-15 14:21:49.472173,441.8,441.6,441.8,13372528.0
2018-01-15 14:21:51.361616,441.8,441.6,441.8,13372528.0
2018-01-15 14:21:53.027650,441.8,441.6,441.8,13372528.0
2018-01-15 14:21:54.792438,441.8,441.6,441.8,13372528.0
2018-01-15 14:21:56.690456,441.8,441.6,441.8,13372528.0
2018-01-15 14:21:59.847761,441.8,441.6,441.8,13372528.0
2018-01-15 14:22:01.346504,441.8,441.6,441.8,13372528.0
2018-01-15 14:22:03.164531,441.8,441.6,441.8,13372528.0
2018-01-15 14:22:04.879259,441.8,441.6,441.8,13372528.0
2018-01-15 14:22:07.438383,441.8,441.6,441.8,13372528.0
2018-01-15 14:22:09.194454,441.6,441.6,441.8,13375528.0
2018-01-15 14:22:10.898406,441.6,441.6,441.8,13375528.0
2018-01-15 14:22:12.749928,441.6,441.6,441.8,13375528.0
2018-01-15 14:22:14.660905,441.6,441.6,441.8,13375528.0
2018-01-15 14:22:16.443228,441.6,441.6,441.8,13375528.0
2018-01-15 14:22:18.182695,441.6,441.6,441.8,13375528.0
2018-01-15 14:22:19.767311,441.6,441.6,441.8,13375528.0
2018-01-15 14:22:21.460217,441.6,441.6,441.8,13375528.0
2018-01-15 14:22:23.213455,441.6,441.6,441.8,13375528.0
2018-01-15 14:22:24.883686,441.6,441.6,441.8,13375528.0
2018-01-15 14:22:26.644379,441.6,441.6,441.8,13375528.0
2018-01-15 14:22:28.277706,441.6,441.6,441.8,13375528.0
2018-01-15 14:22:29.716619,441.8,441.6,441.8,13379928.0
2018-01-15 14:22:31.433449,441.8,441.6,441.8,13379428.0
2018-01-15 14:22:33.266116,441.8,441.6,441.8,13379428.0
2018-01-15 14:22:34.971894,441.8,441.6,441.8,13379928.0
2018-01-15 14:22:36.576293,441.8,441.6,441.8,13379428.0
2018-01-15 14:22:38.245812,441.8,441.6,441.8,13379928.0
2018-01-15 14:22:39.911422,441.8,441.6,441.8,13379928.0
2018-01-15 14:22:41.439223,441.8,441.6,441.8,13379428.0
2018-01-15 14:22:43.134628,441.6,441.6,441.8,13382028.0
2018-01-15 14:22:44.744428,441.6,441.6,441.8,13382028.0
2018-01-15 14:22:46.313607,441.6,441.6,441.8,13382028.0
2018-01-15 14:22:47.860994,441.6,441.6,441.8,13382028.0
2018-01-15 14:22:49.369373,441.6,441.6,441.8,13382028.0
2018-01-15 14:22:51.032328,441.8,441.6,441.8,13390728.0
2018-01-15 14:22:52.722740,441.8,441.6,441.8,13393428.0
2018-01-15 14:22:54.293296,441.8,441.6,441.8,13393428.0
2018-01-15 14:22:55.988216,441.8,441.6,441.8,13393428.0
2018-01-15 14:22:57.781114,441.8,441.6,441.8,13393428.0
2018-01-15 14:22:59.344768,441.8,441.6,441.8,13393428.0
2018-01-15 14:23:03.163232,441.8,441.6,441.8,13396428.0
2018-01-15 14:23:04.888366,441.8,441.6,441.8,13396428.0
2018-01-15 14:23:06.659531,441.6,441.6,441.8,13397128.0
2018-01-15 14:23:08.340329,441.8,441.6,441.8,13396428.0
2018-01-15 14:23:09.960670,441.6,441.6,441.8,13397128.0
2018-01-15 14:23:11.573185,441.6,441.6,441.8,13397128.0
2018-01-15 14:23:13.267282,441.6,441.6,441.8,13397128.0
2018-01-15 14:23:14.918426,441.6,441.6,441.8,13397128.0
2018-01-15 14:23:16.674740,441.6,441.6,441.8,13397128.0
2018-01-15 14:23:18.304377,441.6,441.4,441.6,13416303.0
2018-01-15 14:23:20.018359,441.4,441.4,441.6,13422403.0
2018-01-15 14:23:21.787799,441.6,441.4,441.6,13416303.0
2018-01-15 14:23:23.375315,441.4,441.4,441.6,13422403.0
2018-01-15 14:23:25.153754,441.6,441.4,441.6,13422803.0
2018-01-15 14:23:26.714488,441.4,441.4,441.6,13422403.0
2018-01-15 14:23:28.366242,441.6,441.4,441.6,13422803.0
2018-01-15 14:23:30.108625,441.6,441.6,441.8,13437603.0
2018-01-15 14:23:31.641391,441.6,441.6,441.8,13437603.0
2018-01-15 14:23:33.353849,441.6,441.6,441.8,13451703.0
2018-01-15 14:23:35.008845,441.6,441.6,441.8,13455403.0
2018-01-15 14:23:36.634353,441.6,441.6,441.8,13456803.0
2018-01-15 14:23:38.387833,441.6,441.6,441.8,13456803.0
2018-01-15 14:23:40.028133,441.6,441.6,441.8,13455403.0
2018-01-15 14:23:41.760249,441.6,441.6,441.8,13456803.0
2018-01-15 14:23:43.546779,441.6,441.6,441.8,13455403.0
2018-01-15 14:23:45.391045,441.6,441.6,441.8,13455403.0
2018-01-15 14:23:46.987161,441.6,441.6,441.8,13456803.0
2018-01-15 14:23:48.650683,441.6,441.6,441.8,13456803.0
2018-01-15 14:23:50.185763,441.6,441.6,441.8,13456803.0
2018-01-15 14:23:51.757387,441.6,441.6,441.8,13456803.0
2018-01-15 14:23:53.525175,441.6,441.6,441.8,13458103.0
2018-01-15 14:23:55.230459,441.6,441.6,441.8,13456803.0
2018-01-15 14:23:56.803594,441.6,441.6,441.8,13458103.0
2018-01-15 14:23:58.575421,441.6,441.6,441.8,13456803.0
2018-01-15 14:24:00.187403,441.6,441.6,441.8,13456803.0
2018-01-15 14:24:03.845559,441.6,441.6,441.8,13456803.0
2018-01-15 14:24:05.566638,441.6,441.6,441.8,13459403.0
2018-01-15 14:24:07.242696,441.6,441.6,441.8,13459403.0
2018-01-15 14:24:08.911484,441.6,441.6,441.8,13459403.0
2018-01-15 14:24:10.653557,441.6,441.6,441.8,13459403.0
2018-01-15 14:24:12.240516,441.6,441.6,441.8,13460103.0
2018-01-15 14:24:14.615267,441.6,441.6,441.8,13459403.0
2018-01-15 14:24:16.325062,441.6,441.4,441.8,13462103.0
2018-01-15 14:24:18.074369,441.6,441.4,441.8,13461303.0
2018-01-15 14:24:19.763602,441.4,441.4,441.8,13464403.0
2018-01-15 14:24:21.545261,441.6,441.4,441.6,13464603.0
2018-01-15 14:24:23.085041,441.6,441.4,441.6,13464603.0
2018-01-15 14:24:24.693577,441.6,441.4,441.6,13464603.0
2018-01-15 14:24:26.399706,441.4,441.4,441.6,13464403.0
2018-01-15 14:24:28.045300,441.6,441.4,441.6,13464603.0
2018-01-15 14:24:29.623900,441.4,441.4,441.6,13464403.0
2018-01-15 14:24:31.335695,441.6,441.4,441.6,13464603.0
2018-01-15 14:24:33.035653,441.6,441.4,441.6,13464603.0
2018-01-15 14:24:34.818948,441.6,441.4,441.6,13464603.0
2018-01-15 14:24:36.607466,441.6,441.4,441.6,13464603.0
2018-01-15 14:24:38.273715,441.4,441.4,441.6,13464403.0
2018-01-15 14:24:39.820272,441.6,441.4,441.6,13464603.0
2018-01-15 14:24:41.367440,441.6,441.4,441.6,13464603.0
2018-01-15 14:24:42.897585,441.6,441.4,441.6,13464603.0
2018-01-15 14:24:44.516707,441.6,441.4,441.6,13464603.0
2018-01-15 14:24:46.393427,441.6,441.4,441.6,13466703.0
2018-01-15 14:24:48.176173,441.6,441.4,441.6,13466703.0
2018-01-15 14:24:49.757104,441.6,441.4,441.6,13466703.0
2018-01-15 14:24:51.506283,441.6,441.4,441.6,13466703.0
2018-01-15 14:24:53.170653,441.6,441.4,441.6,13466703.0
2018-01-15 14:24:54.770109,441.6,441.4,441.6,13466503.0
2018-01-15 14:24:56.296158,441.4,441.4,441.6,13471803.0
2018-01-15 14:24:58.771319,441.6,441.4,441.6,13472103.0
2018-01-15 14:25:00.513957,441.6,441.4,441.6,13472103.0
2018-01-15 14:25:02.174836,441.4,441.4,441.6,13471803.0
2018-01-15 14:25:03.831112,441.6,441.4,441.6,13472103.0
2018-01-15 14:25:05.366557,441.6,441.4,441.6,13472103.0
2018-01-15 14:25:06.856821,441.4,441.4,441.6,13471803.0
2018-01-15 14:25:08.435722,441.6,441.6,441.8,13480103.0
2018-01-15 14:25:10.094710,441.6,441.6,441.8,13480103.0
2018-01-15 14:25:13.542122,441.6,441.6,441.8,13480303.0
2018-01-15 14:25:15.495388,441.6,441.6,441.8,13480103.0
2018-01-15 14:25:17.145321,441.6,441.6,441.8,13480103.0
2018-01-15 14:25:18.699373,441.6,441.6,441.8,13480103.0
2018-01-15 14:25:20.355855,441.6,441.6,441.8,13480303.0
2018-01-15 14:25:22.101488,441.6,441.6,441.8,13480303.0
2018-01-15 14:25:23.818933,441.6,441.6,441.8,13480303.0
2018-01-15 14:25:25.372710,441.6,441.6,441.8,13480103.0
2018-01-15 14:25:26.981761,441.6,441.6,441.8,13480303.0
2018-01-15 14:25:28.669208,441.6,441.6,441.8,13482703.0
2018-01-15 14:25:30.369026,441.6,441.6,441.8,13482703.0
2018-01-15 14:25:32.205856,441.6,441.6,441.8,13483703.0
2018-01-15 14:25:33.832517,441.6,441.6,441.8,13482703.0
2018-01-15 14:25:35.609151,441.6,441.6,441.8,13483703.0
2018-01-15 14:25:37.497427,441.6,441.6,441.8,13486903.0
2018-01-15 14:25:39.250763,441.6,441.6,441.8,13486903.0
2018-01-15 14:25:40.883717,441.6,441.6,441.8,13486903.0
2018-01-15 14:25:42.649157,441.6,441.6,441.8,13486903.0
2018-01-15 14:25:44.541372,441.6,441.6,441.8,13486903.0
2018-01-15 14:25:46.131548,441.8,441.6,441.8,13487303.0
2018-01-15 14:25:47.980201,441.8,441.6,441.8,13487303.0
2018-01-15 14:25:49.486652,441.6,441.6,441.8,13486903.0
2018-01-15 14:25:51.040967,441.8,441.6,441.8,13487303.0
2018-01-15 14:25:52.505235,441.6,441.6,441.8,13486903.0
2018-01-15 14:25:54.034112,441.6,441.6,441.8,13486903.0
2018-01-15 14:25:55.661971,441.6,441.6,441.8,13486903.0
2018-01-15 14:25:57.264484,441.6,441.6,441.8,13486903.0
2018-01-15 14:25:59.095395,441.8,441.6,441.8,13487303.0
2018-01-15 14:26:00.753518,441.8,441.6,441.8,13487303.0
2018-01-15 14:26:02.300893,441.4,441.4,441.6,13502003.0
2018-01-15 14:26:03.978522,441.4,441.4,441.6,13503703.0
2018-01-15 14:26:08.847394,441.4,441.4,441.6,13503703.0
2018-01-15 14:26:10.517822,441.4,441.4,441.6,13502003.0
2018-01-15 14:26:13.873678,441.4,441.2,441.4,13510203.0
2018-01-15 14:26:15.467121,441.4,441.2,441.4,13510203.0
2018-01-15 14:26:17.257926,441.4,441.2,441.4,13510203.0
2018-01-15 14:26:18.757965,441.4,441.2,441.4,13510203.0
2018-01-15 14:26:20.405650,441.4,441.2,441.4,13510203.0
2018-01-15 14:26:22.150780,441.4,441.2,441.4,13510203.0
2018-01-15 14:26:23.979773,441.4,441.2,441.4,13510203.0
2018-01-15 14:26:25.571273,441.4,441.2,441.4,13510203.0
2018-01-15 14:26:27.169163,441.4,441.2,441.4,13510203.0
2018-01-15 14:26:28.825600,441.4,441.2,441.4,13510203.0
2018-01-15 14:26:30.512907,441.4,441.2,441.4,13510203.0
2018-01-15 14:26:31.984725,441.2,441.2,441.4,13519403.0
2018-01-15 14:26:33.736424,441.2,441.2,441.4,13520003.0
2018-01-15 14:26:35.360078,441.2,441.2,441.4,13520003.0
2018-01-15 14:26:36.990806,441.2,441.2,441.4,13519403.0
2018-01-15 14:26:38.650358,441.2,441.2,441.4,13519403.0
2018-01-15 14:26:40.376713,441.2,441.2,441.4,13520003.0
2018-01-15 14:26:42.085787,441.2,441.2,441.4,13519403.0
2018-01-15 14:26:43.696822,441.2,441.2,441.4,13519403.0
2018-01-15 14:26:45.369423,441.2,441.2,441.4,13521303.0
2018-01-15 14:26:47.210561,441.2,441.2,441.4,13521303.0
2018-01-15 14:26:49.007578,441.2,441.2,441.4,13521303.0
2018-01-15 14:26:50.610194,441.2,441.2,441.4,13526703.0
2018-01-15 14:26:52.197909,441.2,441.2,441.4,13526703.0
2018-01-15 14:26:54.046153,441.2,441.2,441.4,13526703.0
2018-01-15 14:26:55.717025,441.2,441.2,441.4,13526703.0
2018-01-15 14:26:57.431235,441.4,441.2,441.4,13532003.0
2018-01-15 14:27:01.866414,441.4,441.2,441.4,13532003.0
2018-01-15 14:27:06.468779,441.0,441.0,441.2,13533103.0
2018-01-15 14:27:08.175945,441.0,441.0,441.2,13538103.0
2018-01-15 14:27:09.927383,441.2,441.0,441.4,13541903.0
2018-01-15 14:27:11.714311,441.2,441.0,441.4,13548003.0
2018-01-15 14:27:13.375213,441.2,441.0,441.4,13548003.0
2018-01-15 14:27:15.241285,441.2,441.0,441.4,13548003.0
2018-01-15 14:27:16.931717,441.2,441.0,441.4,13548003.0
2018-01-15 14:27:18.677151,441.2,441.0,441.2,13550403.0
2018-01-15 14:27:20.427086,441.2,441.0,441.2,13550403.0
2018-01-15 14:27:22.235170,441.2,441.0,441.2,13554203.0
2018-01-15 14:27:23.900003,441.0,441.0,441.4,13553203.0
2018-01-15 14:27:25.553614,441.0,441.0,441.4,13553203.0
2018-01-15 14:27:26.973357,441.0,441.0,441.4,13553203.0
2018-01-15 14:27:28.731476,441.2,441.0,441.4,13554203.0
2018-01-15 14:27:30.225948,441.0,441.0,441.4,13553203.0
2018-01-15 14:27:31.795014,441.2,441.0,441.2,13556103.0
2018-01-15 14:27:33.518953,441.2,441.0,441.2,13556103.0
2018-01-15 14:27:35.034324,441.2,441.0,441.2,13556103.0
2018-01-15 14:27:36.865132,441.0,441.0,441.2,13567003.0
2018-01-15 14:27:38.320500,441.0,441.0,441.2,13566403.0
2018-01-15 14:27:39.731580,441.0,441.0,441.2,13567003.0
2018-01-15 14:27:41.445607,441.2,441.0,441.2,13568803.0
2018-01-15 14:27:43.103245,441.2,441.0,441.2,13568803.0
2018-01-15 14:27:44.593177,441.2,441.0,441.2,13568803.0
2018-01-15 14:27:46.173201,441.2,441.0,441.2,13568803.0
2018-01-15 14:27:47.884157,441.2,441.0,441.2,13568803.0
2018-01-15 14:27:49.554213,441.2,441.0,441.2,13568803.0
2018-01-15 14:27:51.062924,441.2,441.0,441.2,13568803.0
2018-01-15 14:27:52.638632,441.2,441.0,441.2,13568803.0
2018-01-15 14:27:54.133655,441.0,441.0,441.4,13585403.0
2018-01-15 14:27:55.738710,441.0,441.0,441.4,13585403.0
2018-01-15 14:27:57.338561,441.0,441.0,441.4,13585403.0
2018-01-15 14:27:59.049133,441.0,441.0,441.4,13585403.0
2018-01-15 14:28:00.820454,441.0,441.0,441.4,13585403.0
2018-01-15 14:28:02.585694,441.0,441.0,441.4,13585403.0
2018-01-15 14:28:04.081711,441.0,441.0,441.4,13585403.0
2018-01-15 14:28:05.798557,441.0,441.0,441.4,13585403.0
2018-01-15 14:28:07.563517,441.0,441.0,441.4,13584103.0
2018-01-15 14:28:09.112029,441.0,441.0,441.4,13585403.0
2018-01-15 14:28:10.751875,441.0,441.0,441.4,13585403.0
2018-01-15 14:28:12.472765,441.4,441.2,441.4,13586694.0
2018-01-15 14:28:14.151052,441.4,441.2,441.4,13586694.0
2018-01-15 14:28:15.738687,441.4,441.2,441.4,13586694.0
2018-01-15 14:28:17.408961,441.4,441.2,441.4,13586694.0
2018-01-15 14:28:19.060727,441.4,441.2,441.4,13586694.0
2018-01-15 14:28:20.676582,441.4,441.2,441.4,13586694.0
2018-01-15 14:28:22.301319,441.4,441.2,441.4,13586694.0
2018-01-15 14:28:24.035067,441.4,441.2,441.4,13586694.0
2018-01-15 14:28:25.865170,441.4,441.2,441.4,13586694.0
2018-01-15 14:28:27.567359,441.2,441.2,441.4,13591394.0
2018-01-15 14:28:29.104401,441.2,441.2,441.4,13591394.0
2018-01-15 14:28:30.782455,441.2,441.2,441.4,13591394.0
2018-01-15 14:28:32.599957,441.2,441.2,441.4,13591394.0
2018-01-15 14:28:34.117406,441.2,441.2,441.4,13591394.0
2018-01-15 14:28:35.671822,441.2,441.2,441.4,13591394.0
2018-01-15 14:28:37.398703,441.2,441.2,441.4,13591394.0
2018-01-15 14:28:39.064269,441.2,441.2,441.4,13591394.0
2018-01-15 14:28:40.692370,441.4,441.2,441.4,13594494.0
2018-01-15 14:28:42.249715,441.4,441.2,441.4,13594494.0
2018-01-15 14:28:43.879929,441.4,441.2,441.4,13594494.0
2018-01-15 14:28:46.508364,441.4,441.2,441.4,13594494.0
2018-01-15 14:28:48.347905,441.4,441.2,441.4,13594494.0
2018-01-15 14:28:49.924057,441.4,441.2,441.4,13594494.0
2018-01-15 14:28:51.350752,441.4,441.2,441.4,13594494.0
2018-01-15 14:28:53.114739,441.4,441.2,441.4,13594494.0
2018-01-15 14:28:54.760905,441.4,441.2,441.4,13594494.0
2018-01-15 14:28:56.290684,441.4,441.2,441.4,13594494.0
2018-01-15 14:29:01.366791,441.4,441.2,441.4,13594494.0
2018-01-15 14:29:02.895390,441.4,441.2,441.4,13594494.0
2018-01-15 14:29:04.612008,441.4,441.2,441.4,13594494.0
2018-01-15 14:29:06.289181,441.4,441.2,441.6,13602594.0
2018-01-15 14:29:07.802436,441.2,441.2,441.6,13597094.0
2018-01-15 14:29:09.573491,441.4,441.2,441.4,13602594.0
2018-01-15 14:29:11.307688,441.2,441.2,441.6,13605594.0
2018-01-15 14:29:13.006092,441.4,441.2,441.6,13602594.0
2018-01-15 14:29:14.733292,441.4,441.2,441.6,13602594.0
2018-01-15 14:29:16.411738,441.4,441.2,441.6,13602594.0
2018-01-15 14:29:17.988859,441.4,441.2,441.6,13602594.0
2018-01-15 14:29:19.686467,441.2,441.2,441.6,13605594.0
2018-01-15 14:29:21.285730,441.2,441.2,441.6,13605594.0
2018-01-15 14:29:22.848807,441.4,441.2,441.6,13602594.0
2018-01-15 14:29:24.558484,441.2,441.2,441.6,13605594.0
2018-01-15 14:29:26.347182,441.4,441.2,441.6,13602594.0
2018-01-15 14:29:28.124239,441.2,441.2,441.6,13605594.0
2018-01-15 14:29:29.774834,441.4,441.2,441.6,13602594.0
2018-01-15 14:29:31.561267,441.2,441.2,441.6,13605594.0
2018-01-15 14:29:33.069192,441.2,441.2,441.6,13605594.0
2018-01-15 14:29:34.785167,441.2,441.2,441.4,13606694.0
2018-01-15 14:29:39.981466,441.2,441.2,441.4,13606694.0
2018-01-15 14:29:41.848911,441.2,441.2,441.6,13606694.0
2018-01-15 14:29:43.252507,441.2,441.2,441.4,13606694.0
2018-01-15 14:29:44.939397,441.2,441.2,441.4,13606694.0
2018-01-15 14:29:46.558922,441.2,441.2,441.4,13605594.0
2018-01-15 14:29:48.393628,441.2,441.2,441.6,13605594.0
2018-01-15 14:29:49.953901,441.2,441.2,441.6,13606694.0
2018-01-15 14:29:51.639242,441.2,441.2,441.4,13605594.0
2018-01-15 14:29:53.442423,441.2,441.2,441.4,13606694.0
2018-01-15 14:29:55.158281,441.2,441.2,441.4,13606694.0
2018-01-15 14:29:57.047023,441.2,441.2,441.4,13611099.0
2018-01-15 14:29:58.778613,441.2,441.2,441.4,13610699.0
2018-01-15 14:30:01.213054,441.2,441.2,441.4,13610699.0
2018-01-15 14:30:06.544062,441.2,441.2,441.4,13610699.0
2018-01-15 14:30:08.219259,441.2,441.2,441.4,13610699.0
2018-01-15 14:30:09.994714,441.2,441.2,441.4,13614999.0
2018-01-15 14:30:11.773095,441.2,441.2,441.4,13614999.0
2018-01-15 14:30:15.516656,441.2,441.2,441.4,13620899.0
2018-01-15 14:30:17.202028,441.2,441.2,441.4,13620899.0
2018-01-15 14:30:18.990045,441.4,441.2,441.4,13622399.0
2018-01-15 14:30:20.521777,441.4,441.2,441.4,13622399.0
2018-01-15 14:30:22.244896,441.4,441.2,441.4,13622999.0
2018-01-15 14:30:24.047122,441.4,441.2,441.4,13622399.0
2018-01-15 14:30:25.807396,441.4,441.2,441.4,13622999.0
2018-01-15 14:30:27.669642,441.4,441.2,441.4,13622399.0
2018-01-15 14:30:29.548945,441.4,441.2,441.4,13622399.0
2018-01-15 14:30:31.289447,441.4,441.2,441.4,13622999.0
2018-01-15 14:30:32.839537,441.4,441.2,441.4,13622999.0
2018-01-15 14:30:34.570423,441.4,441.2,441.4,13622999.0
2018-01-15 14:30:36.316206,441.4,441.2,441.4,13622999.0
2018-01-15 14:30:38.135888,441.4,441.2,441.4,13622399.0
2018-01-15 14:30:39.856853,441.4,441.2,441.4,13622999.0
2018-01-15 14:30:41.413871,441.4,441.2,441.4,13622999.0
2018-01-15 14:30:43.066186,441.2,441.2,441.4,13625399.0
2018-01-15 14:30:44.632303,441.2,441.2,441.4,13625399.0
2018-01-15 14:30:46.253368,441.4,441.2,441.4,13622999.0
2018-01-15 14:30:48.183624,441.2,441.2,441.4,13626201.0
2018-01-15 14:30:49.837715,441.2,441.2,441.4,13626201.0
2018-01-15 14:30:51.426697,441.2,441.2,441.4,13626201.0
2018-01-15 14:30:53.080814,441.2,441.2,441.4,13625399.0
2018-01-15 14:30:54.631645,441.2,441.2,441.4,13625399.0
2018-01-15 14:30:57.371005,441.2,441.2,441.4,13625399.0
2018-01-15 14:30:58.987580,441.2,441.2,441.4,13626201.0
2018-01-15 14:31:00.572235,441.2,441.2,441.4,13626201.0
2018-01-15 14:31:03.124107,441.2,441.2,441.4,13625399.0
2018-01-15 14:31:04.909792,441.2,441.2,441.4,13627501.0
2018-01-15 14:31:06.470819,441.2,441.2,441.4,13626201.0
2018-01-15 14:31:08.206588,441.2,441.2,441.4,13627501.0
2018-01-15 14:31:09.968238,441.2,441.2,441.4,13627501.0
2018-01-15 14:31:11.834284,441.2,441.2,441.4,13627501.0
2018-01-15 14:31:13.539604,441.2,441.2,441.4,13627501.0
2018-01-15 14:31:15.194076,441.2,441.2,441.4,13627501.0
2018-01-15 14:31:16.893260,441.2,441.2,441.4,13627501.0
