time,price,bid,ask,volume
2018-01-12 09:37:01.081917,433.6,433.4,433.6,1982836.0
2018-01-12 09:37:02.223765,433.4,433.4,433.6,1990536.0
2018-01-12 09:37:04.457083,433.4,433.4,433.6,1990536.0
2018-01-12 09:37:05.557628,433.6,433.4,433.6,2016736.0
2018-01-12 09:37:07.141901,433.4,433.4,433.6,2016836.0
2018-01-12 09:37:08.642482,433.6,433.4,433.6,2016736.0
2018-01-12 09:37:09.661880,433.6,433.4,433.6,2016736.0
2018-01-12 09:37:10.692036,433.6,433.4,433.6,2020336.0
2018-01-12 09:37:12.436352,433.4,433.4,433.6,2016836.0
2018-01-12 09:37:13.814513,433.4,433.4,433.8,2043686.0
2018-01-12 09:37:15.420634,433.4,433.4,433.8,2043686.0
2018-01-12 09:37:16.630726,433.6,433.6,433.8,2048056.0
2018-01-12 09:37:17.848916,433.6,433.6,433.8,2048056.0
2018-01-12 09:37:18.992038,433.6,433.6,433.8,2048056.0
2018-01-12 09:37:20.111623,433.8,433.6,433.8,2052056.0
2018-01-12 09:37:21.175258,433.8,433.6,433.8,2052056.0
2018-01-12 09:37:22.265024,433.8,433.6,433.8,2052056.0
2018-01-12 09:37:23.338795,433.8,433.6,433.8,2052156.0
2018-01-12 09:37:24.373392,433.8,433.6,433.8,2052156.0
2018-01-12 09:37:25.213421,433.8,433.6,433.8,2052056.0
2018-01-12 09:37:26.569419,433.6,433.4,433.8,2054156.0
2018-01-12 09:37:27.338159,433.6,433.4,433.8,2054156.0
2018-01-12 09:37:28.564022,433.6,433.4,433.8,2054156.0
2018-01-12 09:37:29.448703,433.6,433.4,433.8,2054156.0
2018-01-12 09:37:30.348993,433.6,433.4,433.8,2054156.0
2018-01-12 09:37:31.278938,433.6,433.4,433.8,2054156.0
2018-01-12 09:37:32.179027,433.6,433.4,433.8,2057868.0
2018-01-12 09:37:33.057953,433.6,433.4,433.6,2057868.0
2018-01-12 09:37:33.844684,433.6,433.4,433.6,2057868.0
2018-01-12 09:37:34.721400,433.6,433.4,433.6,2057868.0
2018-01-12 09:37:35.569210,433.6,433.4,433.6,2057868.0
2018-01-12 09:37:36.510259,433.6,433.4,433.6,2057868.0
2018-01-12 09:37:37.300105,433.6,433.4,433.6,2057868.0
2018-01-12 09:37:38.075891,433.6,433.4,433.6,2057868.0
2018-01-12 09:37:38.918439,433.6,433.4,433.6,2057868.0
2018-01-12 09:37:39.640981,433.6,433.4,433.6,2057868.0
2018-01-12 09:37:40.639865,433.4,433.4,433.6,2059368.0
2018-01-12 09:37:41.542316,433.4,433.4,433.6,2059368.0
2018-01-12 09:37:42.341881,433.4,433.4,433.6,2059368.0
2018-01-12 09:37:43.089205,433.4,433.4,433.6,2059368.0
2018-01-12 09:37:44.035065,433.4,433.4,433.6,2059368.0
2018-01-12 09:37:44.804196,433.6,433.6,433.8,2075718.0
2018-01-12 09:37:45.540418,433.6,433.6,433.8,2075718.0
2018-01-12 09:37:46.416668,433.6,433.6,433.8,2075718.0
2018-01-12 09:37:47.550262,433.6,433.6,433.8,2075718.0
2018-01-12 09:37:48.305412,433.6,433.6,433.8,2075718.0
2018-01-12 09:37:49.081736,433.6,433.6,433.8,2075718.0
2018-01-12 09:37:50.025992,433.6,433.6,433.8,2075718.0
2018-01-12 09:37:50.721392,433.6,433.6,433.8,2075018.0
2018-01-12 09:37:51.528823,433.6,433.6,433.8,2075718.0
2018-01-12 09:37:52.608153,433.6,433.6,433.8,2075718.0
2018-01-12 09:37:53.387149,433.6,433.6,433.8,2075718.0
2018-01-12 09:37:54.099778,433.6,433.6,433.8,2075718.0
2018-01-12 09:37:54.923969,433.6,433.6,433.8,2077418.0
2018-01-12 09:37:55.694861,433.4,433.4,433.6,2078318.0
2018-01-12 09:37:56.713434,433.6,433.4,433.6,2079418.0
2018-01-12 09:37:58.058360,433.4,433.4,433.6,2078318.0
2018-01-12 09:37:59.219609,433.4,433.4,433.6,2078318.0
2018-01-12 09:38:00.335127,433.4,433.4,433.6,2078318.0
2018-01-12 09:38:01.430262,433.6,433.4,433.6,2079418.0
2018-01-12 09:38:02.542252,433.6,433.4,433.6,2083218.0
2018-01-12 09:38:03.621887,433.6,433.4,433.6,2083218.0
2018-01-12 09:38:04.682102,433.6,433.6,433.8,2085918.0
2018-01-12 09:38:05.732968,433.6,433.6,433.8,2087718.0
2018-01-12 09:38:06.898862,433.6,433.6,433.8,2085918.0
2018-01-12 09:38:07.977120,433.6,433.6,433.8,2085918.0
2018-01-12 09:38:09.107717,433.6,433.6,433.8,2091518.0
2018-01-12 09:38:10.150477,433.6,433.6,433.8,2089418.0
2018-01-12 09:38:11.261398,433.6,433.6,433.8,2091518.0
2018-01-12 09:38:12.322028,433.6,433.6,433.8,2091518.0
2018-01-12 09:38:13.402263,433.6,433.6,433.8,2089418.0
2018-01-12 09:38:14.501731,433.6,433.6,433.8,2089418.0
2018-01-12 09:38:15.835801,433.8,433.6,433.8,2096018.0
2018-01-12 09:38:16.975580,433.8,433.6,434.0,2149818.0
2018-01-12 09:38:18.033425,433.8,433.8,434.2,2149818.0
2018-01-12 09:38:19.735009,434.0,433.8,434.2,2155518.0
2018-01-12 09:38:20.818097,434.2,433.8,434.2,2162818.0
2018-01-12 09:38:21.868152,434.0,434.0,434.2,2155518.0
2018-01-12 09:38:22.922026,434.0,433.8,434.2,2162618.0
2018-01-12 09:38:24.523836,434.0,433.8,434.2,2162618.0
2018-01-12 09:38:25.516102,434.2,434.2,434.4,2174718.0
2018-01-12 09:38:26.655288,434.4,434.2,434.4,2177018.0
2018-01-12 09:38:27.672148,434.4,434.2,434.4,2177018.0
2018-01-12 09:38:28.879004,434.2,434.0,434.2,2187918.0
2018-01-12 09:38:30.098354,434.2,434.0,434.2,2187918.0
2018-01-12 09:38:31.473712,434.0,434.0,434.2,2191118.0
2018-01-12 09:38:32.673136,434.0,434.0,434.2,2191118.0
2018-01-12 09:38:33.835337,434.0,434.0,434.2,2189318.0
2018-01-12 09:38:35.172151,434.0,434.0,434.2,2191118.0
2018-01-12 09:38:36.440454,434.0,434.0,434.2,2191118.0
2018-01-12 09:38:37.530198,434.0,434.0,434.2,2191118.0
2018-01-12 09:38:38.964721,434.0,434.0,434.2,2191118.0
2018-01-12 09:38:39.959258,434.0,434.0,434.2,2191118.0
2018-01-12 09:38:41.431226,434.0,434.0,434.2,2191118.0
2018-01-12 09:38:42.645472,434.0,434.0,434.2,2191118.0
2018-01-12 09:38:43.852458,434.0,434.0,434.2,2191118.0
2018-01-12 09:38:45.054131,434.0,434.0,434.2,2191118.0
2018-01-12 09:38:46.175915,434.2,434.0,434.2,2199218.0
2018-01-12 09:38:47.264870,434.2,434.0,434.2,2199218.0
2018-01-12 09:38:48.938575,434.2,434.0,434.2,2199218.0
2018-01-12 09:38:50.479334,434.2,434.0,434.2,2199218.0
2018-01-12 09:38:51.675377,434.2,434.0,434.2,2199218.0
2018-01-12 09:38:53.022239,434.2,434.0,434.2,2199218.0
2018-01-12 09:38:54.133234,434.2,434.0,434.2,2201818.0
2018-01-12 09:38:55.222319,434.2,434.2,434.4,2201918.0
2018-01-12 09:38:56.481877,434.2,434.2,434.4,2201918.0
2018-01-12 09:38:57.644047,434.2,434.2,434.4,2201918.0
2018-01-12 09:38:58.789943,434.2,434.2,434.4,2203318.0
2018-01-12 09:39:00.077409,434.2,434.2,434.4,2203318.0
2018-01-12 09:39:01.140381,434.2,434.2,434.4,2203318.0
2018-01-12 09:39:02.759499,434.2,434.2,434.4,2203118.0
2018-01-12 09:39:03.893917,434.2,434.2,434.4,2207518.0
2018-01-12 09:39:05.524852,434.2,434.0,434.2,2208018.0
2018-01-12 09:39:07.393859,434.2,434.0,434.2,2210318.0
2018-01-12 09:39:08.537861,434.2,434.0,434.2,2209518.0
2018-01-12 09:39:09.885776,434.2,434.0,434.2,2210318.0
2018-01-12 09:39:11.532792,434.2,434.0,434.2,2210318.0
2018-01-12 09:39:13.177495,434.2,434.0,434.2,2210318.0
2018-01-12 09:39:14.355823,434.2,434.0,434.2,2210318.0
2018-01-12 09:39:15.562790,434.2,434.0,434.2,2210318.0
2018-01-12 09:39:17.080389,434.2,434.2,434.4,2220318.0
2018-01-12 09:39:18.306004,434.2,434.2,434.4,2220318.0
2018-01-12 09:39:19.409898,434.2,434.2,434.4,2220318.0
2018-01-12 09:39:20.795482,434.2,434.2,434.4,2220318.0
2018-01-12 09:39:21.962137,434.2,434.2,434.4,2220318.0
2018-01-12 09:39:23.531702,434.2,434.2,434.4,2220318.0
2018-01-12 09:39:24.636920,434.4,434.2,434.4,2222018.0
2018-01-12 09:39:25.850461,434.4,434.2,434.4,2222018.0
2018-01-12 09:39:27.007730,434.4,434.2,434.4,2222018.0
2018-01-12 09:39:28.566249,434.4,434.2,434.4,2222018.0
2018-01-12 09:39:29.692349,434.4,434.2,434.4,2223818.0
2018-01-12 09:39:31.295609,434.4,434.2,434.4,2223818.0
2018-01-12 09:39:32.435110,434.4,434.2,434.4,2223518.0
2018-01-12 09:39:33.801785,434.4,434.2,434.4,2223518.0
2018-01-12 09:39:34.855374,434.4,434.2,434.6,2229918.0
2018-01-12 09:39:36.130758,434.4,434.2,434.6,2229918.0
2018-01-12 09:39:37.764078,434.4,434.2,434.6,2229918.0
2018-01-12 09:39:38.819598,434.4,434.2,434.6,2231218.0
2018-01-12 09:39:39.749727,434.4,434.2,434.6,2229918.0
2018-01-12 09:39:41.467856,434.4,434.2,434.6,2229918.0
2018-01-12 09:39:42.805700,434.6,434.4,434.6,2231946.0
2018-01-12 09:39:44.526401,434.6,434.4,434.6,2232246.0
2018-01-12 09:39:45.692067,434.6,434.4,434.6,2231946.0
2018-01-12 09:39:47.294124,434.4,434.4,434.6,2235246.0
2018-01-12 09:39:48.367282,434.4,434.4,434.6,2235246.0
2018-01-12 09:39:49.482135,434.4,434.2,434.4,2242746.0
2018-01-12 09:39:50.813156,434.4,434.2,434.4,2243346.0
2018-01-12 09:39:51.890649,434.4,434.2,434.4,2243346.0
2018-01-12 09:39:53.039705,434.4,434.2,434.4,2242746.0
2018-01-12 09:39:54.677102,434.4,434.2,434.4,2242746.0
2018-01-12 09:39:56.513703,434.4,434.2,434.4,2242746.0
2018-01-12 09:39:57.831694,434.6,434.4,434.6,2255046.0
2018-01-12 09:39:58.993913,434.4,434.4,434.6,2254146.0
2018-01-12 09:40:00.234148,434.4,434.2,434.6,2258546.0
2018-01-12 09:40:02.054391,434.4,434.2,434.6,2258546.0
2018-01-12 09:40:03.125160,434.4,434.4,434.6,2265046.0
2018-01-12 09:40:04.794081,434.6,434.4,434.6,2265746.0
2018-01-12 09:40:05.864057,434.4,434.4,434.6,2267946.0
2018-01-12 09:40:09.451734,434.4,434.4,434.6,2267946.0
2018-01-12 09:40:11.688432,434.4,434.4,434.6,2270646.0
2018-01-12 09:40:13.306763,434.2,434.2,434.4,2274846.0
2018-01-12 09:40:14.947838,434.2,434.2,434.4,2274846.0
2018-01-12 09:40:15.991235,434.4,434.2,434.4,2282246.0
2018-01-12 09:40:17.057269,434.4,434.2,434.4,2282946.0
2018-01-12 09:40:17.996742,434.4,434.2,434.4,2282246.0
2018-01-12 09:40:19.067685,434.4,434.2,434.4,2282946.0
2018-01-12 09:40:20.003205,434.4,434.2,434.4,2282946.0
2018-01-12 09:40:21.876924,434.4,434.2,434.4,2282946.0
2018-01-12 09:40:23.533524,434.4,434.2,434.4,2282246.0
2018-01-12 09:40:24.606260,434.4,434.2,434.4,2282946.0
2018-01-12 09:40:26.197736,434.2,434.0,434.2,2285546.0
2018-01-12 09:40:27.336782,434.4,434.2,434.4,2289646.0
2018-01-12 09:40:28.257348,434.4,434.2,434.4,2289646.0
2018-01-12 09:40:29.190895,434.4,434.2,434.4,2289646.0
2018-01-12 09:40:30.113759,434.4,434.2,434.4,2290446.0
2018-01-12 09:40:31.048972,434.2,434.2,434.4,2292646.0
2018-01-12 09:40:31.979697,434.2,434.2,434.4,2292646.0
2018-01-12 09:40:33.311804,434.2,434.2,434.4,2292646.0
2018-01-12 09:40:34.515417,434.4,434.2,434.4,2294946.0
2018-01-12 09:40:35.741563,434.2,434.2,434.4,2292646.0
2018-01-12 09:40:37.039788,434.2,434.4,434.6,2300946.0
2018-01-12 09:40:38.039266,434.4,434.4,434.6,2306946.0
2018-01-12 09:40:39.033410,434.6,434.4,434.6,2307546.0
2018-01-12 09:40:40.413372,434.4,434.4,434.6,2306946.0
2018-01-12 09:40:41.517885,434.6,434.4,434.6,2307546.0
2018-01-12 09:40:43.196242,434.6,434.4,434.6,2307546.0
2018-01-12 09:40:44.243917,434.6,434.2,434.6,2308446.0
2018-01-12 09:40:45.479051,434.4,434.2,434.6,2308446.0
2018-01-12 09:40:46.402870,434.6,434.2,434.4,2308446.0
2018-01-12 09:40:47.647115,434.6,434.2,434.4,2308446.0
2018-01-12 09:40:48.868670,434.4,434.2,434.6,2308446.0
2018-01-12 09:40:49.792431,434.6,434.2,434.4,2308446.0
2018-01-12 09:40:50.834047,434.6,434.2,434.4,2308446.0
2018-01-12 09:40:51.970869,434.4,434.2,434.4,2309946.0
2018-01-12 09:40:53.454817,434.4,434.2,434.4,2309946.0
2018-01-12 09:40:54.608205,434.4,434.2,434.4,2309946.0
2018-01-12 09:40:55.627857,434.4,434.2,434.4,2322246.0
2018-01-12 09:40:57.212559,434.4,434.2,434.4,2322246.0
2018-01-12 09:40:58.186775,434.4,434.2,434.4,2322246.0
2018-01-12 09:41:00.847433,434.4,434.2,434.4,2322246.0
2018-01-12 09:41:02.557821,434.4,434.2,434.4,2324146.0
2018-01-12 09:41:04.247113,434.4,434.2,434.4,2324146.0
2018-01-12 09:41:06.859170,434.4,434.2,434.4,2326046.0
2018-01-12 09:41:08.687946,434.4,434.2,434.4,2326046.0
2018-01-12 09:41:10.066136,434.4,434.2,434.4,2326046.0
2018-01-12 09:41:12.508151,434.4,434.2,434.4,2330646.0
2018-01-12 09:41:13.750113,434.4,434.2,434.4,2330646.0
2018-01-12 09:41:15.324419,434.4,434.2,434.4,2330646.0
2018-01-12 09:41:16.240111,434.4,434.2,434.4,2330646.0
2018-01-12 09:41:17.822972,434.4,434.2,434.4,2330646.0
2018-01-12 09:41:19.134861,434.4,434.2,434.4,2330646.0
2018-01-12 09:41:20.251535,434.4,434.2,434.4,2334946.0
2018-01-12 09:41:21.910058,434.4,434.2,434.4,2330646.0
2018-01-12 09:41:23.287201,434.4,434.2,434.4,2334946.0
2018-01-12 09:41:24.539098,434.4,434.2,434.4,2334946.0
2018-01-12 09:41:25.903153,434.4,434.2,434.4,2334946.0
2018-01-12 09:41:26.939036,434.4,434.2,434.4,2334946.0
2018-01-12 09:41:27.862517,434.4,434.2,434.4,2334946.0
2018-01-12 09:41:28.782421,434.4,434.2,434.4,2334946.0
2018-01-12 09:41:29.845282,434.4,434.2,434.4,2334946.0
2018-01-12 09:41:30.985184,434.4,434.2,434.4,2336346.0
2018-01-12 09:41:32.224406,434.4,434.2,434.4,2336346.0
2018-01-12 09:41:33.786963,434.2,434.2,434.4,2339846.0
2018-01-12 09:41:35.418679,434.4,434.2,434.4,2336346.0
2018-01-12 09:41:36.496961,434.2,434.2,434.4,2340546.0
2018-01-12 09:41:37.552281,434.2,434.2,434.4,2340546.0
2018-01-12 09:41:38.466533,434.4,434.2,434.4,2341146.0
2018-01-12 09:41:39.984312,434.2,434.2,434.4,2340546.0
2018-01-12 09:41:41.374218,434.2,434.2,434.4,2354146.0
2018-01-12 09:41:43.005416,434.2,434.2,434.4,2353746.0
2018-01-12 09:41:44.119955,434.2,434.2,434.4,2354146.0
2018-01-12 09:41:45.084534,434.2,434.2,434.4,2353746.0
2018-01-12 09:41:46.690667,434.2,434.2,434.4,2353746.0
2018-01-12 09:41:47.855603,434.2,434.2,434.4,2356646.0
2018-01-12 09:41:49.565963,434.2,434.2,434.4,2353746.0
2018-01-12 09:41:50.851926,434.2,434.2,434.4,2356646.0
2018-01-12 09:41:52.139549,434.2,434.2,434.4,2356646.0
2018-01-12 09:41:53.465110,434.2,434.2,434.4,2356646.0
2018-01-12 09:41:54.578804,434.4,434.2,434.4,2360046.0
2018-01-12 09:41:55.906908,434.4,434.2,434.4,2360046.0
2018-01-12 09:41:57.175968,434.4,434.2,434.4,2360046.0
2018-01-12 09:41:58.132801,434.4,434.2,434.4,2360046.0
2018-01-12 09:41:59.410974,434.4,434.2,434.4,2360046.0
2018-01-12 09:42:00.638963,434.2,434.2,434.4,2362946.0
2018-01-12 09:42:01.853743,434.2,434.2,434.4,2362946.0
2018-01-12 09:42:03.376962,434.2,434.2,434.4,2362946.0
2018-01-12 09:42:06.015338,434.2,434.2,434.4,2362946.0
2018-01-12 09:42:11.296529,434.2,434.2,434.4,2362946.0
2018-01-12 09:42:12.517817,434.2,434.2,434.4,2365546.0
2018-01-12 09:42:13.676480,434.2,434.2,434.4,2365546.0
2018-01-12 09:42:14.795733,434.2,434.2,434.4,2365546.0
2018-01-12 09:42:15.859101,434.2,434.2,434.4,2365546.0
2018-01-12 09:42:17.003070,434.2,434.2,434.4,2365546.0
2018-01-12 09:42:18.239180,434.2,434.2,434.4,2367446.0
2018-01-12 09:42:19.397464,434.2,434.2,434.4,2367446.0
2018-01-12 09:42:21.187218,434.4,434.2,434.4,2368746.0
2018-01-12 09:42:22.250997,434.2,434.2,434.4,2368246.0
2018-01-12 09:42:23.323967,434.2,434.2,434.4,2368246.0
2018-01-12 09:42:24.518488,434.2,434.2,434.4,2368246.0
2018-01-12 09:42:25.984226,434.4,434.2,434.4,2370046.0
2018-01-12 09:42:27.020451,434.4,434.2,434.4,2370046.0
2018-01-12 09:42:28.302805,434.4,434.2,434.4,2370046.0
2018-01-12 09:42:29.468393,434.4,434.2,434.4,2370046.0
2018-01-12 09:42:30.659225,434.2,434.2,434.4,2376546.0
2018-01-12 09:42:31.697053,434.2,434.2,434.4,2376546.0
2018-01-12 09:42:32.766747,434.2,434.2,434.4,2376546.0
2018-01-12 09:42:33.857234,434.2,434.2,434.4,2376546.0
2018-01-12 09:42:34.937663,434.4,434.2,434.4,2376446.0
2018-01-12 09:42:35.977279,434.2,434.2,434.4,2376546.0
2018-01-12 09:42:37.133732,434.2,434.2,434.4,2376546.0
2018-01-12 09:42:38.387591,434.2,434.2,434.4,2376546.0
2018-01-12 09:42:39.500303,434.2,434.2,434.4,2378146.0
2018-01-12 09:42:41.071011,434.2,434.2,434.4,2378146.0
2018-01-12 09:42:42.244186,434.2,434.2,434.4,2378146.0
2018-01-12 09:42:43.320142,434.2,434.2,434.4,2381346.0
2018-01-12 09:42:44.450409,434.2,434.2,434.4,2381246.0
2018-01-12 09:42:45.713241,434.2,434.2,434.4,2381346.0
2018-01-12 09:42:47.199155,434.2,434.2,434.4,2381346.0
2018-01-12 09:42:48.282393,434.2,434.2,434.4,2381246.0
2018-01-12 09:42:49.413625,434.2,434.2,434.4,2381346.0
2018-01-12 09:42:50.417534,434.4,434.4,434.6,2415546.0
2018-01-12 09:42:52.121836,434.4,434.4,434.6,2412446.0
2018-01-12 09:42:53.767724,434.4,434.4,434.6,2412446.0
2018-01-12 09:42:54.947869,434.4,434.4,434.6,2412446.0
2018-01-12 09:42:56.139533,434.4,434.4,434.6,2412446.0
2018-01-12 09:42:57.646443,434.4,434.4,434.6,2412446.0
2018-01-12 09:42:59.183231,434.4,434.4,434.6,2422846.0
2018-01-12 09:43:00.293058,434.4,434.4,434.6,2422846.0
2018-01-12 09:43:01.397691,434.4,434.4,434.6,2422846.0
2018-01-12 09:43:02.486112,434.4,434.4,434.6,2422846.0
2018-01-12 09:43:03.558342,434.4,434.4,434.6,2422846.0
2018-01-12 09:43:05.112605,434.4,434.4,434.6,2422846.0
2018-01-12 09:43:06.641008,434.4,434.4,434.6,2422846.0
2018-01-12 09:43:07.734527,434.4,434.4,434.6,2422846.0
2018-01-12 09:43:08.851409,434.4,434.4,434.6,2422846.0
2018-01-12 09:43:10.242348,434.4,434.4,434.6,2425446.0
2018-01-12 09:43:11.307324,434.4,434.4,434.6,2425446.0
2018-01-12 09:43:12.406171,434.4,434.4,434.6,2425446.0
2018-01-12 09:43:13.605424,434.4,434.4,434.6,2427646.0
2018-01-12 09:43:14.688735,434.6,434.4,434.6,2427546.0
2018-01-12 09:43:15.793083,434.4,434.4,434.6,2427646.0
2018-01-12 09:43:17.317694,434.6,434.4,434.6,2427546.0
2018-01-12 09:43:18.960206,434.4,434.4,434.6,2427646.0
2018-01-12 09:43:20.292824,434.4,434.4,434.6,2427646.0
2018-01-12 09:43:21.450943,434.4,434.4,434.6,2427646.0
2018-01-12 09:43:22.683762,434.4,434.4,434.6,2427646.0
2018-01-12 09:43:23.844095,434.4,434.4,434.6,2427646.0
2018-01-12 09:43:24.909959,434.4,434.4,434.6,2427646.0
2018-01-12 09:43:26.160069,434.6,434.4,434.6,2430146.0
2018-01-12 09:43:27.852125,434.6,434.4,434.6,2430146.0
2018-01-12 09:43:28.977853,434.6,434.4,434.6,2430146.0
2018-01-12 09:43:30.501474,434.4,434.4,434.6,2430538.0
2018-01-12 09:43:32.076491,434.4,434.4,434.6,2430538.0
2018-01-12 09:43:33.209385,434.4,434.4,434.6,2430538.0
2018-01-12 09:43:34.384029,434.4,434.4,434.6,2430538.0
2018-01-12 09:43:35.452297,434.4,434.4,434.6,2430538.0
2018-01-12 09:43:36.815092,434.4,434.4,434.6,2430538.0
2018-01-12 09:43:37.859818,434.6,434.4,434.6,2431538.0
2018-01-12 09:43:38.897751,434.6,434.4,434.6,2431038.0
2018-01-12 09:43:40.076210,434.6,434.4,434.6,2431538.0
2018-01-12 09:43:41.225428,434.6,434.4,434.6,2431538.0
2018-01-12 09:43:42.666876,434.6,434.4,434.6,2431538.0
2018-01-12 09:43:43.871826,434.6,434.4,434.6,2436738.0
2018-01-12 09:43:46.153701,434.6,434.4,434.6,2436738.0
2018-01-12 09:43:47.237158,434.4,434.4,434.6,2440438.0
2018-01-12 09:43:48.382032,434.4,434.4,434.6,2440438.0
2018-01-12 09:43:49.628859,434.4,434.4,434.6,2440438.0
2018-01-12 09:43:51.009125,434.6,434.4,434.6,2455338.0
2018-01-12 09:43:52.165173,434.6,434.4,434.6,2455038.0
2018-01-12 09:43:53.441884,434.6,434.4,434.6,2455038.0
2018-01-12 09:43:54.553943,434.6,434.4,434.6,2455338.0
2018-01-12 09:43:55.704792,434.6,434.4,434.6,2455038.0
2018-01-12 09:43:57.217377,434.6,434.4,434.6,2462638.0
2018-01-12 09:43:58.325457,434.6,434.4,434.6,2462638.0
2018-01-12 09:43:59.426907,434.6,434.4,434.6,2462638.0
2018-01-12 09:44:00.800964,434.4,434.4,434.6,2479238.0
2018-01-12 09:44:02.595832,434.4,434.4,434.6,2479238.0
2018-01-12 09:44:03.768385,,,,
2018-01-12 09:44:04.847621,434.4,434.4,434.6,2480738.0
2018-01-12 09:44:06.047721,434.4,434.4,434.6,2480738.0
2018-01-12 09:44:09.447158,434.4,434.4,434.6,2480738.0
2018-01-12 09:44:10.645801,434.4,434.4,434.6,2483738.0
2018-01-12 09:44:12.514019,434.4,434.4,434.6,2482638.0
2018-01-12 09:44:13.994355,434.4,434.4,434.6,2483738.0
2018-01-12 09:44:15.173971,434.4,434.4,434.6,2492038.0
2018-01-12 09:44:16.298667,434.4,434.4,434.6,2492038.0
2018-01-12 09:44:17.664657,434.4,434.4,434.6,2492038.0
2018-01-12 09:44:19.493749,434.4,434.4,434.6,2492038.0
2018-01-12 09:44:20.520302,434.4,434.4,434.6,2492038.0
2018-01-12 09:44:22.095909,434.4,434.4,434.6,2492038.0
2018-01-12 09:45:41.596594,434.8,434.6,434.8,2549338.0
2018-01-12 09:45:42.465686,434.8,434.8,435.0,2619438.0
2018-01-12 09:45:43.401646,434.8,434.8,435.0,2619438.0
2018-01-12 09:45:44.139382,434.8,434.8,435.0,2619438.0
2018-01-12 09:45:44.983435,435.0,434.8,435.0,2620038.0
2018-01-12 09:45:45.883841,435.0,434.8,435.0,2620038.0
2018-01-12 09:45:46.913253,435.0,434.8,435.0,2620038.0
2018-01-12 09:45:47.691086,434.8,434.8,435.0,2619438.0
2018-01-12 09:45:48.611896,435.0,434.8,435.0,2620738.0
2018-01-12 09:45:49.538269,435.0,434.8,435.0,2620738.0
2018-01-12 09:45:50.459044,435.0,434.8,435.0,2620038.0
2018-01-12 09:45:51.404714,435.0,434.8,435.0,2620738.0
2018-01-12 09:45:52.296283,435.0,434.8,435.0,2620038.0
2018-01-12 09:45:53.221567,435.0,434.8,435.0,2620038.0
2018-01-12 09:45:54.138702,435.0,434.8,435.0,2620738.0
2018-01-12 09:45:55.065158,435.0,434.8,435.0,2620738.0
2018-01-12 09:45:55.991534,435.0,434.8,435.0,2627938.0
2018-01-12 09:45:56.907740,435.0,434.8,435.0,2623538.0
2018-01-12 09:45:57.612847,435.0,434.8,435.0,2629138.0
2018-01-12 09:45:58.819537,435.0,434.8,435.0,2630838.0
2018-01-12 09:46:00.052177,435.0,434.8,435.0,2630838.0
2018-01-12 09:46:00.947721,435.0,434.8,435.0,2630438.0
2018-01-12 09:46:01.853853,435.0,434.8,435.0,2630838.0
2018-01-12 09:46:02.765370,435.0,434.8,435.0,2641038.0
2018-01-12 09:46:03.682920,435.0,434.8,435.0,2639638.0
2018-01-12 09:46:04.610634,435.0,434.8,435.0,2639638.0
2018-01-12 09:46:05.522440,435.0,434.8,435.0,2641038.0
2018-01-12 09:46:08.411200,435.0,435.0,435.2,2654938.0
2018-01-12 09:46:10.263789,435.2,435.0,435.2,2656038.0
2018-01-12 09:46:11.375326,435.0,435.0,435.2,2654938.0
2018-01-12 09:46:12.290408,435.0,435.0,435.2,2654938.0
2018-01-12 09:46:13.081488,435.0,435.0,435.2,2654938.0
2018-01-12 09:46:14.134389,435.0,435.0,435.2,2654938.0
2018-01-12 09:46:15.055169,435.2,435.0,435.2,2656038.0
2018-01-12 09:46:15.970488,435.2,435.0,435.2,2656038.0
2018-01-12 09:46:16.949394,435.2,435.0,435.2,2656038.0
2018-01-12 09:46:17.927584,435.2,435.0,435.2,2656038.0
2018-01-12 09:46:19.109150,435.2,435.0,435.2,2656038.0
2018-01-12 09:46:19.982826,435.2,435.0,435.2,2658338.0
2018-01-12 09:46:20.897193,435.2,435.0,435.2,2658338.0
2018-01-12 09:46:21.806030,435.2,435.0,435.2,2658338.0
2018-01-12 09:46:22.787746,435.2,435.0,435.2,2659138.0
2018-01-12 09:46:23.655670,435.2,435.0,435.2,2658338.0
2018-01-12 09:46:24.556684,435.2,435.0,435.2,2659538.0
2018-01-12 09:46:25.499214,435.2,435.0,435.2,2659538.0
2018-01-12 09:46:26.423952,435.2,435.0,435.2,2659538.0
2018-01-12 09:46:27.198912,435.2,435.0,435.2,2659538.0
2018-01-12 09:46:28.261389,435.2,435.0,435.2,2661038.0
2018-01-12 09:46:29.178962,435.2,435.0,435.2,2661538.0
2018-01-12 09:46:30.114254,435.2,435.0,435.2,2661538.0
2018-01-12 09:46:30.904447,435.2,435.0,435.2,2667438.0
2018-01-12 09:46:32.024027,435.2,435.0,435.2,2666438.0
2018-01-12 09:46:32.887477,435.2,435.0,435.2,2671238.0
2018-01-12 09:46:33.851697,435.2,435.0,435.2,2667438.0
2018-01-12 09:46:34.723475,435.2,435.0,435.2,2671238.0
2018-01-12 09:46:35.834408,,,,
2018-01-12 09:46:36.936068,435.2,435.0,435.2,2683138.0
2018-01-12 09:46:37.810005,435.2,435.0,435.2,2673038.0
2018-01-12 09:46:38.722011,435.2,435.0,435.2,2673038.0
2018-01-12 09:46:39.626138,435.2,435.0,435.2,2683138.0
2018-01-12 09:46:40.559655,435.2,435.0,435.2,2685338.0
2018-01-12 09:46:41.478858,435.2,435.0,435.2,2685338.0
2018-01-12 09:46:42.407020,435.2,435.0,435.2,2685338.0
2018-01-12 09:46:43.318292,435.2,435.0,435.2,2685338.0
2018-01-12 09:46:44.286121,435.2,435.0,435.2,2685338.0
2018-01-12 09:46:45.301280,435.2,435.0,435.2,2685838.0
2018-01-12 09:46:46.081989,435.2,435.0,435.2,2685738.0
2018-01-12 09:46:47.037245,435.2,435.0,435.2,2685738.0
2018-01-12 09:46:47.965713,435.2,435.0,435.2,2685738.0
2018-01-12 09:46:49.557533,435.2,435.0,435.2,2703538.0
2018-01-12 09:46:51.230454,435.2,435.0,435.2,2709238.0
2018-01-12 09:46:52.180036,435.2,435.0,435.2,2703538.0
2018-01-12 09:46:53.393255,435.2,435.0,435.2,2709238.0
2018-01-12 09:46:54.358235,435.2,435.0,435.2,2711338.0
2018-01-12 09:46:55.225503,435.2,435.0,435.2,2710838.0
2018-01-12 09:46:56.261423,435.2,435.0,435.2,2714338.0
2018-01-12 09:46:57.216244,435.2,435.0,435.2,2713838.0
2018-01-12 09:46:58.014270,435.2,435.0,435.2,2713838.0
2018-01-12 09:46:59.250037,435.2,435.0,435.2,2713838.0
2018-01-12 09:47:04.911650,435.2,435.0,435.2,2714338.0
2018-01-12 09:47:06.768196,435.2,435.0,435.2,2717138.0
2018-01-12 09:47:10.070599,435.2,435.0,435.2,2719938.0
2018-01-12 09:47:11.787559,435.2,435.0,435.2,2719938.0
2018-01-12 09:47:16.708132,435.2,435.0,435.2,2721038.0
2018-01-12 09:47:17.548093,435.2,435.0,435.2,2721338.0
2018-01-12 09:47:18.888423,435.2,435.0,435.2,2721338.0
2018-01-12 09:47:19.909907,435.2,435.0,435.2,2721338.0
2018-01-12 09:47:20.854000,435.0,435.0,435.2,2784138.0
2018-01-12 09:47:21.812805,435.0,435.0,435.2,2782038.0
2018-01-12 09:47:22.965922,434.8,434.6,435.0,2799938.0
2018-01-12 09:47:24.090609,434.8,434.6,435.0,2799938.0
2018-01-12 09:47:25.156328,434.8,434.6,435.0,2799938.0
2018-01-12 09:47:26.081292,434.8,434.6,435.0,2799938.0
2018-01-12 09:47:27.162083,434.8,434.6,435.0,2799938.0
2018-01-12 09:47:28.537080,434.8,434.6,435.0,2806638.0
2018-01-12 09:47:30.006224,434.8,434.6,434.8,2808638.0
2018-01-12 09:47:30.983482,434.8,434.6,435.0,2811738.0
2018-01-12 09:47:31.922318,434.8,434.6,434.8,2808638.0
2018-01-12 09:47:32.821562,434.8,434.8,435.0,2815438.0
2018-01-12 09:47:33.736914,434.8,434.8,435.0,2815438.0
2018-01-12 09:47:35.011869,434.8,434.8,435.0,2814438.0
2018-01-12 09:47:35.922608,434.8,434.8,435.0,2815438.0
2018-01-12 09:47:37.508421,434.8,434.8,435.0,2814438.0
2018-01-12 09:47:38.764035,435.0,434.8,435.0,2824538.0
2018-01-12 09:47:39.611775,435.0,434.8,435.0,2824538.0
2018-01-12 09:47:40.492959,435.0,434.8,435.0,2825038.0
2018-01-12 09:47:42.231768,435.0,434.8,435.0,2825038.0
2018-01-12 09:47:43.298801,435.0,434.8,435.0,2825038.0
2018-01-12 09:47:44.471986,435.0,434.8,435.0,2824538.0
2018-01-12 09:47:45.419990,435.0,434.8,435.0,2824538.0
2018-01-12 09:47:46.362782,435.0,434.8,435.0,2824538.0
2018-01-12 09:47:48.077640,435.0,434.8,435.0,2825838.0
2018-01-12 09:47:49.121591,435.0,434.8,435.0,2825038.0
2018-01-12 09:47:50.101259,435.0,434.8,435.0,2826238.0
2018-01-12 09:47:51.751864,435.0,434.8,435.0,2826238.0
2018-01-12 09:47:53.460275,435.0,434.8,435.0,2826238.0
2018-01-12 09:47:54.384025,435.0,434.8,435.0,2828138.0
2018-01-12 09:47:55.484130,435.0,434.8,435.0,2828138.0
2018-01-12 09:47:57.737064,434.8,434.6,435.0,2832938.0
2018-01-12 09:47:58.802338,434.8,434.6,435.0,2839938.0
2018-01-12 09:48:00.023941,434.8,434.6,435.0,2839938.0
2018-01-12 09:48:01.097154,434.8,434.6,435.0,2839538.0
2018-01-12 09:48:03.199151,434.8,434.6,435.0,2848738.0
2018-01-12 09:48:04.349512,434.8,434.8,435.0,2850538.0
2018-01-12 09:48:05.549470,434.8,434.8,435.0,2850538.0
2018-01-12 09:48:07.112295,434.8,434.8,435.0,2854838.0
2018-01-12 09:48:08.338984,434.8,434.8,435.0,2854838.0
2018-01-12 09:48:09.551112,435.0,434.6,434.8,2852338.0
2018-01-12 09:48:10.645555,435.0,434.6,434.8,2852338.0
2018-01-12 09:48:12.003371,435.0,434.8,435.0,2852338.0
2018-01-12 09:48:13.283918,435.0,434.8,435.0,2852338.0
2018-01-12 09:48:14.477361,434.8,434.8,435.0,2854838.0
2018-01-12 09:48:15.548822,435.0,434.8,435.0,2852338.0
2018-01-12 09:48:16.674628,434.8,434.6,434.8,2857738.0
2018-01-12 09:48:17.848169,434.8,434.6,434.8,2857738.0
2018-01-12 09:48:19.075834,434.8,434.6,434.8,2857738.0
2018-01-12 09:48:20.313168,434.8,434.6,434.8,2861938.0
2018-01-12 09:48:21.526543,434.8,434.6,434.8,2861038.0
2018-01-12 09:48:23.484198,434.8,434.6,434.8,2861038.0
2018-01-12 09:48:25.024118,434.8,434.6,434.8,2864838.0
2018-01-12 09:48:26.137503,434.8,434.6,434.8,2864838.0
2018-01-12 09:48:27.068717,434.8,434.6,434.8,2866938.0
2018-01-12 09:48:28.297067,434.8,434.6,434.8,2866938.0
2018-01-12 09:48:29.859547,434.8,434.6,434.8,2866938.0
2018-01-12 09:48:31.063113,434.8,434.6,434.8,2866938.0
2018-01-12 09:48:32.574687,434.8,434.6,434.8,2866938.0
2018-01-12 09:48:34.239906,434.8,434.6,434.8,2873138.0
2018-01-12 09:48:35.348820,434.6,434.6,434.8,2873238.0
2018-01-12 09:48:36.173442,434.8,434.6,434.8,2873138.0
2018-01-12 09:48:37.792363,434.6,434.6,434.8,2874838.0
2018-01-12 09:48:39.233754,434.6,434.6,434.8,2874538.0
2018-01-12 09:48:40.894253,434.6,434.6,434.8,2874538.0
2018-01-12 09:48:42.481310,434.6,434.6,434.8,2874538.0
2018-01-12 09:48:43.477041,434.6,434.6,434.8,2876338.0
2018-01-12 09:48:44.627017,434.6,434.6,434.8,2874838.0
2018-01-12 09:48:45.808888,434.6,434.6,434.8,2874838.0
2018-01-12 09:48:47.070116,434.6,434.6,434.8,2876338.0
2018-01-12 09:48:48.270456,434.6,434.6,434.8,2876338.0
2018-01-12 09:48:49.311873,434.6,434.6,434.8,2876338.0
2018-01-12 09:48:51.018644,434.6,434.6,434.8,2877038.0
2018-01-12 09:48:52.220399,434.6,434.6,434.8,2883838.0
2018-01-12 09:48:53.090073,434.6,434.6,434.8,2884738.0
2018-01-12 09:48:54.474130,434.6,434.6,434.8,2883838.0
2018-01-12 09:48:55.701152,434.6,434.6,434.8,2884738.0
2018-01-12 09:48:56.690379,434.6,434.6,434.8,2884738.0
2018-01-12 09:48:58.543409,434.8,434.6,434.8,2885438.0
2018-01-12 09:49:00.252086,434.6,434.6,434.8,2888038.0
2018-01-12 09:49:01.284504,434.6,434.6,434.8,2888038.0
2018-01-12 09:49:04.539630,434.6,434.6,434.8,2897038.0
2018-01-12 09:49:05.419386,434.8,434.6,434.8,2890138.0
2018-01-12 09:49:06.833247,434.6,434.4,434.6,2900138.0
2018-01-12 09:49:08.317875,434.6,434.4,434.6,2900138.0
2018-01-12 09:49:09.735288,434.4,434.4,434.6,2907638.0
2018-01-12 09:49:10.981799,434.4,434.4,434.6,2906538.0
2018-01-12 09:49:12.286649,434.4,434.4,434.6,2907638.0
2018-01-12 09:49:13.430836,434.4,434.4,434.6,2906538.0
2018-01-12 09:49:14.369072,434.4,434.4,434.6,2906538.0
2018-01-12 09:49:15.787896,434.4,434.4,434.6,2906538.0
2018-01-12 09:49:17.257315,434.4,434.4,434.6,2906538.0
2018-01-12 09:49:18.478689,434.4,434.4,434.6,2907638.0
2018-01-12 09:49:19.447349,434.4,434.4,434.6,2907638.0
2018-01-12 09:49:21.114553,434.6,434.4,434.6,2926038.0
2018-01-12 09:49:22.586404,434.4,434.4,434.6,2958938.0
2018-01-12 09:49:23.718938,434.4,434.2,434.4,2956338.0
2018-01-12 09:49:24.733500,434.4,434.2,434.4,2956338.0
2018-01-12 09:49:26.241236,434.4,434.2,434.4,2956338.0
2018-01-12 09:49:27.582042,434.4,434.2,434.4,2956338.0
2018-01-12 09:49:30.047031,434.2,434.2,434.4,2963538.0
2018-01-12 09:49:31.109197,434.2,434.2,434.4,2963538.0
2018-01-12 09:49:32.127830,434.2,434.2,434.4,2969938.0
2018-01-12 09:49:33.614871,434.2,434.2,434.4,2971738.0
2018-01-12 09:49:34.862757,434.2,434.0,434.2,2972438.0
2018-01-12 09:49:36.026886,434.2,434.0,434.2,2971738.0
2018-01-12 09:49:37.741855,434.2,434.2,434.4,2972438.0
2018-01-12 09:49:39.000883,434.0,433.8,434.0,2980738.0
2018-01-12 09:49:40.368895,433.8,433.8,434.0,2987138.0
2018-01-12 09:49:41.620680,433.8,433.6,433.8,2987138.0
2018-01-12 09:49:42.729882,433.8,433.6,433.8,2985838.0
2018-01-12 09:49:44.488615,433.8,433.6,433.8,2987138.0
2018-01-12 09:49:45.679565,433.8,433.6,433.8,2985838.0
2018-01-12 09:49:46.739128,433.8,433.6,433.8,2989738.0
2018-01-12 09:49:47.806235,433.8,433.6,433.8,2992338.0
2018-01-12 09:49:48.907031,433.8,433.6,433.8,2998638.0
2018-01-12 09:49:50.383453,434.0,433.8,434.0,3010238.0
2018-01-12 09:49:51.394698,434.2,434.0,434.2,3011538.0
2018-01-12 09:49:52.545718,434.2,434.0,434.2,3011538.0
2018-01-12 09:49:53.783403,434.2,434.0,434.2,3011538.0
2018-01-12 09:49:55.561689,434.2,434.0,434.2,3011538.0
2018-01-12 09:49:56.817034,434.2,434.2,434.4,3012838.0
2018-01-12 09:49:58.060130,434.2,434.0,434.2,3012838.0
2018-01-12 09:50:03.024544,434.2,434.0,434.4,3019038.0
2018-01-12 09:50:05.866487,434.2,434.0,434.4,3019038.0
2018-01-12 09:50:07.158811,434.2,434.2,434.4,3023638.0
2018-01-12 09:50:08.730979,434.4,434.2,434.4,3020638.0
2018-01-12 09:50:10.264985,434.4,434.2,434.4,3020638.0
2018-01-12 09:50:11.415464,434.4,434.2,434.4,3035338.0
2018-01-12 09:50:12.630780,434.4,434.2,434.6,3035538.0
2018-01-12 09:50:13.912094,434.4,434.2,434.6,3035338.0
2018-01-12 09:50:15.539137,434.4,434.2,434.6,3035338.0
2018-01-12 09:50:16.666090,434.4,434.2,434.4,3035338.0
2018-01-12 09:50:17.862466,434.4,434.2,434.6,3035538.0
2018-01-12 09:50:18.970063,434.4,434.2,434.6,3035338.0
2018-01-12 09:50:20.184875,434.4,434.2,434.6,3035338.0
2018-01-12 09:50:21.397953,434.4,434.2,434.6,3035338.0
2018-01-12 09:50:22.590792,434.4,434.2,434.6,3035338.0
2018-01-12 09:50:23.711943,434.4,434.2,434.6,3035338.0
2018-01-12 09:50:24.808803,434.4,434.2,434.4,3035338.0
2018-01-12 09:50:25.853977,434.4,434.2,434.4,3035538.0
2018-01-12 09:50:27.015545,434.4,434.2,434.6,3035338.0
2018-01-12 09:50:28.038462,434.4,434.4,434.6,3040538.0
2018-01-12 09:50:29.209358,434.4,434.4,434.6,3040538.0
2018-01-12 09:50:30.776260,434.4,434.4,434.6,3040538.0
2018-01-12 09:50:31.865792,434.4,434.4,434.6,3040538.0
2018-01-12 09:50:32.883361,434.4,434.4,434.6,3040538.0
2018-01-12 09:50:34.579631,434.4,434.4,434.6,3040538.0
2018-01-12 09:50:36.006874,434.4,434.4,434.6,3042138.0
2018-01-12 09:50:37.203950,434.4,434.4,434.6,3042138.0
2018-01-12 09:50:38.489919,434.4,434.4,434.6,3042138.0
2018-01-12 09:50:39.729248,434.4,434.4,434.6,3042138.0
2018-01-12 09:50:41.007746,434.4,434.4,434.6,3042138.0
2018-01-12 09:50:42.232440,434.4,434.4,434.6,3042138.0
2018-01-12 09:50:43.797332,434.4,434.4,434.6,3042138.0
2018-01-12 09:50:44.867968,434.6,434.4,434.6,3044038.0
2018-01-12 09:50:46.108540,434.4,434.4,434.6,3042138.0
2018-01-12 09:50:47.473422,434.6,434.4,434.6,3044038.0
2018-01-12 09:50:48.568806,434.6,434.4,434.6,3044038.0
2018-01-12 09:50:50.253944,434.6,434.4,434.6,3044038.0
2018-01-12 09:50:51.446535,434.6,434.4,434.6,3044738.0
2018-01-12 09:50:52.585356,434.6,434.4,434.6,3044738.0
2018-01-12 09:50:53.671008,434.6,434.4,434.6,3046338.0
2018-01-12 09:50:54.754208,434.6,434.4,434.6,3046338.0
2018-01-12 09:50:55.918368,434.6,434.4,434.6,3046538.0
2018-01-12 09:50:57.536259,434.6,434.4,434.6,3046538.0
2018-01-12 09:50:58.672646,434.6,434.4,434.6,3046538.0
2018-01-12 09:51:00.359742,434.6,434.4,434.6,3046338.0
2018-01-12 09:51:01.711745,434.6,434.4,434.6,3046338.0
2018-01-12 09:51:02.808343,434.6,434.4,434.6,3051138.0
2018-01-12 09:51:03.912632,434.6,434.4,434.6,3051138.0
2018-01-12 09:51:04.916385,434.6,434.4,434.6,3051138.0
2018-01-12 09:51:07.254318,434.6,434.4,434.6,3051138.0
2018-01-12 09:51:08.864096,434.4,434.4,434.6,3073238.0
2018-01-12 09:51:10.037321,434.4,434.2,434.6,3073238.0
2018-01-12 09:51:11.726115,434.4,434.2,434.6,3073238.0
2018-01-12 09:51:13.153819,434.4,434.2,434.6,3073238.0
2018-01-12 09:51:14.684818,434.4,434.2,434.6,3073238.0
2018-01-12 09:51:16.010997,434.4,434.2,434.4,3080538.0
2018-01-12 09:51:17.116508,434.4,434.2,434.4,3073238.0
2018-01-12 09:51:18.195377,434.4,434.2,434.4,3080538.0
2018-01-12 09:51:19.360252,434.4,434.2,434.4,3080538.0
2018-01-12 09:51:20.761427,434.4,434.2,434.4,3080738.0
2018-01-12 09:51:22.056515,434.4,434.2,434.4,3080538.0
2018-01-12 09:51:23.612366,434.4,434.2,434.4,3080538.0
2018-01-12 09:51:24.771848,434.4,434.2,434.4,3080738.0
2018-01-12 09:51:25.842683,434.4,434.2,434.4,3080538.0
2018-01-12 09:51:27.290051,434.4,434.2,434.4,3080738.0
2018-01-12 09:51:28.700915,434.4,434.2,434.4,3080738.0
2018-01-12 09:51:29.843488,434.4,434.2,434.4,3080738.0
2018-01-12 09:51:31.107351,434.4,434.2,434.4,3080538.0
2018-01-12 09:51:32.327232,434.2,434.2,434.4,3082338.0
2018-01-12 09:51:33.607648,434.4,434.2,434.4,3080738.0
2018-01-12 09:51:34.806328,434.4,434.2,434.4,3082438.0
2018-01-12 09:51:35.962631,434.4,434.2,434.4,3082438.0
2018-01-12 09:51:37.160119,434.4,434.2,434.4,3082438.0
2018-01-12 09:51:38.274635,434.2,434.2,434.4,3082338.0
2018-01-12 09:51:39.339038,434.2,434.2,434.4,3082338.0
2018-01-12 09:51:40.910639,434.4,434.2,434.4,3083038.0
2018-01-12 09:51:42.001894,434.4,434.2,434.4,3083038.0
2018-01-12 09:51:43.295556,434.4,434.2,434.4,3083038.0
2018-01-12 09:51:44.449180,434.4,434.2,434.4,3083038.0
2018-01-12 09:51:45.585556,434.4,434.2,434.4,3083038.0
2018-01-12 09:51:46.645430,434.4,434.2,434.4,3084638.0
2018-01-12 09:51:47.814436,434.4,434.2,434.4,3084638.0
2018-01-12 09:51:48.921193,434.4,434.2,434.4,3084638.0
2018-01-12 09:51:50.009449,434.4,434.2,434.4,3084638.0
2018-01-12 09:51:51.255895,434.4,434.2,434.4,3084638.0
2018-01-12 09:51:52.414754,434.4,434.2,434.4,3084838.0
2018-01-12 09:51:53.429906,434.4,434.2,434.4,3084638.0
2018-01-12 09:51:54.607306,434.4,434.2,434.4,3084838.0
2018-01-12 09:51:56.174805,434.4,434.2,434.4,3084838.0
2018-01-12 09:51:57.220376,434.4,434.2,434.4,3084638.0
2018-01-12 09:51:58.422814,434.4,434.2,434.4,3084638.0
2018-01-12 09:51:59.976121,434.4,434.2,434.4,3084638.0
2018-01-12 09:52:01.074186,434.4,434.2,434.4,3084638.0
2018-01-12 09:52:02.088430,434.4,434.2,434.4,3084638.0
2018-01-12 09:52:03.388132,434.4,434.2,434.4,3084638.0
2018-01-12 09:52:04.667260,434.4,434.2,434.4,3084638.0
2018-01-12 09:52:05.843799,434.2,434.2,434.4,3086338.0
2018-01-12 09:52:07.116268,434.2,434.2,434.4,3086638.0
2018-01-12 09:52:08.152918,434.2,434.2,434.4,3086338.0
2018-01-12 09:52:09.799444,434.2,434.2,434.4,3086338.0
2018-01-12 09:52:11.340634,434.2,434.2,434.4,3086338.0
2018-01-12 09:52:12.448138,434.2,434.2,434.4,3086338.0
2018-01-12 09:52:13.520321,434.2,434.2,434.4,3086638.0
2018-01-12 09:52:14.638101,434.4,434.2,434.4,3089338.0
2018-01-12 09:52:15.799164,434.4,434.2,434.4,3089338.0
2018-01-12 09:52:16.863599,434.4,434.2,434.4,3089338.0
2018-01-12 09:52:17.991956,434.4,434.2,434.4,3089338.0
2018-01-12 09:52:19.521999,434.2,434.2,434.4,3089838.0
2018-01-12 09:52:20.564098,434.4,434.2,434.4,3089338.0
2018-01-12 09:52:21.788473,434.4,434.2,434.4,3089338.0
2018-01-12 09:52:22.964495,434.4,434.2,434.4,3089338.0
2018-01-12 09:52:24.174658,434.2,434.2,434.4,3089838.0
2018-01-12 09:52:25.669161,434.4,434.2,434.4,3089338.0
2018-01-12 09:52:26.832429,434.2,434.2,434.4,3089838.0
2018-01-12 09:52:28.528578,434.4,434.2,434.4,3089338.0
2018-01-12 09:52:29.648161,434.4,434.2,434.4,3089338.0
2018-01-12 09:52:31.186481,434.2,434.2,434.4,3093638.0
2018-01-12 09:52:32.404642,434.4,434.2,434.4,3093338.0
2018-01-12 09:52:33.773731,434.4,434.2,434.4,3093338.0
2018-01-12 09:52:34.903313,434.4,434.2,434.4,3093338.0
2018-01-12 09:52:36.007615,434.2,434.2,434.4,3093638.0
2018-01-12 09:52:37.097347,434.4,434.2,434.4,3093338.0
2018-01-12 09:52:38.330355,434.4,434.2,434.4,3093338.0
2018-01-12 09:52:39.927662,434.4,434.2,434.4,3093338.0
2018-01-12 09:52:41.064267,434.2,434.2,434.4,3095038.0
2018-01-12 09:52:42.216851,434.2,434.2,434.4,3093638.0
2018-01-12 09:52:43.301617,434.2,434.2,434.4,3095038.0
2018-01-12 09:52:44.388839,434.2,434.2,434.4,3095038.0
2018-01-12 09:52:45.632170,434.2,434.2,434.4,3114338.0
2018-01-12 09:52:47.280182,434.2,434.0,434.4,3118538.0
2018-01-12 09:52:48.689472,434.2,434.0,434.4,3117738.0
2018-01-12 09:52:49.947781,434.2,434.0,434.4,3118538.0
2018-01-12 09:52:51.592173,434.0,434.0,434.4,3120838.0
2018-01-12 09:52:53.029622,434.4,434.0,434.4,3120538.0
2018-01-12 09:52:54.642977,434.4,434.0,434.4,3120538.0
2018-01-12 09:52:55.660518,434.4,434.0,434.4,3120538.0
2018-01-12 09:52:56.853894,434.4,434.0,434.4,3120538.0
2018-01-12 09:52:57.951672,434.4,434.0,434.4,3120538.0
2018-01-12 09:52:59.060698,434.0,434.0,434.4,3120838.0
2018-01-12 09:53:00.690980,434.4,434.0,434.4,3120538.0
2018-01-12 09:53:02.270557,434.4,434.0,434.4,3120538.0
2018-01-12 09:53:03.467063,434.4,434.0,434.4,3120538.0
2018-01-12 09:53:04.345107,434.0,434.0,434.2,3121538.0
2018-01-12 09:53:05.459051,434.0,434.0,434.2,3121538.0
2018-01-12 09:53:06.739673,434.0,434.0,434.2,3121538.0
2018-01-12 09:53:07.940706,434.0,434.0,434.2,3121538.0
2018-01-12 09:53:09.066224,434.2,434.0,434.4,3134838.0
2018-01-12 09:53:10.278762,434.2,434.0,434.4,3135538.0
2018-01-12 09:53:11.531779,434.2,434.0,434.4,3135538.0
2018-01-12 09:53:12.764325,434.2,434.2,434.4,3136338.0
2018-01-12 09:53:14.343293,434.2,434.0,434.4,3136738.0
2018-01-12 09:53:16.840438,434.2,434.0,434.4,3136738.0
2018-01-12 09:53:18.671869,434.2,434.0,434.4,3136738.0
2018-01-12 09:53:20.385686,434.2,434.2,434.4,3137638.0
2018-01-12 09:53:22.958475,434.2,434.2,434.4,3137638.0
2018-01-12 09:53:25.485267,434.2,434.2,434.4,3137638.0
2018-01-12 09:53:27.380863,434.2,434.0,434.2,3140438.0
2018-01-12 09:53:29.256386,434.2,434.0,434.2,3140438.0
2018-01-12 09:53:31.035285,434.2,434.0,434.2,3140438.0
2018-01-12 09:53:33.482516,434.2,434.0,434.2,3140438.0
2018-01-12 09:53:35.267307,434.4,434.2,434.4,3148738.0
2018-01-12 09:53:36.938338,434.4,434.2,434.4,3148738.0
2018-01-12 09:53:38.750408,434.4,434.2,434.4,3148738.0
2018-01-12 09:53:40.593858,434.4,434.0,434.2,3148738.0
2018-01-12 09:53:42.389401,434.2,434.0,434.2,3148338.0
2018-01-12 09:53:44.228091,434.4,434.2,434.4,3148738.0
2018-01-12 09:53:45.778971,434.4,434.0,434.2,3148738.0
2018-01-12 09:53:47.348813,434.4,434.2,434.4,3149638.0
2018-01-12 09:53:49.137737,434.2,434.2,434.4,3149538.0
2018-01-12 09:53:50.729294,434.2,434.2,434.4,3149538.0
2018-01-12 09:53:52.446316,434.2,434.2,434.4,3149538.0
2018-01-12 09:53:54.095635,434.2,434.2,434.4,3149538.0
2018-01-12 09:53:55.906247,434.4,434.2,434.4,3149638.0
2018-01-12 09:53:57.552980,434.4,434.2,434.4,3149638.0
2018-01-12 09:53:58.698410,434.4,434.2,434.4,3150858.0
2018-01-12 09:53:59.587834,434.4,434.2,434.4,3149638.0
2018-01-12 09:54:02.986149,434.4,434.2,434.4,3150858.0
2018-01-12 09:54:04.630973,434.4,434.2,434.4,3150858.0
2018-01-12 09:54:05.985446,434.4,434.2,434.4,3153458.0
2018-01-12 09:54:06.978537,434.4,434.2,434.4,3154558.0
2018-01-12 09:54:08.843757,434.4,434.2,434.4,3153458.0
2018-01-12 09:54:13.453826,434.4,434.2,434.4,3154558.0
2018-01-12 09:54:14.659400,434.4,434.2,434.4,3154558.0
2018-01-12 09:54:16.104759,434.4,434.4,434.6,3161758.0
2018-01-12 09:54:17.866732,434.4,434.4,434.6,3161758.0
2018-01-12 09:54:18.995795,434.4,434.2,434.4,3160658.0
2018-01-12 09:54:20.545306,434.4,434.4,434.6,3161758.0
2018-01-12 09:54:21.393365,434.4,434.4,434.6,3161758.0
2018-01-12 09:54:23.008107,434.4,434.4,434.6,3160658.0
2018-01-12 09:54:25.073156,434.4,434.4,434.6,3161758.0
2018-01-12 09:54:26.006273,434.4,434.4,434.6,3161758.0
2018-01-12 09:54:27.008424,434.4,434.4,434.6,3161758.0
2018-01-12 09:54:28.047657,434.4,434.4,434.6,3161758.0
2018-01-12 09:54:29.080713,434.4,434.4,434.6,3161758.0
2018-01-12 09:54:30.298806,434.4,434.4,434.6,3161758.0
2018-01-12 09:54:31.887185,434.6,434.4,434.6,3164258.0
2018-01-12 09:54:33.074964,434.6,434.4,434.6,3164258.0
2018-01-12 09:54:34.797892,434.6,434.4,434.6,3164258.0
2018-01-12 09:54:35.862469,434.6,434.4,434.6,3167358.0
2018-01-12 09:54:37.453585,434.6,434.4,434.6,3167358.0
2018-01-12 09:54:38.802057,434.6,434.4,434.6,3169758.0
2018-01-12 09:54:40.017108,434.6,434.4,434.6,3169758.0
2018-01-12 09:54:40.879272,434.6,434.4,434.6,3169758.0
2018-01-12 09:54:42.454309,434.6,434.4,434.6,3169758.0
2018-01-12 09:54:43.620235,434.6,434.4,434.6,3169758.0
2018-01-12 09:54:44.676639,434.6,434.4,434.6,3169758.0
2018-01-12 09:54:45.830295,434.6,434.4,434.6,3169758.0
2018-01-12 09:54:46.731269,434.6,434.4,434.6,3169758.0
2018-01-12 09:54:47.819634,434.6,434.4,434.6,3169758.0
2018-01-12 09:54:48.812722,434.6,434.4,434.6,3169758.0
2018-01-12 09:54:49.903922,434.6,434.4,434.6,3169758.0
2018-01-12 09:54:51.683751,434.6,434.4,434.6,3169758.0
2018-01-12 09:54:52.730734,434.4,434.4,434.6,3171758.0
2018-01-12 09:54:54.658239,434.4,434.4,434.6,3171758.0
2018-01-12 09:54:55.607948,434.4,434.4,434.6,3171758.0
2018-01-12 09:54:56.796348,434.6,434.4,434.6,3173858.0
2018-01-12 09:54:57.987537,434.6,434.4,434.6,3173858.0
2018-01-12 09:54:58.985446,434.6,434.4,434.6,3173858.0
2018-01-12 09:55:00.068650,434.6,434.4,434.6,3173858.0
2018-01-12 09:55:01.167709,434.6,434.4,434.6,3173858.0
2018-01-12 09:55:02.726721,434.6,434.4,434.6,3173858.0
2018-01-12 09:55:04.054255,434.6,434.4,434.6,3173858.0
2018-01-12 09:55:05.102335,434.6,434.4,434.6,3173858.0
2018-01-12 09:55:06.760162,434.6,434.4,434.6,3173858.0
2018-01-12 09:55:07.836727,434.6,434.4,434.6,3173858.0
2018-01-12 09:55:09.487677,434.4,434.4,434.6,3175558.0
2018-01-12 09:55:11.034400,434.4,434.4,434.6,3175558.0
2018-01-12 09:55:12.386667,434.4,434.4,434.6,3199458.0
2018-01-12 09:55:13.534845,434.4,434.4,434.6,3200158.0
2018-01-12 09:55:14.700735,434.4,434.4,434.6,3199458.0
2018-01-12 09:55:16.236241,434.4,434.2,434.4,3200158.0
2018-01-12 09:55:17.992311,434.4,434.2,434.4,3200158.0
2018-01-12 09:55:19.142942,434.2,434.2,434.4,3201958.0
2018-01-12 09:55:20.604455,434.2,434.2,434.4,3201958.0
2018-01-12 09:55:21.855051,434.2,434.2,434.4,3201958.0
2018-01-12 09:55:23.030913,434.2,434.2,434.4,3201958.0
2018-01-12 09:55:24.331786,434.2,434.2,434.4,3201958.0
2018-01-12 09:55:25.416458,434.2,434.2,434.4,3201958.0
2018-01-12 09:55:26.923550,434.2,434.2,434.4,3201958.0
2018-01-12 09:55:27.961837,434.2,434.2,434.4,3203158.0
2018-01-12 09:55:29.004744,434.2,434.2,434.4,3203158.0
2018-01-12 09:55:30.899338,434.2,434.2,434.4,3203158.0
2018-01-12 09:55:32.073673,434.2,434.2,434.4,3203158.0
2018-01-12 09:55:33.673750,434.2,434.2,434.4,3203158.0
2018-01-12 09:55:34.805056,434.2,434.2,434.4,3203158.0
2018-01-12 09:55:35.769703,434.4,434.2,434.4,3205758.0
2018-01-12 09:55:37.451791,434.2,434.2,434.4,3203158.0
2018-01-12 09:55:38.548695,434.4,434.2,434.4,3205958.0
2018-01-12 09:55:39.473521,434.4,434.2,434.4,3205958.0
2018-01-12 09:55:40.797991,434.4,434.2,434.4,3205758.0
2018-01-12 09:55:41.914854,434.4,434.2,434.4,3205958.0
2018-01-12 09:55:42.962846,434.4,434.2,434.4,3205758.0
2018-01-12 09:55:44.528653,434.4,434.2,434.4,3205958.0
2018-01-12 09:55:45.823366,434.4,434.2,434.4,3206758.0
2018-01-12 09:55:47.037513,434.2,434.2,434.4,3207558.0
2018-01-12 09:55:48.089238,434.2,434.2,434.4,3207558.0
2018-01-12 09:55:50.504588,434.2,434.2,434.4,3207558.0
2018-01-12 09:55:51.610872,434.2,434.2,434.4,3207558.0
2018-01-12 09:55:52.999190,434.2,434.2,434.4,3207558.0
2018-01-12 09:55:54.469611,434.2,434.2,434.4,3209458.0
2018-01-12 09:55:56.072167,434.2,434.2,434.4,3207558.0
2018-01-12 09:55:57.705437,434.2,434.2,434.4,3207558.0
2018-01-12 09:56:03.439526,434.4,434.2,434.4,3210858.0
2018-01-12 09:56:05.516750,434.4,434.2,434.4,3210858.0
2018-01-12 09:56:08.071990,434.2,434.2,434.4,3211358.0
2018-01-12 09:56:09.025198,434.2,434.2,434.4,3211358.0
2018-01-12 09:56:10.175800,434.2,434.2,434.4,3211358.0
2018-01-12 09:56:14.969530,434.4,434.2,434.4,3211858.0
2018-01-12 09:56:16.002880,434.2,434.2,434.4,3211358.0
2018-01-12 09:56:16.927961,434.2,434.2,434.4,3211358.0
2018-01-12 09:56:18.035962,434.2,434.2,434.4,3211358.0
2018-01-12 09:56:19.297994,434.2,434.2,434.4,3211358.0
2018-01-12 09:56:20.286687,434.2,434.2,434.4,3212458.0
2018-01-12 09:56:21.422388,434.2,434.2,434.4,3212458.0
2018-01-12 09:56:23.261792,434.4,434.2,434.4,3211858.0
2018-01-12 09:56:24.301679,434.4,434.2,434.4,3211858.0
2018-01-12 09:56:25.870978,434.2,434.2,434.4,3234858.0
2018-01-12 09:56:26.778072,434.2,434.2,434.4,3234858.0
2018-01-12 09:56:28.035012,434.0,433.8,434.2,3250758.0
2018-01-12 09:56:29.191329,434.0,433.8,434.2,3250758.0
2018-01-12 09:56:30.116364,434.0,433.8,434.2,3250758.0
2018-01-12 09:56:31.028815,434.0,433.8,434.2,3250758.0
2018-01-12 09:56:32.519784,434.0,433.8,434.2,3250758.0
2018-01-12 09:56:33.490324,434.0,433.8,434.2,3250758.0
2018-01-12 09:56:34.728031,434.0,433.8,434.2,3250758.0
2018-01-12 09:56:36.454608,434.0,433.8,434.2,3250758.0
2018-01-12 09:56:37.514730,434.0,433.8,434.2,3252858.0
2018-01-12 09:56:39.122851,434.0,433.8,434.2,3250758.0
2018-01-12 09:56:40.556659,434.0,433.8,434.2,3250758.0
2018-01-12 09:56:41.510366,433.8,433.8,434.0,3254258.0
2018-01-12 09:56:43.205040,433.8,433.8,434.2,3254258.0
2018-01-12 09:56:45.057562,433.8,433.8,434.2,3254158.0
2018-01-12 09:56:46.202244,434.0,434.0,434.2,3255158.0
2018-01-12 09:56:47.858859,433.8,433.8,434.2,3257158.0
2018-01-12 09:56:48.854537,434.0,433.8,434.0,3257358.0
2018-01-12 09:56:50.331227,434.0,433.8,434.0,3258458.0
2018-01-12 09:56:52.010907,434.0,433.8,434.0,3258458.0
2018-01-12 09:56:53.955209,434.0,433.8,434.0,3260858.0
2018-01-12 09:56:55.241047,434.0,433.8,434.2,3259258.0
2018-01-12 09:56:56.479622,434.2,433.8,434.2,3265458.0
2018-01-12 09:56:57.737912,434.2,434.0,434.4,3273558.0
2018-01-12 09:56:58.713037,434.2,434.0,434.4,3273558.0
2018-01-12 09:56:59.925334,434.2,434.0,434.4,3273558.0
2018-01-12 09:57:01.370944,434.2,434.0,434.4,3271558.0
2018-01-12 09:57:03.628174,434.2,434.0,434.2,3277958.0
2018-01-12 09:57:04.876813,434.2,434.0,434.2,3277958.0
2018-01-12 09:57:05.923189,434.2,434.0,434.2,3278558.0
2018-01-12 09:57:07.207236,434.2,434.0,434.2,3279058.0
2018-01-12 09:57:09.544048,434.2,434.0,434.4,3281158.0
2018-01-12 09:57:10.838842,434.4,434.0,434.4,3281258.0
2018-01-12 09:57:12.202484,434.4,434.2,434.4,3281258.0
2018-01-12 09:57:13.785235,434.4,434.2,434.4,3281258.0
2018-01-12 09:57:15.348482,434.4,434.2,434.4,3281258.0
2018-01-12 09:57:16.973013,434.4,434.0,434.4,3281258.0
2018-01-12 09:57:17.890108,434.4,434.0,434.4,3281258.0
2018-01-12 09:57:19.744017,434.4,434.2,434.4,3281258.0
2018-01-12 09:57:21.000630,434.4,434.2,434.4,3288458.0
2018-01-12 09:57:22.700311,434.4,434.2,434.4,3288458.0
2018-01-12 09:57:24.003167,434.4,434.2,434.4,3288458.0
2018-01-12 09:57:25.108251,434.4,434.2,434.4,3288458.0
2018-01-12 09:57:26.303137,434.4,434.2,434.4,3288458.0
2018-01-12 09:57:27.280618,434.4,434.2,434.4,3288458.0
2018-01-12 09:57:28.720567,434.4,434.2,434.4,3288458.0
2018-01-12 09:57:30.299391,434.4,434.2,434.4,3288458.0
2018-01-12 09:57:31.271923,434.4,434.2,434.4,3288458.0
2018-01-12 09:57:32.958469,434.4,434.2,434.4,3288458.0
2018-01-12 09:57:34.070795,434.4,434.2,434.4,3288458.0
2018-01-12 09:57:35.616051,434.4,434.2,434.4,3288458.0
2018-01-12 09:57:36.750557,434.4,434.2,434.4,3288458.0
2018-01-12 09:57:37.724737,434.4,434.2,434.4,3288458.0
2018-01-12 09:57:38.903262,434.4,434.2,434.4,3288458.0
2018-01-12 09:57:39.878989,434.2,434.2,434.4,3290258.0
2018-01-12 09:57:41.586291,434.2,434.2,434.4,3290258.0
2018-01-12 09:57:42.648325,434.2,434.2,434.4,3290358.0
2018-01-12 09:57:44.326453,434.4,434.2,434.4,3295158.0
2018-01-12 09:57:45.590446,434.4,434.2,434.4,3295158.0
2018-01-12 09:57:46.694352,434.4,434.2,434.4,3295158.0
2018-01-12 09:57:47.794515,434.4,434.2,434.4,3295158.0
2018-01-12 09:57:48.809270,434.4,434.2,434.4,3294158.0
2018-01-12 09:57:49.943217,434.4,434.2,434.4,3294158.0
2018-01-12 09:57:50.910528,434.4,434.2,434.4,3295158.0
2018-01-12 09:57:52.612161,434.4,434.2,434.4,3295158.0
2018-01-12 09:57:54.645657,434.4,434.2,434.4,3294158.0
2018-01-12 09:57:55.842848,434.4,434.2,434.4,3295158.0
2018-01-12 09:57:57.594197,434.2,434.2,434.4,3295858.0
2018-01-12 09:57:58.645736,434.4,434.2,434.4,3296058.0
2018-01-12 09:58:00.306853,434.2,434.2,434.4,3295858.0
2018-01-12 09:58:01.668873,434.2,434.2,434.4,3295858.0
2018-01-12 09:58:03.419344,434.4,434.2,434.4,3296058.0
2018-01-12 09:58:06.082658,434.2,434.2,434.4,3295858.0
2018-01-12 09:58:08.445881,434.4,434.2,434.4,3296058.0
2018-01-12 09:58:09.949510,434.4,434.2,434.4,3296058.0
2018-01-12 09:58:11.279294,434.4,434.2,434.4,3296058.0
2018-01-12 09:58:12.775574,434.4,434.2,434.4,3296058.0
2018-01-12 09:58:14.354011,434.4,434.2,434.4,3297058.0
2018-01-12 09:58:15.553810,434.4,434.2,434.4,3297158.0
2018-01-12 09:58:16.971807,434.4,434.2,434.4,3297058.0
2018-01-12 09:58:18.089288,434.4,434.2,434.4,3297158.0
2018-01-12 09:58:19.474230,434.4,434.2,434.4,3297058.0
2018-01-12 09:58:20.498031,434.4,434.2,434.4,3297158.0
2018-01-12 09:58:21.980943,434.2,434.2,434.4,3301258.0
2018-01-12 09:58:23.634568,434.2,434.2,434.4,3301258.0
2018-01-12 09:58:24.928029,434.2,434.2,434.4,3303558.0
2018-01-12 09:58:26.119896,434.4,434.0,434.4,3313058.0
2018-01-12 09:58:27.443169,434.4,434.0,434.4,3313058.0
2018-01-12 09:58:28.871699,434.4,434.0,434.4,3313058.0
2018-01-12 09:58:30.741696,434.4,434.0,434.4,3315858.0
2018-01-12 09:58:31.794088,434.2,434.2,434.4,3317358.0
2018-01-12 09:58:33.473173,434.2,434.2,434.4,3317358.0
2018-01-12 09:58:34.694710,434.4,434.2,434.4,3319258.0
2018-01-12 09:58:36.022590,434.2,434.2,434.4,3317358.0
2018-01-12 09:58:37.557256,434.4,434.2,434.4,3319258.0
2018-01-12 09:58:38.893146,434.4,434.2,434.4,3319258.0
2018-01-12 09:58:40.348780,434.4,434.2,434.4,3319258.0
2018-01-12 09:58:41.581317,434.2,434.0,434.2,3320258.0
2018-01-12 09:58:42.656922,434.2,434.0,434.2,3320258.0
2018-01-12 09:58:43.951966,434.4,434.0,434.2,3319258.0
2018-01-12 09:58:45.446346,434.4,434.0,434.2,3319258.0
2018-01-12 09:58:46.755926,434.2,434.0,434.2,3320258.0
2018-01-12 09:58:47.764966,434.2,434.0,434.2,3320258.0
2018-01-12 09:58:48.894082,434.2,434.0,434.2,3322033.0
2018-01-12 09:58:50.003696,434.2,434.0,434.2,3322033.0
2018-01-12 09:58:51.292223,434.2,434.0,434.2,3321633.0
2018-01-12 09:58:52.470430,434.2,434.0,434.2,3322033.0
2018-01-12 09:58:53.823900,434.2,434.0,434.2,3321633.0
2018-01-12 09:58:54.891027,434.2,434.0,434.2,3322033.0
2018-01-12 09:58:56.140802,434.2,434.0,434.2,3322033.0
2018-01-12 09:58:57.267873,434.2,434.0,434.4,3322033.0
2018-01-12 09:58:58.335679,434.2,434.0,434.2,3322033.0
2018-01-12 09:58:59.827332,434.2,434.0,434.4,3322033.0
2018-01-12 09:59:01.616295,434.2,434.0,434.4,3324333.0
2018-01-12 09:59:04.011621,434.2,434.0,434.2,3324333.0
2018-01-12 09:59:05.931245,434.2,434.0,434.4,3323833.0
2018-01-12 09:59:07.582692,434.2,434.0,434.4,3324333.0
2018-01-12 09:59:08.812153,434.2,434.0,434.2,3324333.0
2018-01-12 09:59:10.089095,434.2,434.0,434.4,3324333.0
2018-01-12 09:59:12.504167,434.4,434.0,434.4,3324833.0
2018-01-12 09:59:14.322720,434.0,434.0,434.4,3325033.0
2018-01-12 09:59:16.092286,434.0,434.0,434.4,3325033.0
2018-01-12 09:59:17.838679,434.0,434.0,434.4,3325033.0
2018-01-12 09:59:19.536825,434.0,434.0,434.4,3325033.0
2018-01-12 09:59:21.228386,434.4,434.0,434.4,3324833.0
2018-01-12 09:59:22.770564,434.2,434.2,434.4,3327633.0
2018-01-12 09:59:25.071441,434.2,434.2,434.4,3327833.0
2018-01-12 09:59:26.855403,434.2,434.2,434.4,3330033.0
2018-01-12 09:59:29.083853,434.2,434.2,434.4,3332333.0
2018-01-12 09:59:30.648432,434.2,434.0,434.2,3332333.0
2018-01-12 09:59:32.393050,434.2,434.0,434.2,3330033.0
2018-01-12 09:59:34.129897,434.4,434.0,434.2,3333333.0
2018-01-12 09:59:35.994466,434.2,434.0,434.2,3332333.0
2018-01-12 09:59:37.569904,434.2,434.2,434.4,3332333.0
2018-01-12 09:59:39.910744,434.2,434.2,434.4,3332333.0
2018-01-12 09:59:42.344239,434.2,434.2,434.4,3334133.0
2018-01-12 09:59:44.094350,434.2,434.2,434.4,3334133.0
2018-01-12 09:59:45.877057,434.2,434.2,434.4,3334133.0
2018-01-12 09:59:47.695720,434.4,434.2,434.4,3335133.0
2018-01-12 09:59:50.062379,434.4,434.2,434.4,3335133.0
2018-01-12 09:59:52.113607,434.4,434.2,434.4,3336033.0
2018-01-12 09:59:53.864631,434.2,434.2,434.4,3336833.0
2018-01-12 09:59:55.445248,434.4,434.2,434.4,3336033.0
2018-01-12 09:59:57.156469,434.2,434.2,434.4,3336833.0
2018-01-12 09:59:58.758444,434.2,434.2,434.4,3336833.0
2018-01-12 10:00:01.083178,434.2,434.2,434.4,3336833.0
2018-01-12 10:00:03.613396,434.2,434.2,434.4,3336833.0
2018-01-12 10:00:08.741960,434.2,434.2,434.4,3343033.0
2018-01-12 10:00:10.553678,434.2,434.2,434.4,3345833.0
2018-01-12 10:00:14.160201,434.2,434.2,434.4,3345833.0
2018-01-12 10:00:15.796588,434.2,434.2,434.4,3345833.0
2018-01-12 10:00:16.862111,434.4,434.2,434.4,3349743.0
2018-01-12 10:00:18.049329,434.2,434.2,434.4,3348543.0
2018-01-12 10:00:19.085823,434.4,434.2,434.4,3349743.0
2018-01-12 10:00:20.313124,434.4,434.2,434.4,3349743.0
2018-01-12 10:00:21.364851,434.2,434.2,434.4,3350043.0
2018-01-12 10:00:23.187497,434.2,434.2,434.4,3352743.0
2018-01-12 10:00:24.449123,434.2,434.2,434.4,3352743.0
2018-01-12 10:00:25.407172,434.2,434.2,434.4,3350043.0
2018-01-12 10:00:27.128194,434.2,434.2,434.4,3352743.0
2018-01-12 10:00:28.332595,434.2,434.2,434.4,3350043.0
2018-01-12 10:00:29.474052,434.2,434.2,434.4,3350043.0
2018-01-12 10:00:30.653542,434.2,434.2,434.4,3352743.0
2018-01-12 10:00:32.156352,434.4,434.2,434.4,3354343.0
2018-01-12 10:00:33.267461,434.2,434.2,434.4,3356243.0
2018-01-12 10:00:34.512934,434.4,434.2,434.4,3354343.0
2018-01-12 10:00:35.761980,434.2,434.2,434.4,3356243.0
2018-01-12 10:00:36.792580,434.2,434.2,434.4,3356243.0
2018-01-12 10:00:38.121146,434.2,434.2,434.4,3356243.0
2018-01-12 10:00:39.646231,434.2,434.0,434.2,3359343.0
2018-01-12 10:00:41.291332,434.2,434.0,434.2,3359343.0
2018-01-12 10:00:42.505752,434.2,434.0,434.2,3360043.0
2018-01-12 10:00:43.797756,434.2,434.0,434.2,3359843.0
2018-01-12 10:00:44.985237,434.2,434.0,434.2,3359843.0
2018-01-12 10:00:46.056428,434.2,434.0,434.2,3360043.0
2018-01-12 10:00:47.588842,434.2,434.0,434.2,3360043.0
2018-01-12 10:00:49.187744,434.2,434.0,434.2,3360043.0
2018-01-12 10:00:50.508948,434.2,434.0,434.2,3360043.0
2018-01-12 10:00:51.778799,434.2,434.0,434.2,3359843.0
2018-01-12 10:00:53.037154,434.2,434.0,434.2,3360043.0
2018-01-12 10:00:54.211087,434.2,434.0,434.2,3359843.0
2018-01-12 10:00:55.519677,434.2,434.0,434.2,3362143.0
2018-01-12 10:00:56.939365,434.2,434.0,434.2,3364743.0
2018-01-12 10:00:58.479470,434.2,434.0,434.2,3362143.0
2018-01-12 10:00:59.813224,434.2,434.0,434.2,3364743.0
2018-01-12 10:01:01.166500,434.2,434.0,434.2,3365443.0
2018-01-12 10:01:02.930516,434.2,434.0,434.2,3365443.0
2018-01-12 10:01:04.468208,434.2,434.0,434.2,3368443.0
2018-01-12 10:01:08.459018,434.2,434.0,434.2,3365443.0
2018-01-12 10:01:09.374928,434.2,434.2,434.4,3370243.0
2018-01-12 10:01:11.709241,434.2,434.2,434.4,3370243.0
2018-01-12 10:01:15.662519,434.2,434.2,434.4,3370243.0
2018-01-12 10:01:16.889442,434.2,434.2,434.4,3370243.0
2018-01-12 10:01:18.080264,434.2,434.2,434.4,3370243.0
2018-01-12 10:01:19.223680,434.2,434.2,434.4,3370243.0
2018-01-12 10:01:20.332002,434.2,434.2,434.4,3370243.0
2018-01-12 10:01:21.640246,434.2,434.2,434.4,3371543.0
2018-01-12 10:01:23.271557,434.2,434.2,434.4,3371543.0
2018-01-12 10:01:24.710517,434.2,434.2,434.4,3371543.0
2018-01-12 10:01:25.886605,434.2,434.2,434.4,3371543.0
2018-01-12 10:01:27.138420,434.2,434.2,434.4,3371543.0
2018-01-12 10:01:28.402272,434.2,434.2,434.4,3371543.0
2018-01-12 10:01:29.544983,434.2,434.2,434.4,3371543.0
2018-01-12 10:01:30.845734,434.2,434.2,434.4,3371543.0
2018-01-12 10:01:31.812297,434.2,434.2,434.4,3373643.0
2018-01-12 10:01:33.372598,434.2,434.2,434.4,3373643.0
2018-01-12 10:01:34.921142,434.2,434.2,434.4,3373543.0
2018-01-12 10:01:36.396103,434.4,434.2,434.4,3380043.0
2018-01-12 10:01:37.617562,434.2,434.2,434.4,3379943.0
2018-01-12 10:01:39.019330,434.4,434.2,434.4,3380043.0
2018-01-12 10:01:40.111133,434.0,434.0,434.4,3411743.0
2018-01-12 10:01:41.304184,434.2,434.0,434.4,3388343.0
2018-01-12 10:01:42.875393,434.2,434.0,434.4,3388343.0
2018-01-12 10:01:43.934709,434.0,434.0,434.2,3433343.0
2018-01-12 10:01:45.236725,434.0,434.0,434.2,3433343.0
2018-01-12 10:01:46.746558,434.0,433.8,434.0,3441143.0
2018-01-12 10:01:47.982324,434.0,433.8,434.0,3440943.0
2018-01-12 10:01:49.376833,434.0,433.8,434.0,3440943.0
2018-01-12 10:01:50.901482,434.0,433.8,434.0,3441143.0
2018-01-12 10:01:52.541645,434.0,433.8,434.0,3440943.0
2018-01-12 10:01:53.623315,434.0,433.8,434.0,3440943.0
2018-01-12 10:01:54.626102,434.0,433.8,434.0,3440943.0
2018-01-12 10:01:55.766903,434.0,433.8,434.0,3440943.0
2018-01-12 10:01:56.674520,434.0,433.8,434.0,3440943.0
2018-01-12 10:01:57.595089,434.0,433.8,434.0,3440943.0
2018-01-12 10:01:58.701376,434.0,433.8,434.0,3440943.0
2018-01-12 10:01:59.968499,434.0,433.8,434.0,3444243.0
2018-01-12 10:02:01.108316,434.0,433.8,434.0,3444043.0
2018-01-12 10:02:02.407844,434.0,433.8,434.0,3444243.0
2018-01-12 10:02:03.707680,434.0,433.8,434.0,3444043.0
2018-01-12 10:02:04.705704,434.0,433.8,434.0,3444243.0
2018-01-12 10:02:06.391693,434.0,433.8,434.0,3444043.0
2018-01-12 10:02:07.554918,434.0,433.8,434.0,3444243.0
2018-01-12 10:02:09.492157,434.0,433.8,434.0,3445343.0
2018-01-12 10:02:10.858535,434.0,433.8,434.0,3445343.0
2018-01-12 10:02:11.752489,434.0,433.8,434.0,3445343.0
2018-01-12 10:02:12.971098,434.0,433.8,434.0,3445343.0
2018-01-12 10:02:14.683583,434.0,433.8,434.0,3445343.0
2018-01-12 10:02:16.088798,434.0,433.8,434.0,3445343.0
2018-01-12 10:02:17.651761,434.0,433.8,434.0,3445343.0
2018-01-12 10:02:19.186167,434.0,433.8,434.0,3445343.0
2018-01-12 10:02:20.501667,434.0,433.8,434.0,3445343.0
2018-01-12 10:02:21.870724,434.0,433.8,434.0,3445343.0
2018-01-12 10:02:23.266640,434.0,433.8,434.0,3445343.0
2018-01-12 10:02:24.570988,434.0,433.8,434.0,3445343.0
2018-01-12 10:02:25.857175,434.0,433.8,434.0,3445343.0
2018-01-12 10:02:27.041072,434.0,433.8,434.0,3448843.0
2018-01-12 10:02:28.196079,434.0,433.8,434.0,3448843.0
2018-01-12 10:02:29.476028,434.0,433.8,434.0,3450343.0
2018-01-12 10:02:31.519291,434.0,433.8,434.0,3450343.0
2018-01-12 10:02:32.717532,434.0,433.8,434.0,3450843.0
2018-01-12 10:02:33.698385,434.0,433.8,434.0,3450843.0
2018-01-12 10:02:35.095394,434.0,433.8,434.0,3450343.0
2018-01-12 10:02:36.676889,434.0,433.8,434.0,3450843.0
2018-01-12 10:02:37.747181,434.0,433.8,434.0,3450843.0
2018-01-12 10:02:38.995052,434.0,433.8,434.0,3450343.0
2018-01-12 10:02:40.616760,434.0,433.8,434.0,3450843.0
2018-01-12 10:02:42.318232,434.0,433.8,434.0,3451343.0
2018-01-12 10:02:43.615887,434.0,433.8,434.0,3450843.0
2018-01-12 10:02:44.767406,434.0,433.8,434.0,3451343.0
2018-01-12 10:02:46.087341,434.0,433.8,434.0,3450843.0
2018-01-12 10:02:47.516920,434.0,433.8,434.0,3451343.0
2018-01-12 10:02:48.485777,433.8,433.8,434.0,3451643.0
2018-01-12 10:02:49.514531,434.0,433.8,434.0,3451343.0
2018-01-12 10:02:51.059259,433.8,433.8,434.0,3451643.0
2018-01-12 10:02:52.151463,434.0,433.8,434.0,3451343.0
2018-01-12 10:02:53.531339,433.8,433.8,434.0,3451643.0
2018-01-12 10:02:54.650606,433.8,433.8,434.0,3451643.0
2018-01-12 10:02:55.849532,434.0,433.8,434.0,3451343.0
2018-01-12 10:02:57.166171,434.0,433.8,434.0,3451343.0
2018-01-12 10:02:58.224518,433.8,433.8,434.0,3451643.0
2018-01-12 10:02:59.370118,434.0,433.8,434.0,3451343.0
2018-01-12 10:03:00.495772,433.8,433.8,434.0,3453043.0
2018-01-12 10:03:01.887293,433.8,433.8,434.0,3451643.0
2018-01-12 10:03:02.941717,433.8,433.8,434.0,3451643.0
2018-01-12 10:03:04.192893,433.8,433.8,434.0,3451643.0
2018-01-12 10:03:05.413902,433.8,433.8,434.0,3455843.0
2018-01-12 10:03:06.796802,433.8,433.8,434.0,3455843.0
2018-01-12 10:03:08.038403,434.0,433.8,434.0,3459643.0
2018-01-12 10:03:09.258905,434.0,433.8,434.0,3459643.0
2018-01-12 10:03:10.589135,434.0,433.8,434.0,3459643.0
2018-01-12 10:03:15.509918,433.8,433.8,434.0,3467343.0
2018-01-12 10:03:16.658088,433.8,433.8,434.0,3467343.0
2018-01-12 10:03:17.815642,433.8,433.8,434.0,3467343.0
2018-01-12 10:03:18.846403,434.0,433.8,434.0,3468643.0
2018-01-12 10:03:20.116804,434.0,433.8,434.0,3468643.0
2018-01-12 10:03:21.552869,434.0,433.8,434.0,3468643.0
2018-01-12 10:03:23.096269,434.0,433.8,434.0,3468643.0
2018-01-12 10:03:24.464401,433.8,433.8,434.0,3477743.0
2018-01-12 10:03:25.803967,433.8,433.6,434.0,3477743.0
2018-01-12 10:03:27.091664,433.8,433.6,434.0,3478043.0
2018-01-12 10:03:28.559135,433.8,433.6,434.0,3478043.0
2018-01-12 10:03:29.421158,433.8,433.6,434.0,3477743.0
2018-01-12 10:03:30.309703,433.8,433.6,434.0,3477743.0
2018-01-12 10:03:31.239697,433.8,433.6,434.0,3478043.0
2018-01-12 10:03:32.160801,433.8,433.6,434.0,3478043.0
2018-01-12 10:03:33.076074,433.8,433.6,434.0,3478043.0
2018-01-12 10:03:34.005306,433.8,433.6,434.0,3478043.0
2018-01-12 10:03:34.824442,433.8,433.6,434.0,3478043.0
2018-01-12 10:03:35.595774,433.8,433.6,434.0,3478043.0
2018-01-12 10:03:36.461511,433.8,433.6,434.0,3478043.0
2018-01-12 10:03:37.510790,433.8,433.6,434.0,3478043.0
2018-01-12 10:03:38.645587,433.8,433.6,433.8,3478043.0
2018-01-12 10:03:39.556635,433.6,433.6,433.8,3479518.0
2018-01-12 10:03:40.482943,433.8,433.6,433.8,3479418.0
2018-01-12 10:03:41.238687,433.6,433.6,433.8,3479518.0
2018-01-12 10:03:42.005661,433.8,433.6,433.8,3479418.0
2018-01-12 10:03:42.921588,433.6,433.6,433.8,3479518.0
2018-01-12 10:03:43.852916,433.6,433.6,433.8,3479518.0
2018-01-12 10:03:44.772903,433.8,433.6,433.8,3480118.0
2018-01-12 10:03:45.687454,433.6,433.6,433.8,3480218.0
2018-01-12 10:03:46.613031,433.8,433.6,433.8,3482818.0
2018-01-12 10:03:47.529804,433.8,433.6,433.8,3482818.0
2018-01-12 10:03:48.341463,433.8,433.6,433.8,3482818.0
2018-01-12 10:03:49.179017,433.8,433.6,433.8,3482818.0
2018-01-12 10:03:49.981563,433.8,433.6,433.8,3482818.0
2018-01-12 10:03:50.916724,433.8,433.6,433.8,3482818.0
2018-01-12 10:03:51.672197,433.8,433.6,433.8,3482818.0
2018-01-12 10:03:52.465293,433.8,433.6,433.8,3482818.0
2018-01-12 10:03:53.366174,433.8,433.6,433.8,3482818.0
2018-01-12 10:03:54.290993,433.8,433.6,433.8,3482818.0
2018-01-12 10:03:55.236501,433.8,433.6,433.8,3482818.0
2018-01-12 10:03:56.144414,433.8,433.6,433.8,3482818.0
2018-01-12 10:03:56.966218,433.8,433.6,433.8,3482818.0
2018-01-12 10:03:57.708368,433.6,433.6,433.8,3491518.0
2018-01-12 10:03:58.581415,433.6,433.6,433.8,3487718.0
2018-01-12 10:03:59.468555,433.6,433.6,433.8,3487718.0
2018-01-12 10:04:00.376040,433.6,433.6,433.8,3492018.0
2018-01-12 10:04:01.332510,433.6,433.6,433.8,3492018.0
2018-01-12 10:04:02.196891,433.6,433.6,433.8,3492018.0
2018-01-12 10:04:03.034182,433.6,433.4,433.6,3494718.0
2018-01-12 10:04:03.818807,433.6,433.4,433.6,3494718.0
2018-01-12 10:04:06.588197,433.6,433.4,433.6,3494718.0
2018-01-12 10:04:07.410757,433.6,433.6,433.8,3494718.0
2018-01-12 10:04:09.653741,433.6,433.4,433.6,3609218.0
2018-01-12 10:04:10.456896,433.6,433.4,433.8,3610518.0
2018-01-12 10:04:11.572099,433.8,433.6,433.8,3612418.0
2018-01-12 10:04:12.425611,433.8,433.6,433.8,3612418.0
2018-01-12 10:04:13.335879,433.6,433.6,433.8,3611418.0
2018-01-12 10:04:14.119397,433.6,433.6,433.8,3611418.0
2018-01-12 10:04:15.022901,433.8,433.6,433.8,3614818.0
2018-01-12 10:04:16.156599,433.8,433.6,433.8,3614818.0
2018-01-12 10:04:17.088445,433.8,433.6,433.8,3614818.0
2018-01-12 10:04:18.047714,433.8,433.6,433.8,3614818.0
2018-01-12 10:04:19.175915,433.8,433.6,433.8,3614818.0
2018-01-12 10:04:19.944845,433.8,433.4,433.6,3614818.0
2018-01-12 10:04:21.055389,433.8,433.4,433.6,3614818.0
2018-01-12 10:04:21.903121,433.8,433.6,433.8,3614818.0
2018-01-12 10:04:22.770545,433.6,433.4,433.6,3622118.0
2018-01-12 10:04:23.838243,433.6,433.4,433.6,3622118.0
2018-01-12 10:04:24.756847,433.4,433.4,433.6,3634618.0
2018-01-12 10:04:25.681516,433.4,433.4,433.6,3634618.0
2018-01-12 10:04:26.442072,433.4,433.4,433.6,3634618.0
2018-01-12 10:04:27.517588,433.4,433.4,433.6,3634618.0
2018-01-12 10:04:28.422943,433.6,433.4,433.6,3638018.0
2018-01-12 10:04:29.932097,433.4,433.4,433.6,3637418.0
2018-01-12 10:04:31.229908,433.6,433.4,433.6,3638018.0
2018-01-12 10:04:32.408519,433.6,433.4,433.6,3638018.0
2018-01-12 10:04:33.511461,433.4,433.4,433.6,3639718.0
2018-01-12 10:04:34.606067,433.6,433.4,433.6,3639118.0
2018-01-12 10:04:35.534595,433.6,433.4,433.6,3649918.0
2018-01-12 10:04:37.134843,433.6,433.4,433.6,3649918.0
2018-01-12 10:04:38.307174,433.6,433.4,433.6,3655818.0
2018-01-12 10:04:39.207508,433.6,433.6,433.8,3655818.0
2018-01-12 10:04:40.426307,433.6,433.4,433.6,3655818.0
2018-01-12 10:04:41.342467,433.6,433.6,433.8,3657918.0
2018-01-12 10:04:42.785141,433.6,433.6,433.8,3657918.0
2018-01-12 10:04:43.804104,433.6,433.6,433.8,3657918.0
2018-01-12 10:04:44.824866,433.6,433.6,433.8,3657918.0
2018-01-12 10:04:45.968033,433.6,433.6,433.8,3657218.0
2018-01-12 10:04:47.252024,433.8,433.4,433.8,3658718.0
2018-01-12 10:04:48.657762,433.8,433.4,433.8,3658718.0
2018-01-12 10:04:49.635699,433.8,433.4,433.8,3658718.0
2018-01-12 10:04:50.869354,433.8,433.4,433.8,3658718.0
2018-01-12 10:04:52.485500,433.8,433.4,433.8,3658718.0
2018-01-12 10:04:53.810914,433.8,433.4,433.8,3658718.0
2018-01-12 10:04:54.886529,433.8,433.4,433.8,3658718.0
2018-01-12 10:04:56.582186,433.8,433.4,433.8,3658718.0
2018-01-12 10:04:57.481137,433.8,433.4,433.8,3658718.0
2018-01-12 10:04:58.713887,433.8,433.4,433.8,3658718.0
2018-01-12 10:04:59.825939,433.8,433.4,433.8,3658718.0
2018-01-12 10:05:01.539521,433.8,433.4,433.8,3658718.0
2018-01-12 10:05:02.870092,433.8,433.4,433.6,3658718.0
2018-01-12 10:05:03.896118,433.6,433.4,433.6,3660918.0
2018-01-12 10:05:04.987910,433.6,433.4,433.6,3660918.0
2018-01-12 10:05:05.988293,433.6,433.4,433.6,3660918.0
2018-01-12 10:05:07.641091,433.6,433.4,433.6,3660918.0
2018-01-12 10:05:08.737312,433.6,433.4,433.6,3660918.0
2018-01-12 10:05:10.279987,433.6,433.4,433.6,3660918.0
2018-01-12 10:05:11.402357,433.6,433.4,433.6,3662161.0
2018-01-12 10:05:12.493151,433.6,433.4,433.6,3662161.0
2018-01-12 10:05:13.621155,433.4,433.4,433.6,3662461.0
2018-01-12 10:05:14.714170,433.6,433.4,433.6,3662161.0
2018-01-12 10:05:15.901385,433.6,433.4,433.6,3662161.0
2018-01-12 10:05:17.367336,433.6,433.4,433.6,3662161.0
2018-01-12 10:05:18.485845,433.6,433.4,433.6,3662161.0
2018-01-12 10:05:19.544243,433.6,433.4,433.6,3663261.0
2018-01-12 10:05:21.054504,433.6,433.4,433.6,3663261.0
2018-01-12 10:05:22.101888,433.4,433.4,433.6,3663561.0
2018-01-12 10:05:23.389233,433.4,433.4,433.6,3663561.0
2018-01-12 10:05:24.583322,433.6,433.4,433.6,3666361.0
2018-01-12 10:05:25.627565,433.6,433.4,433.6,3663261.0
2018-01-12 10:05:27.213691,433.6,433.4,433.6,3666361.0
2018-01-12 10:05:28.651293,433.6,433.4,433.6,3666361.0
2018-01-12 10:05:29.992424,433.6,433.4,433.6,3666361.0
2018-01-12 10:05:31.218314,433.6,433.4,433.6,3667161.0
2018-01-12 10:05:32.727800,433.6,433.4,433.6,3667161.0
2018-01-12 10:05:34.150427,433.4,433.4,433.6,3667661.0
2018-01-12 10:05:35.326486,433.6,433.4,433.6,3667161.0
2018-01-12 10:05:36.447734,433.4,433.4,433.6,3667661.0
2018-01-12 10:05:37.674948,433.4,433.4,433.6,3667661.0
2018-01-12 10:05:39.278322,433.6,433.4,433.6,3667161.0
2018-01-12 10:05:40.512075,433.6,433.4,433.6,3667161.0
2018-01-12 10:05:41.763616,433.4,433.4,433.6,3667661.0
2018-01-12 10:05:43.491807,433.6,433.4,433.6,3669061.0
2018-01-12 10:05:44.681030,433.4,433.4,433.6,3667661.0
2018-01-12 10:05:45.760069,433.6,433.4,433.6,3669061.0
2018-01-12 10:05:46.898968,433.6,433.4,433.6,3669061.0
2018-01-12 10:05:47.951026,433.6,433.4,433.6,3669061.0
2018-01-12 10:05:49.251220,433.6,433.4,433.6,3669061.0
2018-01-12 10:05:50.381752,433.4,433.4,433.6,3667661.0
2018-01-12 10:05:51.690664,433.6,433.4,433.6,3669061.0
2018-01-12 10:05:52.824891,433.6,433.4,433.6,3669061.0
2018-01-12 10:05:54.227108,433.6,433.4,433.6,3669061.0
2018-01-12 10:05:55.336587,433.6,433.4,433.6,3670361.0
2018-01-12 10:05:57.733744,433.6,433.4,433.6,3670361.0
2018-01-12 10:05:58.777672,433.6,433.4,433.6,3670861.0
2018-01-12 10:05:59.852218,433.6,433.4,433.6,3680961.0
2018-01-12 10:06:01.001165,433.6,433.4,433.6,3682861.0
2018-01-12 10:06:02.491260,433.6,433.4,433.6,3682861.0
2018-01-12 10:06:04.038116,433.6,433.4,433.6,3682861.0
2018-01-12 10:06:05.333143,433.6,433.4,433.6,3682861.0
2018-01-12 10:06:06.654562,433.6,433.4,433.6,3682861.0
2018-01-12 10:06:07.770901,433.8,433.6,433.8,3685961.0
2018-01-12 10:06:08.760736,433.6,433.6,433.8,3685861.0
2018-01-12 10:06:09.961295,433.8,433.6,433.8,3687161.0
2018-01-12 10:06:11.139412,433.6,433.6,433.8,3687261.0
2018-01-12 10:06:12.147924,433.8,433.6,433.8,3687161.0
2018-01-12 10:06:13.683124,433.8,433.6,433.8,3687161.0
2018-01-12 10:06:14.814908,433.8,433.6,433.8,3687161.0
2018-01-12 10:06:17.627002,433.8,433.6,433.8,3691561.0
2018-01-12 10:06:18.948493,433.8,433.4,433.8,3691561.0
2018-01-12 10:06:20.631916,433.6,433.4,433.8,3699461.0
2018-01-12 10:06:21.742278,433.6,433.4,433.8,3699461.0
2018-01-12 10:06:22.983630,433.6,433.4,433.8,3699461.0
2018-01-12 10:06:24.126350,433.6,433.4,433.8,3699461.0
2018-01-12 10:06:25.314161,433.6,433.4,433.8,3704161.0
2018-01-12 10:06:26.791588,433.6,433.4,433.8,3699461.0
2018-01-12 10:06:28.339574,433.6,433.4,433.8,3699461.0
2018-01-12 10:06:29.963320,433.6,433.4,433.6,3706761.0
2018-01-12 10:06:31.137080,433.6,433.4,433.6,3706761.0
2018-01-12 10:06:32.730709,433.6,433.4,433.6,3706761.0
2018-01-12 10:06:33.885490,433.6,433.4,433.6,3706761.0
2018-01-12 10:06:35.115314,433.6,433.4,433.6,3707061.0
2018-01-12 10:06:36.259770,433.6,433.4,433.6,3706761.0
2018-01-12 10:06:37.477879,433.6,433.4,433.6,3706761.0
2018-01-12 10:06:38.626775,433.6,433.4,433.6,3706761.0
2018-01-12 10:06:39.663110,433.6,433.4,433.6,3708261.0
2018-01-12 10:06:40.719473,433.6,433.4,433.6,3708261.0
2018-01-12 10:06:41.958198,433.6,433.4,433.6,3708261.0
2018-01-12 10:06:43.150673,433.6,433.4,433.6,3708161.0
2018-01-12 10:06:44.450218,433.6,433.4,433.6,3708161.0
2018-01-12 10:06:45.693122,433.6,433.4,433.6,3721961.0
2018-01-12 10:06:47.372950,433.6,433.4,433.6,3722161.0
2018-01-12 10:06:48.701909,433.6,433.4,433.6,3727161.0
2018-01-12 10:06:50.146685,433.6,433.4,433.8,3734761.0
2018-01-12 10:06:51.416163,433.6,433.4,433.8,3734761.0
2018-01-12 10:06:52.894976,433.6,433.4,433.8,3734761.0
2018-01-12 10:06:54.211936,433.6,433.4,433.6,3747161.0
2018-01-12 10:06:55.274368,433.6,433.4,433.6,3747161.0
2018-01-12 10:06:56.427503,433.6,433.4,433.6,3747161.0
2018-01-12 10:06:57.727038,433.6,433.4,433.6,3747161.0
2018-01-12 10:06:58.924002,433.6,433.4,433.6,3747161.0
2018-01-12 10:07:00.019644,433.6,433.4,433.6,3747161.0
2018-01-12 10:07:01.258522,433.6,433.6,433.8,3758261.0
2018-01-12 10:07:02.424549,433.6,433.6,433.8,3758261.0
2018-01-12 10:07:03.514650,433.6,433.6,433.8,3758261.0
2018-01-12 10:07:04.814530,433.6,433.6,433.8,3758261.0
2018-01-12 10:07:05.888814,433.6,433.6,433.8,3758261.0
2018-01-12 10:07:07.029814,433.6,433.6,433.8,3758261.0
2018-01-12 10:07:08.415081,433.6,433.6,433.8,3758261.0
2018-01-12 10:07:09.477483,433.6,433.6,433.8,3758261.0
2018-01-12 10:07:11.141539,433.6,433.6,433.8,3758261.0
2018-01-12 10:07:12.399062,433.6,433.6,433.8,3758261.0
2018-01-12 10:07:13.444683,433.6,433.6,433.8,3758261.0
2018-01-12 10:07:14.585803,433.6,433.6,433.8,3758261.0
2018-01-12 10:07:15.699077,433.6,433.6,433.8,3758261.0
2018-01-12 10:07:16.759289,433.6,433.6,433.8,3758261.0
2018-01-12 10:07:17.704608,433.6,433.6,433.8,3758261.0
2018-01-12 10:07:18.815853,433.6,433.6,433.8,3758261.0
2018-01-12 10:07:20.149017,433.6,433.6,433.8,3758261.0
2018-01-12 10:07:21.408383,433.6,433.4,433.6,3761761.0
2018-01-12 10:07:22.975601,433.6,433.4,433.6,3761761.0
2018-01-12 10:07:24.048656,433.6,433.4,433.6,3761761.0
2018-01-12 10:07:25.290653,433.6,433.4,433.6,3761761.0
2018-01-12 10:07:26.517799,433.6,433.4,433.6,3761761.0
2018-01-12 10:07:27.585560,433.6,433.4,433.6,3761761.0
2018-01-12 10:07:28.750571,433.6,433.4,433.6,3761761.0
2018-01-12 10:07:29.935513,433.4,433.4,433.6,3765261.0
2018-01-12 10:07:30.990544,433.4,433.4,433.6,3765261.0
2018-01-12 10:07:32.151112,433.4,433.4,433.6,3765261.0
2018-01-12 10:07:33.413239,433.4,433.4,433.6,3765261.0
2018-01-12 10:07:34.612807,433.4,433.4,433.6,3765261.0
2018-01-12 10:07:35.828851,433.4,433.4,433.6,3765261.0
2018-01-12 10:07:36.992686,433.6,433.4,433.6,3764061.0
2018-01-12 10:07:38.186269,433.4,433.4,433.6,3765261.0
2018-01-12 10:07:39.346117,433.4,433.4,433.6,3765261.0
2018-01-12 10:07:41.119214,433.6,433.4,433.6,3767361.0
2018-01-12 10:07:42.304062,433.6,433.4,433.6,3767361.0
2018-01-12 10:07:43.861338,433.6,433.4,433.6,3767361.0
2018-01-12 10:07:44.977040,433.6,433.4,433.6,3767361.0
2018-01-12 10:07:46.215208,433.6,433.4,433.6,3767361.0
2018-01-12 10:07:47.280266,433.6,433.4,433.6,3767361.0
2018-01-12 10:07:48.407803,433.6,433.4,433.6,3767361.0
2018-01-12 10:07:49.481072,433.6,433.4,433.6,3767361.0
2018-01-12 10:07:51.051883,433.6,433.4,433.6,3770761.0
2018-01-12 10:07:52.242714,433.6,433.4,433.6,3767361.0
2018-01-12 10:07:53.820238,433.6,433.4,433.6,3770761.0
2018-01-12 10:07:54.917474,433.6,433.4,433.6,3767361.0
2018-01-12 10:07:56.106762,433.4,433.4,433.6,3774461.0
2018-01-12 10:07:57.834900,433.6,433.4,433.6,3767361.0
2018-01-12 10:07:59.007103,433.6,433.4,433.6,3767361.0
2018-01-12 10:08:00.093139,433.6,433.4,433.6,3767361.0
2018-01-12 10:08:01.055837,433.6,433.4,433.6,3767361.0
2018-01-12 10:08:05.697451,433.6,433.4,433.6,3767361.0
2018-01-12 10:08:06.675700,433.6,433.4,433.6,3779761.0
2018-01-12 10:08:10.974838,433.4,433.4,433.6,3780761.0
2018-01-12 10:08:11.967452,433.4,433.4,433.6,3780761.0
2018-01-12 10:08:12.820506,433.4,433.4,433.6,3780761.0
2018-01-12 10:08:14.575327,433.4,433.4,433.6,3780761.0
2018-01-12 10:08:15.902672,433.4,433.4,433.6,3780761.0
2018-01-12 10:08:17.362138,433.6,433.4,433.6,3783161.0
2018-01-12 10:08:18.335329,433.6,433.4,433.6,3783161.0
2018-01-12 10:08:19.930610,433.6,433.4,433.6,3783161.0
2018-01-12 10:08:21.159720,433.6,433.4,433.6,3783161.0
2018-01-12 10:08:22.238911,433.6,433.4,433.6,3783161.0
2018-01-12 10:08:23.255873,433.6,433.4,433.6,3783161.0
2018-01-12 10:08:25.190878,433.6,433.4,433.6,3783161.0
2018-01-12 10:08:26.206819,433.6,433.4,433.6,3783161.0
2018-01-12 10:08:27.423519,433.4,433.4,433.6,3785161.0
2018-01-12 10:08:28.599577,433.6,433.4,433.6,3787461.0
2018-01-12 10:08:29.796651,433.6,433.4,433.6,3787261.0
2018-01-12 10:08:30.884448,433.6,433.4,433.6,3789761.0
2018-01-12 10:08:31.987507,433.6,433.4,433.6,3787461.0
2018-01-12 10:08:33.017207,433.6,433.4,433.6,3789761.0
2018-01-12 10:08:34.070590,433.6,433.4,433.6,3787461.0
2018-01-12 10:08:35.250225,433.6,433.4,433.6,3787461.0
2018-01-12 10:08:36.451597,433.6,433.4,433.6,3789761.0
2018-01-12 10:08:37.945682,433.6,433.4,433.6,3789761.0
2018-01-12 10:08:39.814656,433.6,433.6,433.8,3791861.0
2018-01-12 10:08:40.924666,433.6,433.6,433.8,3791861.0
2018-01-12 10:08:41.998668,433.6,433.6,433.8,3793061.0
2018-01-12 10:08:43.618425,433.6,433.6,433.8,3793061.0
2018-01-12 10:08:44.704772,433.6,433.6,433.8,3793061.0
2018-01-12 10:08:45.768196,433.6,433.6,433.8,3795761.0
2018-01-12 10:08:46.906707,433.6,433.6,433.8,3795761.0
2018-01-12 10:08:48.089631,433.6,433.6,433.8,3795761.0
2018-01-12 10:08:49.657628,433.6,433.6,433.8,3795761.0
2018-01-12 10:08:50.916271,433.6,433.6,433.8,3795761.0
2018-01-12 10:08:52.237566,433.6,433.6,433.8,3795761.0
2018-01-12 10:08:53.336159,433.8,433.6,433.8,3797761.0
2018-01-12 10:08:54.489666,433.8,433.6,433.8,3797761.0
2018-01-12 10:08:55.729375,433.8,433.6,433.8,3797761.0
2018-01-12 10:08:56.802590,433.8,433.6,433.8,3797761.0
2018-01-12 10:08:57.871652,433.8,433.6,433.8,3797761.0
2018-01-12 10:08:58.983076,433.8,433.6,433.8,3797761.0
2018-01-12 10:09:00.061796,433.8,433.6,433.8,3797761.0
2018-01-12 10:09:01.139466,433.8,433.6,433.8,3797761.0
2018-01-12 10:09:02.209614,433.8,433.6,433.8,3797761.0
2018-01-12 10:09:03.880416,433.8,433.6,433.8,3797761.0
2018-01-12 10:09:05.108078,433.8,433.6,433.8,3797761.0
2018-01-12 10:09:06.455786,433.6,433.6,433.8,3803061.0
2018-01-12 10:09:07.673398,433.6,433.6,433.8,3801661.0
2018-01-12 10:09:08.716873,433.6,433.6,433.8,3803261.0
2018-01-12 10:09:09.743967,433.6,433.6,433.8,3803261.0
2018-01-12 10:09:10.862999,433.6,433.6,433.8,3803261.0
2018-01-12 10:09:12.481208,433.6,433.6,433.8,3803261.0
2018-01-12 10:09:13.662155,433.6,433.6,433.8,3803261.0
2018-01-12 10:09:14.887452,433.6,433.6,433.8,3803261.0
2018-01-12 10:09:16.152233,433.6,433.6,433.8,3803261.0
2018-01-12 10:09:17.273578,433.8,433.6,433.8,3805261.0
2018-01-12 10:09:18.493873,433.8,433.6,433.8,3805261.0
2018-01-12 10:09:19.505466,433.8,433.6,433.8,3805261.0
2018-01-12 10:09:20.536692,433.8,433.6,433.8,3805261.0
2018-01-12 10:09:22.621854,433.8,433.6,433.8,3805261.0
2018-01-12 10:09:24.183035,433.8,433.6,433.8,3805261.0
2018-01-12 10:09:25.560628,433.8,433.6,433.8,3805261.0
2018-01-12 10:09:27.166870,433.8,433.6,433.8,3805261.0
2018-01-12 10:09:28.505400,433.6,433.6,433.8,3806661.0
2018-01-12 10:09:29.896644,433.6,433.6,433.8,3806661.0
2018-01-12 10:09:31.263569,433.6,433.6,433.8,3806661.0
2018-01-12 10:09:32.653325,433.6,433.6,433.8,3806661.0
2018-01-12 10:09:33.915346,433.6,433.6,433.8,3806661.0
2018-01-12 10:09:35.213814,433.8,433.6,433.8,3808561.0
2018-01-12 10:09:36.687498,433.6,433.6,433.8,3812561.0
2018-01-12 10:09:38.251256,433.6,433.4,433.6,3812561.0
2018-01-12 10:09:39.605703,433.6,433.4,433.6,3812561.0
2018-01-12 10:09:40.983968,433.6,433.6,433.8,3812561.0
2018-01-12 10:09:42.487895,433.4,433.4,433.6,3813361.0
2018-01-12 10:09:43.835153,433.4,433.6,433.8,3813361.0
2018-01-12 10:09:45.289214,433.4,433.6,433.8,3813361.0
2018-01-12 10:09:46.676653,433.4,433.4,433.6,3813361.0
2018-01-12 10:09:48.020177,433.6,433.4,433.6,3812561.0
2018-01-12 10:09:49.364258,433.6,433.6,433.8,3812561.0
2018-01-12 10:09:50.811881,433.4,433.4,433.6,3813361.0
2018-01-12 10:09:52.793235,433.4,433.4,433.6,3813361.0
2018-01-12 10:09:54.226371,433.6,433.4,433.6,3820461.0
2018-01-12 10:09:55.718979,433.6,433.4,433.6,3820061.0
2018-01-12 10:09:57.257400,433.6,433.4,433.6,3820461.0
2018-01-12 10:09:58.816364,433.6,433.4,433.6,3820061.0
2018-01-12 10:10:00.302070,433.6,433.6,433.8,3823261.0
2018-01-12 10:10:01.633825,433.6,433.6,433.8,3823661.0
2018-01-12 10:10:02.956921,433.6,433.6,433.8,3823661.0
2018-01-12 10:10:04.370706,433.6,433.6,433.8,3823661.0
2018-01-12 10:10:05.855836,433.6,433.6,433.8,3823661.0
2018-01-12 10:10:07.166071,433.6,433.6,433.8,3823661.0
2018-01-12 10:10:08.629874,433.6,433.6,433.8,3823661.0
2018-01-12 10:10:10.124098,433.6,433.6,433.8,3823661.0
2018-01-12 10:10:15.181682,433.6,433.6,433.8,3824900.0
2018-01-12 10:10:16.618126,433.6,433.6,433.8,3825100.0
2018-01-12 10:10:18.180560,433.6,433.6,433.8,3824900.0
2018-01-12 10:10:19.664011,433.6,433.6,433.8,3825100.0
2018-01-12 10:10:21.014658,433.6,433.6,433.8,3825100.0
2018-01-12 10:10:22.461580,433.6,433.6,433.8,3825100.0
2018-01-12 10:10:23.801086,433.6,433.6,433.8,3825100.0
2018-01-12 10:10:25.934183,433.6,433.6,433.8,3825100.0
2018-01-12 10:10:27.287738,433.8,433.6,433.8,3827400.0
2018-01-12 10:10:28.657262,433.8,433.6,433.8,3827400.0
2018-01-12 10:10:30.154319,433.8,433.6,433.8,3829300.0
2018-01-12 10:10:31.537766,433.8,433.6,433.8,3829300.0
2018-01-12 10:10:32.883918,433.8,433.6,433.8,3829300.0
2018-01-12 10:10:34.428807,433.6,433.6,433.8,3828300.0
2018-01-12 10:10:35.761149,433.6,433.6,433.8,3828300.0
2018-01-12 10:10:37.175235,433.8,433.6,433.8,3829300.0
2018-01-12 10:10:38.467670,433.6,433.6,433.8,3829600.0
2018-01-12 10:10:39.936855,433.8,433.6,433.8,3830900.0
2018-01-12 10:10:41.253525,433.6,433.6,433.8,3832500.0
2018-01-12 10:10:42.694379,433.6,433.6,433.8,3833100.0
2018-01-12 10:10:44.255379,433.6,433.6,433.8,3833100.0
2018-01-12 10:10:45.738168,433.6,433.6,433.8,3833100.0
2018-01-12 10:10:47.035538,433.6,433.6,433.8,3834300.0
2018-01-12 10:10:48.376152,433.6,433.6,433.8,3834300.0
2018-01-12 10:10:49.812734,433.6,433.6,433.8,3846200.0
2018-01-12 10:10:51.322883,433.6,433.6,433.8,3846200.0
2018-01-12 10:10:53.248947,433.6,433.6,433.8,3846400.0
2018-01-12 10:10:54.844248,433.6,433.6,433.8,3846400.0
2018-01-12 10:10:57.360941,433.6,433.4,433.6,3852000.0
2018-01-12 10:10:58.904053,433.6,433.4,433.6,3852400.0
2018-01-12 10:11:00.591953,433.6,433.4,433.6,3852000.0
2018-01-12 10:11:02.089928,433.6,433.4,433.6,3855600.0
2018-01-12 10:11:04.042523,433.6,433.4,433.6,3861700.0
2018-01-12 10:11:05.574661,433.6,433.4,433.6,3861700.0
2018-01-12 10:11:07.056883,433.6,433.4,433.6,3861700.0
2018-01-12 10:11:08.377441,433.6,433.4,433.6,3866400.0
2018-01-12 10:11:09.767737,433.6,433.4,433.6,3866400.0
2018-01-12 10:11:15.736186,433.6,433.4,433.6,3866400.0
2018-01-12 10:11:16.859613,433.6,433.4,433.6,3869700.0
2018-01-12 10:11:18.067409,433.6,433.4,433.6,3869700.0
2018-01-12 10:11:19.205986,433.6,433.4,433.6,3869700.0
2018-01-12 10:11:20.885723,433.6,433.4,433.6,3870600.0
2018-01-12 10:11:22.412876,433.6,433.4,433.6,3870600.0
2018-01-12 10:11:23.515501,433.6,433.4,433.6,3870600.0
2018-01-12 10:11:25.213627,433.6,433.4,433.6,3872600.0
2018-01-12 10:11:26.261523,433.6,433.4,433.6,3872600.0
2018-01-12 10:11:27.482121,433.6,433.4,433.6,3872600.0
2018-01-12 10:11:28.488443,433.6,433.4,433.6,3872600.0
2018-01-12 10:11:29.665257,433.6,433.4,433.6,3872600.0
2018-01-12 10:11:30.944090,433.6,433.4,433.6,3872600.0
2018-01-12 10:11:31.975093,433.6,433.4,433.6,3872600.0
2018-01-12 10:11:33.120807,433.6,433.4,433.6,3873100.0
2018-01-12 10:11:34.725569,433.6,433.4,433.6,3872600.0
2018-01-12 10:11:35.780993,433.4,433.4,433.6,3873700.0
2018-01-12 10:11:36.821234,433.6,433.4,433.6,3877200.0
2018-01-12 10:11:37.935614,433.6,433.4,433.6,3877200.0
2018-01-12 10:11:39.124291,433.6,433.4,433.6,3877200.0
2018-01-12 10:11:40.246846,433.4,433.2,433.4,3884500.0
2018-01-12 10:11:41.430208,433.4,433.2,433.4,3893300.0
2018-01-12 10:11:42.643960,433.4,433.2,433.4,3893400.0
2018-01-12 10:11:43.749977,433.4,433.2,433.4,3893300.0
2018-01-12 10:11:44.874373,433.4,433.2,433.4,3893300.0
2018-01-12 10:11:46.101054,433.4,433.2,433.4,3893300.0
2018-01-12 10:11:47.343469,433.4,433.2,433.4,3893300.0
2018-01-12 10:11:48.506378,433.4,433.2,433.4,3893400.0
2018-01-12 10:11:49.537746,433.2,433.2,433.4,3897300.0
2018-01-12 10:11:50.598863,433.4,433.2,433.4,3897200.0
2018-01-12 10:11:51.643966,433.2,433.2,433.4,3897300.0
2018-01-12 10:11:52.739124,433.4,433.2,433.4,3897200.0
2018-01-12 10:11:54.274294,433.4,433.2,433.4,3897200.0
2018-01-12 10:11:55.393682,433.2,433.2,433.4,3897300.0
2018-01-12 10:11:56.660025,433.2,433.2,433.4,3897300.0
2018-01-12 10:11:57.852521,433.2,433.2,433.4,3897300.0
2018-01-12 10:11:58.972875,433.2,433.0,433.2,3910200.0
2018-01-12 10:12:00.085707,433.2,433.0,433.2,3910200.0
2018-01-12 10:12:01.153337,433.2,433.0,433.2,3910200.0
2018-01-12 10:12:02.344169,433.2,433.0,433.2,3911600.0
2018-01-12 10:12:03.453798,433.2,433.0,433.2,3911600.0
2018-01-12 10:12:04.603963,433.0,433.0,433.4,3919000.0
2018-01-12 10:12:05.786952,433.0,433.0,433.4,3919000.0
2018-01-12 10:12:06.843781,433.0,433.0,433.4,3919000.0
2018-01-12 10:12:07.995762,433.0,433.2,433.4,3922983.0
2018-01-12 10:12:09.273241,433.0,433.0,433.2,3922983.0
2018-01-12 10:12:10.362437,433.0,433.0,433.2,3922983.0
2018-01-12 10:12:11.555586,433.2,433.0,433.2,3923399.0
2018-01-12 10:12:12.636727,433.2,433.0,433.2,3923399.0
2018-01-12 10:12:13.708391,433.2,433.0,433.2,3923399.0
2018-01-12 10:12:14.822314,433.0,433.0,433.4,3924799.0
2018-01-12 10:12:15.840884,433.0,433.0,433.2,3924799.0
2018-01-12 10:12:17.382891,433.0,433.0,433.2,3924799.0
2018-01-12 10:12:18.401668,433.0,433.0,433.4,3924799.0
2018-01-12 10:12:19.514195,433.0,433.0,433.4,3925300.0
2018-01-12 10:12:21.086360,433.0,433.0,433.4,3924799.0
2018-01-12 10:12:22.206663,433.2,433.0,433.2,3925400.0
2018-01-12 10:12:24.451118,433.0,433.0,433.2,3925300.0
2018-01-12 10:12:26.031093,433.0,433.0,433.2,3925300.0
2018-01-12 10:12:27.217707,433.2,433.0,433.2,3925400.0
2018-01-12 10:12:28.649096,433.0,433.0,433.2,3925300.0
2018-01-12 10:12:29.778713,433.0,433.0,433.2,3927000.0
2018-01-12 10:12:30.901269,433.0,433.0,433.2,3927000.0
2018-01-12 10:12:32.045620,433.0,433.0,433.2,3927400.0
2018-01-12 10:12:33.247272,433.0,433.0,433.2,3929600.0
2018-01-12 10:12:34.398550,433.0,433.0,433.2,3929600.0
2018-01-12 10:12:35.428713,433.0,433.0,433.2,3929600.0
2018-01-12 10:12:36.544146,433.2,433.0,433.2,3929400.0
2018-01-12 10:12:37.665292,433.0,433.0,433.2,3929600.0
2018-01-12 10:12:39.029581,433.0,433.0,433.2,3930100.0
2018-01-12 10:12:40.193756,433.0,433.0,433.2,3931700.0
2018-01-12 10:12:41.237263,433.0,433.0,433.2,3933400.0
2018-01-12 10:12:42.332940,433.0,433.0,433.2,3933400.0
2018-01-12 10:12:43.412152,433.0,433.0,433.2,3935400.0
2018-01-12 10:12:44.923303,433.0,433.0,433.2,3935400.0
2018-01-12 10:12:46.676268,433.0,433.0,433.2,3942900.0
2018-01-12 10:12:47.773647,433.0,432.8,433.2,3959400.0
2018-01-12 10:12:48.832497,433.0,432.8,433.2,3959400.0
2018-01-12 10:12:49.927779,433.0,432.8,433.2,3960200.0
2018-01-12 10:12:51.260361,433.0,432.8,433.2,3959400.0
2018-01-12 10:12:52.345471,433.0,432.8,433.2,3960200.0
2018-01-12 10:12:53.846055,433.0,432.8,433.2,3960200.0
2018-01-12 10:12:54.909609,433.0,432.8,433.2,3959400.0
2018-01-12 10:12:56.181330,433.0,432.8,433.2,3959400.0
2018-01-12 10:12:57.268832,433.0,432.8,433.2,3959400.0
2018-01-12 10:12:58.416550,433.0,432.8,433.2,3959400.0
2018-01-12 10:13:00.127984,433.0,432.8,433.2,3959400.0
2018-01-12 10:13:01.954035,432.8,432.8,433.0,3963500.0
2018-01-12 10:13:03.069018,432.8,432.8,433.0,3963500.0
2018-01-12 10:13:04.600594,432.8,432.8,433.0,3963500.0
2018-01-12 10:13:06.243924,432.8,432.8,433.0,3963500.0
2018-01-12 10:13:07.587751,432.8,432.8,433.0,3973700.0
2018-01-12 10:13:08.787952,432.8,432.8,433.0,3973700.0
2018-01-12 10:13:09.837963,432.8,432.8,433.0,3973700.0
2018-01-12 10:13:11.461420,432.8,432.8,433.0,3975200.0
2018-01-12 10:13:12.745888,433.0,432.8,433.0,3974100.0
2018-01-12 10:13:13.826199,432.8,432.6,433.0,3980200.0
2018-01-12 10:13:15.501381,432.8,432.6,433.0,3979100.0
2018-01-12 10:13:16.582952,432.8,432.6,433.0,3979100.0
2018-01-12 10:13:17.675301,432.8,432.6,433.0,3980200.0
2018-01-12 10:13:18.833092,432.8,432.6,433.0,3980200.0
2018-01-12 10:13:20.181004,432.8,432.6,433.0,3980200.0
2018-01-12 10:13:21.428259,432.8,432.6,433.0,3980200.0
2018-01-12 10:13:22.637277,432.8,432.6,433.0,3980200.0
2018-01-12 10:13:23.649200,432.8,432.6,433.0,3980200.0
2018-01-12 10:13:24.772882,432.8,432.6,433.0,3980200.0
2018-01-12 10:13:26.504931,432.6,432.2,432.4,3989200.0
2018-01-12 10:13:27.590427,432.4,432.2,432.4,3995600.0
2018-01-12 10:13:28.605566,432.4,432.2,432.4,4011400.0
2018-01-12 10:13:30.085463,432.4,432.2,432.4,4011400.0
2018-01-12 10:13:31.647129,432.4,432.2,432.4,4008700.0
2018-01-12 10:13:32.754725,432.4,432.4,432.6,4008700.0
2018-01-12 10:13:33.822449,432.6,432.4,432.6,4014100.0
2018-01-12 10:13:35.076578,432.6,432.4,432.6,4014100.0
2018-01-12 10:13:36.202871,432.6,432.4,432.6,4014100.0
2018-01-12 10:13:37.751743,432.4,432.4,432.6,4021600.0
2018-01-12 10:13:39.246798,432.4,432.4,432.6,4021600.0
2018-01-12 10:13:40.311545,432.4,432.4,432.6,4021600.0
2018-01-12 10:13:41.514918,432.4,432.4,432.6,4021600.0
2018-01-12 10:13:42.717496,432.2,432.0,432.2,4062507.0
2018-01-12 10:13:43.922832,432.2,432.0,432.4,4062507.0
2018-01-12 10:13:44.968978,432.2,432.0,432.2,4062507.0
2018-01-12 10:13:46.156173,432.2,432.0,432.4,4062507.0
2018-01-12 10:13:47.402289,432.0,432.0,432.4,4071007.0
2018-01-12 10:13:48.851497,432.0,432.0,432.4,4071007.0
2018-01-12 10:13:49.955194,432.0,432.0,432.2,4080007.0
2018-01-12 10:13:51.286324,432.4,432.0,432.2,4083007.0
2018-01-12 10:13:52.373349,432.4,432.2,432.4,4083007.0
2018-01-12 10:13:53.469361,432.4,432.2,432.4,4086607.0
2018-01-12 10:13:54.815211,432.4,432.2,432.4,4086207.0
2018-01-12 10:13:55.966725,432.4,432.2,432.4,4086607.0
2018-01-12 10:13:57.016156,432.4,432.2,432.4,4086207.0
2018-01-12 10:13:58.137344,432.4,432.2,432.4,4086207.0
2018-01-12 10:13:59.708154,432.4,432.2,432.4,4086207.0
2018-01-12 10:14:01.057804,432.4,432.2,432.4,4086607.0
2018-01-12 10:14:02.230659,432.2,432.2,432.4,4090607.0
2018-01-12 10:14:03.320292,432.4,432.2,432.4,4090807.0
2018-01-12 10:14:04.795280,432.2,432.2,432.4,4090607.0
2018-01-12 10:14:06.184566,432.0,431.8,432.0,4127107.0
2018-01-12 10:14:07.503494,432.0,431.8,432.0,4128107.0
2018-01-12 10:14:08.587326,432.0,431.8,432.0,4127107.0
2018-01-12 10:14:09.481040,432.0,431.8,432.0,4127107.0
2018-01-12 10:14:11.365050,432.0,431.8,432.0,4127107.0
2018-01-12 10:14:12.438777,432.0,431.8,432.0,4137307.0
2018-01-12 10:14:14.126588,432.0,431.8,432.0,4137307.0
2018-01-12 10:14:15.904641,431.8,431.8,432.0,4180509.0
2018-01-12 10:14:16.926366,431.8,431.8,432.0,4194829.0
2018-01-12 10:14:18.429921,431.8,431.8,432.0,4194829.0
2018-01-12 10:14:19.527074,431.8,431.8,432.0,4194829.0
2018-01-12 10:14:20.811888,431.8,431.8,432.0,4194829.0
2018-01-12 10:14:22.048215,432.0,431.8,432.0,4206114.0
2018-01-12 10:14:23.641442,431.8,431.8,432.0,4194829.0
2018-01-12 10:14:24.745242,432.0,431.8,432.0,4226514.0
2018-01-12 10:14:25.909053,432.0,431.8,432.0,4225214.0
2018-01-12 10:14:27.478734,432.0,432.0,432.2,4229014.0
2018-01-12 10:14:29.179175,432.0,432.0,432.2,4229014.0
2018-01-12 10:14:30.232920,432.0,432.0,432.2,4232314.0
2018-01-12 10:14:31.401606,432.0,432.0,432.2,4232514.0
2018-01-12 10:14:33.477912,432.0,432.0,432.2,4232314.0
2018-01-12 10:14:34.631448,432.0,432.0,432.2,4232314.0
2018-01-12 10:14:36.237695,432.0,432.0,432.2,4232314.0
2018-01-12 10:14:37.295296,432.2,432.0,432.2,4235614.0
2018-01-12 10:14:38.196338,432.2,432.0,432.2,4235614.0
2018-01-12 10:14:39.349479,432.2,432.0,432.2,4235614.0
2018-01-12 10:14:40.551671,432.2,432.0,432.2,4235614.0
2018-01-12 10:14:41.621851,432.2,432.0,432.2,4235614.0
2018-01-12 10:14:43.443320,432.2,432.0,432.2,4235614.0
2018-01-12 10:14:44.574478,432.2,432.0,432.2,4235614.0
2018-01-12 10:14:45.571014,432.2,432.0,432.2,4235614.0
2018-01-12 10:14:46.838497,432.4,432.0,432.2,4251224.0
2018-01-12 10:14:48.513940,432.4,432.2,432.4,4252024.0
2018-01-12 10:14:49.607320,432.4,432.2,432.6,4252024.0
2018-01-12 10:14:51.289748,432.4,432.2,432.4,4252024.0
2018-01-12 10:14:52.426799,432.4,432.2,432.6,4252024.0
2018-01-12 10:14:54.263176,432.2,432.4,432.6,4255724.0
2018-01-12 10:14:55.651016,432.2,432.2,432.6,4255724.0
2018-01-12 10:14:56.963148,432.4,432.4,432.6,4255824.0
2018-01-12 10:14:58.106798,432.4,432.4,432.6,4255824.0
2018-01-12 10:14:59.112829,432.4,432.4,432.6,4255824.0
2018-01-12 10:15:03.253656,432.4,432.4,432.6,4255824.0
2018-01-12 10:15:04.291913,432.6,432.4,432.6,4259124.0
2018-01-12 10:15:07.466913,432.4,432.4,432.6,4258924.0
2018-01-12 10:15:08.489409,432.6,432.4,432.6,4265124.0
2018-01-12 10:15:09.582395,432.6,432.4,432.8,4261324.0
2018-01-12 10:15:10.746910,432.6,432.4,432.8,4265124.0
2018-01-12 10:15:14.844743,432.4,432.4,432.8,4266324.0
2018-01-12 10:15:16.511724,432.4,432.4,432.8,4266324.0
2018-01-12 10:15:17.559785,432.4,432.4,432.8,4266324.0
2018-01-12 10:15:18.825377,432.4,432.4,432.8,4266624.0
2018-01-12 10:15:19.797900,432.4,432.4,432.8,4266624.0
2018-01-12 10:15:21.298500,432.4,432.4,432.8,4266624.0
2018-01-12 10:15:22.505380,432.6,432.4,432.6,4269724.0
2018-01-12 10:15:23.558627,432.6,432.4,432.6,4269724.0
2018-01-12 10:15:24.847993,432.6,432.4,432.6,4269724.0
2018-01-12 10:15:25.845531,432.8,432.8,433.0,4275324.0
2018-01-12 10:15:27.158322,432.8,432.8,433.0,4275624.0
2018-01-12 10:15:28.775845,432.8,432.8,433.0,4275624.0
2018-01-12 10:15:29.876503,433.0,432.8,433.0,4277724.0
2018-01-12 10:15:31.042582,433.0,432.8,433.0,4277724.0
2018-01-12 10:15:32.102523,433.0,432.8,433.0,4277724.0
2018-01-12 10:15:33.220084,433.0,432.8,433.0,4277724.0
2018-01-12 10:15:34.360626,433.0,432.8,433.0,4277724.0
2018-01-12 10:15:35.449810,433.0,432.8,433.0,4277724.0
2018-01-12 10:15:37.406526,433.0,432.8,433.0,4277724.0
2018-01-12 10:15:38.368047,433.0,432.8,433.0,4280124.0
2018-01-12 10:15:40.023130,433.0,432.8,433.0,4280124.0
2018-01-12 10:15:41.654118,433.0,432.8,433.0,4284524.0
2018-01-12 10:15:43.031960,433.0,432.8,433.0,4284524.0
2018-01-12 10:15:43.895840,433.0,432.8,433.0,4284524.0
2018-01-12 10:15:44.986650,433.0,432.8,433.0,4284524.0
2018-01-12 10:15:46.056205,432.8,432.8,433.0,4293424.0
2018-01-12 10:15:46.966088,432.8,432.8,433.0,4293424.0
2018-01-12 10:15:47.894772,432.8,432.8,433.0,4293424.0
2018-01-12 10:15:48.819506,432.8,432.8,433.0,4293424.0
2018-01-12 10:15:49.743324,432.8,432.8,433.0,4293424.0
2018-01-12 10:15:50.505618,432.8,432.8,433.0,4293424.0
2018-01-12 10:15:51.677041,432.8,432.8,433.0,4295724.0
2018-01-12 10:15:53.009145,432.8,432.8,433.0,4295724.0
2018-01-12 10:15:53.799676,432.8,432.8,433.0,4295724.0
2018-01-12 10:15:54.526465,432.8,432.8,433.0,4295724.0
2018-01-12 10:15:55.309352,432.8,432.8,433.0,4295724.0
2018-01-12 10:15:56.217658,432.8,432.8,433.0,4299724.0
2018-01-12 10:15:57.122501,432.8,432.8,433.0,4299724.0
2018-01-12 10:15:58.051435,432.8,432.8,433.0,4299724.0
2018-01-12 10:15:58.874897,432.8,432.8,433.0,4299724.0
2018-01-12 10:16:00.353970,432.8,432.8,433.0,4299724.0
2018-01-12 10:16:01.513906,432.8,432.8,433.0,4299724.0
2018-01-12 10:16:02.579739,433.0,432.8,433.0,4303524.0
2018-01-12 10:16:03.631545,433.0,432.8,433.0,4306324.0
2018-01-12 10:16:04.755360,433.0,432.8,433.0,4308524.0
2018-01-12 10:16:05.971246,433.0,432.8,433.0,4308524.0
2018-01-12 10:16:07.156924,433.0,432.8,433.0,4308524.0
2018-01-12 10:16:08.191285,432.8,432.8,433.0,4308924.0
2018-01-12 10:16:09.352306,433.0,432.8,433.0,4308524.0
2018-01-12 10:16:10.411028,432.8,432.8,433.0,4308924.0
2018-01-12 10:16:11.509660,433.0,432.8,433.0,4309924.0
2018-01-12 10:16:12.916652,433.0,432.8,433.0,4309924.0
2018-01-12 10:16:14.207649,433.0,432.8,433.0,4309924.0
2018-01-12 10:16:15.673867,433.0,432.8,433.0,4309924.0
2018-01-12 10:16:16.762907,432.8,432.8,433.0,4310024.0
2018-01-12 10:16:18.081889,432.8,432.8,433.0,4310424.0
2018-01-12 10:16:19.667085,432.8,432.8,433.0,4311624.0
2018-01-12 10:16:20.765416,432.8,432.8,433.0,4310424.0
2018-01-12 10:16:21.953241,432.8,432.8,433.0,4311624.0
2018-01-12 10:16:23.680245,432.8,432.8,433.0,4318624.0
2018-01-12 10:16:24.750511,432.8,432.8,433.0,4318624.0
2018-01-12 10:16:25.969132,432.8,432.8,433.0,4320424.0
2018-01-12 10:16:27.149746,432.8,432.8,433.0,4320424.0
2018-01-12 10:16:28.206948,432.8,432.8,433.0,4320424.0
2018-01-12 10:16:29.439793,432.8,432.8,433.0,4320424.0
2018-01-12 10:16:31.172534,432.8,432.8,433.0,4320424.0
2018-01-12 10:16:32.571677,432.8,432.8,433.0,4320424.0
2018-01-12 10:16:34.227120,432.8,432.8,433.0,4320424.0
2018-01-12 10:16:35.641864,432.8,432.8,433.0,4320424.0
2018-01-12 10:16:37.097957,432.8,432.8,433.0,4320424.0
2018-01-12 10:16:38.258187,432.8,432.8,433.0,4320424.0
2018-01-12 10:16:39.544836,432.8,432.8,433.0,4320424.0
2018-01-12 10:16:40.823691,432.8,432.8,433.0,4320424.0
2018-01-12 10:16:42.028666,433.0,432.8,433.0,4332924.0
2018-01-12 10:16:43.241168,433.0,432.8,433.0,4337224.0
2018-01-12 10:16:44.168671,433.0,432.8,433.0,4338224.0
2018-01-12 10:16:45.117302,433.0,433.0,433.2,4338224.0
2018-01-12 10:16:46.389484,433.0,433.0,433.2,4338224.0
2018-01-12 10:16:47.573760,433.0,433.0,433.2,4338224.0
2018-01-12 10:16:49.092410,433.0,433.0,433.2,4338224.0
2018-01-12 10:16:50.687732,433.0,433.0,433.2,4338224.0
2018-01-12 10:16:52.235586,433.0,433.0,433.2,4338224.0
2018-01-12 10:16:53.770272,433.0,433.0,433.2,4339024.0
2018-01-12 10:16:55.431042,433.0,433.0,433.2,4338224.0
2018-01-12 10:16:56.710395,433.0,433.0,433.2,4339224.0
2018-01-12 10:16:57.777134,433.0,433.0,433.2,4339224.0
2018-01-12 10:16:58.694061,433.0,433.0,433.2,4339224.0
2018-01-12 10:17:00.337498,433.0,433.0,433.2,4339224.0
2018-01-12 10:17:02.906469,433.2,433.0,433.2,4351098.0
2018-01-12 10:17:04.007599,433.2,433.0,433.2,4347298.0
2018-01-12 10:17:05.174523,433.2,433.0,433.2,4353198.0
2018-01-12 10:17:06.752878,433.2,433.2,433.4,4352198.0
2018-01-12 10:17:07.823879,433.2,433.2,433.4,4353198.0
2018-01-12 10:17:08.816711,433.2,433.2,433.4,4353198.0
2018-01-12 10:17:11.289089,433.2,433.2,433.4,4353198.0
2018-01-12 10:17:13.379608,433.0,433.2,433.4,4353998.0
2018-01-12 10:17:15.067491,433.0,433.2,433.4,4359098.0
2018-01-12 10:17:16.407838,433.0,433.0,433.2,4360998.0
2018-01-12 10:17:17.605298,433.0,433.0,433.2,4359098.0
2018-01-12 10:17:18.770464,433.0,433.0,433.2,4361398.0
2018-01-12 10:17:20.123517,433.0,433.0,433.2,4360998.0
2018-01-12 10:17:21.099268,433.0,433.0,433.2,4360998.0
2018-01-12 10:17:22.561832,433.2,433.0,433.2,4365998.0
2018-01-12 10:17:23.792060,433.2,433.0,433.2,4365998.0
2018-01-12 10:17:25.399875,433.0,432.8,433.0,4372198.0
2018-01-12 10:17:26.410525,432.8,432.8,433.0,4372398.0
2018-01-12 10:17:27.510383,432.8,432.8,433.0,4372398.0
2018-01-12 10:17:28.735590,433.0,432.8,433.0,4373098.0
2018-01-12 10:17:30.310104,432.8,432.8,433.0,4372398.0
2018-01-12 10:17:31.841499,432.8,432.8,433.0,4372398.0
2018-01-12 10:17:33.208837,432.8,432.8,433.0,4372398.0
2018-01-12 10:17:34.607222,432.8,432.8,433.0,4372398.0
2018-01-12 10:17:35.780274,433.0,432.8,433.0,4373098.0
2018-01-12 10:17:37.373360,433.0,432.8,433.0,4373398.0
2018-01-12 10:17:38.327244,433.0,432.8,433.0,4385098.0
2018-01-12 10:17:39.955064,433.2,432.8,433.0,4391198.0
2018-01-12 10:17:41.254939,433.2,433.0,433.2,4398798.0
2018-01-12 10:17:42.465241,433.2,433.0,433.2,4398798.0
2018-01-12 10:17:43.597019,433.4,433.0,433.2,4399698.0
2018-01-12 10:17:44.721555,433.0,433.0,433.4,4400198.0
2018-01-12 10:17:45.828773,433.2,433.0,433.4,4400598.0
2018-01-12 10:17:47.068077,433.0,433.0,433.4,4400198.0
2018-01-12 10:17:48.236058,433.0,433.0,433.4,4400198.0
2018-01-12 10:17:49.155061,433.0,433.0,433.4,4400198.0
2018-01-12 10:17:50.489956,433.0,433.0,433.4,4400198.0
2018-01-12 10:17:51.700211,433.0,433.0,433.4,4400198.0
2018-01-12 10:17:53.058262,433.0,432.8,433.0,4409998.0
2018-01-12 10:17:54.236868,433.0,432.8,433.0,4409998.0
2018-01-12 10:17:55.556692,433.0,432.8,433.0,4409998.0
2018-01-12 10:17:56.474360,433.0,432.8,433.0,4409998.0
2018-01-12 10:17:58.446896,433.0,432.8,433.0,4409998.0
2018-01-12 10:17:59.714373,433.0,432.8,433.0,4409998.0
2018-01-12 10:18:01.352798,433.0,432.8,433.0,4409998.0
2018-01-12 10:18:03.000839,433.0,432.8,433.0,4413798.0
2018-01-12 10:18:04.280587,433.0,432.8,433.0,4413798.0
2018-01-12 10:18:06.067523,433.0,432.8,433.0,4413798.0
2018-01-12 10:18:07.113380,433.0,433.0,433.2,4423698.0
2018-01-12 10:18:08.164106,433.0,432.8,433.0,4423698.0
2018-01-12 10:18:11.121538,432.8,432.8,433.2,4424198.0
2018-01-12 10:18:12.109912,432.8,432.8,433.2,4424198.0
2018-01-12 10:18:13.297671,432.8,432.8,433.2,4424198.0
