time,price,bid,ask,volume
2018-01-11 13:03:31.746753,431.0,430.8,431.0,15965480.0
2018-01-11 13:03:33.040350,431.0,430.8,431.0,15965480.0
2018-01-11 13:03:34.363074,431.0,430.8,431.0,15965480.0
2018-01-11 13:03:35.902804,431.0,430.8,431.0,15965480.0
2018-01-11 13:03:37.269870,431.0,430.8,431.0,15965480.0
2018-01-11 13:03:38.457348,431.0,430.8,431.0,15965480.0
2018-01-11 13:03:40.123961,431.0,430.8,431.0,15965480.0
2018-01-11 13:03:41.460421,431.0,430.8,431.0,15965480.0
2018-01-11 13:03:42.926738,431.0,430.8,431.0,16017280.0
2018-01-11 13:03:44.267586,431.0,430.8,431.0,16017280.0
2018-01-11 13:03:45.656294,431.0,430.8,431.0,16017280.0
2018-01-11 13:03:47.697057,431.0,430.8,431.0,16017280.0
2018-01-11 13:03:49.024687,431.0,430.8,431.0,16017280.0
2018-01-11 13:03:50.483130,431.0,430.8,431.0,16017280.0
2018-01-11 13:03:51.895632,430.8,430.6,430.8,16028380.0
2018-01-11 13:03:53.067596,430.8,430.6,430.8,16028380.0
2018-01-11 13:03:54.333882,430.8,430.6,430.8,16028380.0
2018-01-11 13:03:55.901834,430.8,430.6,430.8,16028380.0
2018-01-11 13:03:58.147051,430.8,430.6,430.8,16028380.0
2018-01-11 13:03:59.576048,430.8,430.6,430.8,16028380.0
2018-01-11 13:04:01.003016,430.8,430.6,430.8,16028380.0
2018-01-11 13:04:02.264441,430.8,430.6,430.8,16028380.0
2018-01-11 13:04:03.545790,430.8,430.6,430.8,16028380.0
2018-01-11 13:04:05.698278,430.8,430.6,430.8,16046864.0
2018-01-11 13:04:07.167860,430.8,430.6,430.8,16046864.0
2018-01-11 13:04:08.677374,430.8,430.6,430.8,16046864.0
2018-01-11 13:04:09.919857,430.8,430.6,430.8,16046864.0
2018-01-11 13:04:11.100542,430.8,430.6,430.8,16046864.0
2018-01-11 13:04:12.421242,430.8,430.6,430.8,16046864.0
2018-01-11 13:04:14.968615,430.6,430.6,430.8,16048764.0
2018-01-11 13:04:16.705581,430.6,430.6,430.8,16048764.0
2018-01-11 13:04:17.999554,430.6,430.6,430.8,16048764.0
2018-01-11 13:04:19.504597,430.6,430.6,430.8,16048764.0
2018-01-11 13:04:20.989010,430.6,430.6,430.8,16048764.0
2018-01-11 13:04:22.286010,430.6,430.6,430.8,16048764.0
2018-01-11 13:04:23.514643,430.6,430.6,430.8,16048764.0
2018-01-11 13:04:24.929935,430.6,430.6,430.8,16048764.0
2018-01-11 13:04:26.251140,430.6,430.6,430.8,16048764.0
2018-01-11 13:04:27.631078,430.6,430.6,430.8,16060864.0
2018-01-11 13:04:28.956604,430.6,430.6,430.8,16060864.0
2018-01-11 13:04:30.318063,430.6,430.6,430.8,16060864.0
2018-01-11 13:04:31.874133,430.6,430.6,430.8,16060864.0
2018-01-11 13:04:33.669751,430.6,430.6,430.8,16060864.0
2018-01-11 13:04:34.850095,430.6,430.6,430.8,16060864.0
2018-01-11 13:04:36.403785,430.6,430.6,430.8,16060864.0
2018-01-11 13:04:37.710752,430.6,430.6,430.8,16060864.0
2018-01-11 13:04:38.896005,430.6,430.6,430.8,16060864.0
2018-01-11 13:04:40.384261,430.6,430.6,430.8,16060864.0
2018-01-11 13:04:41.573089,430.6,430.6,430.8,16060864.0
2018-01-11 13:04:43.788440,430.6,430.6,430.8,16065564.0
2018-01-11 13:04:45.277436,430.6,430.6,430.8,16065564.0
2018-01-11 13:04:46.497206,430.8,430.6,430.8,16068564.0
2018-01-11 13:04:47.730841,430.8,430.6,430.8,16068564.0
2018-01-11 13:04:49.601739,430.8,430.6,430.8,16068564.0
2018-01-11 13:04:52.366513,430.8,430.6,430.8,16072664.0
2018-01-11 13:04:53.534461,430.8,430.6,430.8,16072664.0
2018-01-11 13:04:55.041794,430.8,430.6,430.8,16072664.0
2018-01-11 13:04:57.354930,430.8,430.6,430.8,16072664.0
2018-01-11 13:04:58.766668,430.8,430.6,430.8,16072664.0
2018-01-11 13:05:00.230104,430.6,430.6,430.8,16076964.0
2018-01-11 13:05:01.714553,430.6,430.6,430.8,16076964.0
2018-01-11 13:05:03.593713,430.6,430.6,430.8,16076964.0
2018-01-11 13:05:05.235677,430.6,430.6,430.8,16076964.0
2018-01-11 13:05:11.464031,430.6,430.6,430.8,16076964.0
2018-01-11 13:05:12.907745,430.6,430.6,430.8,16080364.0
2018-01-11 13:05:14.085461,430.6,430.6,430.8,16080364.0
2018-01-11 13:05:15.303801,430.6,430.6,430.8,16080364.0
2018-01-11 13:05:16.716747,430.6,430.6,430.8,16080364.0
2018-01-11 13:05:18.348947,430.6,430.6,430.8,16080464.0
2018-01-11 13:05:20.160776,430.6,430.6,430.8,16080464.0
2018-01-11 13:05:21.540645,430.6,430.6,430.8,16092764.0
2018-01-11 13:05:22.986637,430.6,430.6,430.8,16096164.0
2018-01-11 13:05:24.283798,430.6,430.6,430.8,16095664.0
2018-01-11 13:05:25.513569,430.6,430.6,430.8,16096164.0
2018-01-11 13:05:26.709926,430.6,430.6,430.8,16096164.0
2018-01-11 13:05:27.996086,430.6,430.6,430.8,16095664.0
2018-01-11 13:05:29.826052,430.6,430.6,430.8,16096164.0
2018-01-11 13:05:31.308122,430.6,430.6,430.8,16095664.0
2018-01-11 13:05:32.586430,430.6,430.6,430.8,16096164.0
2018-01-11 13:05:34.065233,430.6,430.6,430.8,16096164.0
2018-01-11 13:05:35.883490,430.6,430.6,430.8,16096164.0
2018-01-11 13:05:37.141210,430.6,430.6,430.8,16096164.0
2018-01-11 13:05:39.774602,430.6,430.6,430.8,16096164.0
2018-01-11 13:05:41.290420,430.6,430.4,430.6,16096164.0
2018-01-11 13:05:42.855757,430.6,430.4,430.6,16106564.0
2018-01-11 13:05:44.090412,430.6,430.4,430.6,16106564.0
2018-01-11 13:05:45.464368,430.6,430.4,430.6,16106564.0
2018-01-11 13:05:46.793972,430.6,430.4,430.6,16106564.0
2018-01-11 13:05:47.972279,430.4,430.4,430.6,16106064.0
2018-01-11 13:05:49.747358,430.6,430.4,430.6,16106564.0
2018-01-11 13:05:50.984367,430.4,430.4,430.6,16106064.0
2018-01-11 13:05:52.258998,430.4,430.4,430.6,16106064.0
2018-01-11 13:05:53.649633,430.6,430.4,430.6,16106564.0
2018-01-11 13:05:55.038469,430.4,430.4,430.6,16109264.0
2018-01-11 13:05:56.678796,430.6,430.4,430.6,16110264.0
2018-01-11 13:05:58.216595,430.6,430.4,430.6,16110264.0
2018-01-11 13:05:59.542280,430.6,430.4,430.6,16110264.0
2018-01-11 13:06:02.835417,430.6,430.4,430.6,16110264.0
2018-01-11 13:06:07.486163,430.6,430.4,430.6,16116364.0
2018-01-11 13:06:08.771805,430.6,430.4,430.6,16116364.0
2018-01-11 13:06:09.972642,430.6,430.4,430.6,16116364.0
2018-01-11 13:06:11.805008,430.4,430.4,430.6,16118364.0
2018-01-11 13:06:13.470333,430.4,430.2,430.6,16132964.0
2018-01-11 13:06:14.733800,430.4,430.2,430.6,16132964.0
2018-01-11 13:06:16.242313,430.4,430.2,430.6,16131964.0
2018-01-11 13:06:17.376233,430.4,430.2,430.6,16132964.0
2018-01-11 13:06:18.647710,430.4,430.2,430.6,16132964.0
2018-01-11 13:06:20.144087,430.4,430.2,430.6,16131964.0
2018-01-11 13:06:21.439186,430.4,430.2,430.6,16132964.0
2018-01-11 13:06:22.937388,430.4,430.2,430.6,16132964.0
2018-01-11 13:06:24.177272,430.4,430.2,430.6,16132964.0
2018-01-11 13:06:26.355628,430.4,430.2,430.6,16131964.0
2018-01-11 13:06:27.593767,430.4,430.2,430.6,16132964.0
2018-01-11 13:06:29.072383,430.4,430.2,430.6,16131964.0
2018-01-11 13:06:30.306186,430.4,430.2,430.6,16131964.0
2018-01-11 13:06:32.508879,430.4,430.2,430.6,16132964.0
2018-01-11 13:06:33.673151,430.4,430.2,430.6,16131964.0
2018-01-11 13:06:34.965100,430.4,430.2,430.6,16132964.0
2018-01-11 13:06:36.398388,430.4,430.2,430.6,16132964.0
2018-01-11 13:06:38.648834,430.4,430.2,430.6,16132964.0
2018-01-11 13:06:40.008049,430.4,430.2,430.6,16132964.0
2018-01-11 13:06:41.449878,430.4,430.2,430.4,16135364.0
2018-01-11 13:06:42.671152,430.2,430.2,430.4,16151564.0
2018-01-11 13:06:44.312838,430.2,430.2,430.4,16150564.0
2018-01-11 13:06:45.630694,430.2,430.2,430.4,16172064.0
2018-01-11 13:06:47.181458,430.2,430.2,430.4,16172064.0
2018-01-11 13:06:48.508920,430.2,430.2,430.4,16172064.0
2018-01-11 13:06:49.952119,430.2,430.2,430.4,16172064.0
2018-01-11 13:06:51.582992,430.2,430.2,430.4,16172064.0
2018-01-11 13:06:52.982276,430.2,430.2,430.4,16172064.0
2018-01-11 13:06:54.247108,430.2,430.2,430.4,16172064.0
2018-01-11 13:06:55.606791,430.0,430.2,430.4,16178264.0
2018-01-11 13:06:56.907452,430.0,430.0,430.2,16178264.0
2018-01-11 13:06:58.658739,430.0,430.0,430.2,16178264.0
2018-01-11 13:07:00.465732,430.0,430.2,430.4,16178264.0
2018-01-11 13:07:05.652677,430.2,430.0,430.2,16177764.0
2018-01-11 13:07:08.406880,430.0,430.0,430.2,16183370.0
2018-01-11 13:07:10.189918,430.0,430.0,430.2,16183370.0
2018-01-11 13:07:11.398153,430.0,430.0,430.2,16183370.0
2018-01-11 13:07:13.417349,430.0,430.0,430.2,16183370.0
2018-01-11 13:07:14.858949,430.0,430.0,430.2,16183370.0
2018-01-11 13:07:16.184770,430.0,430.0,430.2,16183370.0
2018-01-11 13:07:17.942827,430.0,430.0,430.2,16183370.0
2018-01-11 13:07:20.371234,430.2,430.0,430.2,16184930.0
2018-01-11 13:07:21.661697,430.2,430.0,430.2,16185030.0
2018-01-11 13:07:23.762903,430.2,430.0,430.2,16185030.0
2018-01-11 13:07:24.922994,430.2,430.0,430.2,16188630.0
2018-01-11 13:07:26.638042,430.2,430.0,430.2,16185030.0
2018-01-11 13:07:28.054775,430.2,430.0,430.2,16185030.0
2018-01-11 13:07:29.583174,430.2,430.0,430.2,16188730.0
2018-01-11 13:07:30.887851,430.2,430.0,430.2,16188730.0
2018-01-11 13:07:32.017579,430.2,430.0,430.2,16188730.0
2018-01-11 13:07:33.435454,430.2,430.0,430.2,16216630.0
2018-01-11 13:07:35.125615,430.2,430.0,430.4,16223130.0
2018-01-11 13:07:37.767967,430.2,430.0,430.4,16223130.0
2018-01-11 13:07:38.980398,430.2,430.0,430.4,16223130.0
2018-01-11 13:07:40.745575,430.2,430.0,430.4,16223130.0
2018-01-11 13:07:42.857921,430.2,430.0,430.4,16223130.0
2018-01-11 13:07:44.253663,430.4,430.2,430.4,16229430.0
2018-01-11 13:07:45.586692,430.4,430.2,430.4,16229430.0
2018-01-11 13:07:47.085546,430.4,430.2,430.4,16229430.0
2018-01-11 13:07:48.723408,430.0,430.2,430.4,16306630.0
2018-01-11 13:07:50.271536,430.0,430.0,430.4,16306630.0
2018-01-11 13:07:51.730934,430.0,430.0,430.4,16306630.0
2018-01-11 13:07:53.998215,430.0,430.0,430.4,16306630.0
2018-01-11 13:07:55.351674,430.0,430.0,430.2,16325530.0
2018-01-11 13:07:56.759065,430.0,430.0,430.2,16325530.0
2018-01-11 13:07:58.312506,430.0,430.0,430.2,16325530.0
2018-01-11 13:07:59.699215,430.2,430.0,430.2,16337330.0
2018-01-11 13:08:01.020233,430.0,430.0,430.2,16325530.0
2018-01-11 13:08:02.230757,430.2,430.0,430.2,16337330.0
2018-01-11 13:08:03.650682,430.2,430.0,430.2,16337330.0
2018-01-11 13:08:05.022294,430.2,430.0,430.2,16337330.0
2018-01-11 13:08:06.400733,430.2,430.0,430.2,16337330.0
2018-01-11 13:08:12.703924,430.2,430.0,430.2,16337330.0
2018-01-11 13:08:13.974974,430.2,430.0,430.2,16340030.0
2018-01-11 13:08:15.356001,430.2,430.0,430.2,16340030.0
2018-01-11 13:08:16.610496,430.2,430.0,430.2,16340030.0
2018-01-11 13:08:18.222294,430.2,430.0,430.2,16340030.0
2018-01-11 13:08:19.432080,430.2,430.0,430.2,16340030.0
2018-01-11 13:08:20.767352,430.2,430.0,430.2,16340030.0
2018-01-11 13:08:22.122525,430.2,430.0,430.2,16340030.0
2018-01-11 13:08:23.339992,430.2,430.0,430.2,16340030.0
2018-01-11 13:08:24.765445,430.2,430.0,430.2,16340030.0
2018-01-11 13:08:26.109812,430.0,430.0,430.2,16493128.0
2018-01-11 13:08:27.913195,430.0,430.0,430.2,16529228.0
2018-01-11 13:08:29.204377,430.2,430.0,430.2,16616828.0
2018-01-11 13:08:30.734570,430.0,429.8,430.2,16652928.0
2018-01-11 13:08:31.939976,430.0,429.8,430.2,16652928.0
2018-01-11 13:08:33.174251,430.0,429.8,430.2,16652928.0
2018-01-11 13:08:34.372631,430.0,429.8,430.2,16652928.0
2018-01-11 13:08:35.867778,430.0,429.8,430.2,16653228.0
2018-01-11 13:08:37.200305,430.0,429.8,430.2,16653228.0
2018-01-11 13:08:38.701720,430.0,429.8,430.0,16653228.0
2018-01-11 13:08:40.270877,429.8,429.8,430.0,16670929.0
2018-01-11 13:08:42.466231,429.8,429.8,430.0,16670929.0
2018-01-11 13:08:43.956867,429.8,429.8,430.0,16670929.0
2018-01-11 13:08:45.493488,429.8,429.8,430.0,16670929.0
2018-01-11 13:08:46.789041,429.8,429.8,430.0,16702629.0
2018-01-11 13:08:48.219412,429.8,429.8,430.0,16695729.0
2018-01-11 13:08:49.990085,429.8,429.8,430.0,16702629.0
2018-01-11 13:08:51.290977,429.8,429.8,430.0,16702629.0
2018-01-11 13:08:52.911062,429.8,429.6,429.8,16705229.0
2018-01-11 13:08:55.050981,429.6,429.6,429.8,16708829.0
2018-01-11 13:08:56.298569,429.6,429.6,429.8,16708829.0
2018-01-11 13:08:57.753014,429.6,429.6,429.8,16708829.0
2018-01-11 13:08:59.101770,429.6,429.6,429.8,16708129.0
2018-01-11 13:09:00.829578,429.6,429.6,429.8,16708829.0
2018-01-11 13:09:02.351517,429.6,429.6,429.8,16708829.0
2018-01-11 13:09:04.180436,429.8,429.6,429.8,16712929.0
2018-01-11 13:09:10.920597,429.8,429.6,429.8,16728629.0
2018-01-11 13:09:12.532442,429.8,429.6,429.8,16728629.0
2018-01-11 13:09:15.020157,429.8,429.6,429.8,16728629.0
2018-01-11 13:09:16.232145,429.8,429.6,429.8,16728629.0
2018-01-11 13:09:17.484091,430.0,429.8,430.0,16742529.0
2018-01-11 13:09:19.155094,429.8,429.8,430.0,16728629.0
2018-01-11 13:09:20.378608,430.0,429.6,429.8,16742529.0
2018-01-11 13:09:21.625776,430.0,429.6,429.8,16742529.0
2018-01-11 13:09:23.091062,429.8,429.8,430.0,16743229.0
2018-01-11 13:09:24.576664,429.8,429.8,430.0,16743229.0
2018-01-11 13:09:26.079351,430.0,429.8,430.0,16742529.0
2018-01-11 13:09:27.408476,429.8,429.8,430.0,16743229.0
2018-01-11 13:09:28.659040,430.0,429.8,430.0,16742529.0
2018-01-11 13:09:30.064375,430.0,429.8,430.0,16742529.0
2018-01-11 13:09:31.830375,429.8,429.8,430.0,16743229.0
2018-01-11 13:09:33.071441,429.8,429.8,430.0,16743229.0
2018-01-11 13:09:35.075502,429.8,429.8,430.0,16743229.0
2018-01-11 13:09:36.345877,429.8,429.8,430.0,16743229.0
2018-01-11 13:09:37.550970,430.0,429.8,430.0,16745429.0
2018-01-11 13:09:38.900119,430.0,429.8,430.0,16745429.0
2018-01-11 13:09:40.215722,430.0,429.8,430.0,16745429.0
2018-01-11 13:09:41.415073,430.0,429.8,430.0,16745429.0
2018-01-11 13:09:42.611070,429.8,429.8,430.0,16757529.0
2018-01-11 13:09:44.203512,430.0,429.8,430.0,16760829.0
2018-01-11 13:09:45.376750,430.0,429.8,430.0,16760829.0
2018-01-11 13:09:46.802451,429.8,429.8,430.0,16757529.0
2018-01-11 13:09:48.021152,430.0,429.8,430.0,16760829.0
2018-01-11 13:09:49.579481,430.0,429.8,430.0,16760829.0
2018-01-11 13:09:50.898507,430.0,429.8,430.0,16877829.0
2018-01-11 13:09:52.209246,430.0,429.8,430.0,16877829.0
2018-01-11 13:09:54.286572,430.2,430.0,430.2,16919229.0
2018-01-11 13:09:55.603333,430.2,430.0,430.2,16917929.0
2018-01-11 13:09:57.598501,430.2,430.0,430.2,16919229.0
2018-01-11 13:09:59.007611,430.4,430.2,430.4,16955629.0
2018-01-11 13:10:00.312752,430.2,430.2,430.4,16953829.0
2018-01-11 13:10:01.848849,430.2,430.2,430.4,16953829.0
2018-01-11 13:10:07.576674,430.4,430.2,430.4,16955629.0
2018-01-11 13:10:09.057699,430.4,430.2,430.4,16955629.0
2018-01-11 13:10:10.637372,430.4,430.2,430.4,16955629.0
2018-01-11 13:10:12.523105,430.4,430.2,430.4,16961629.0
2018-01-11 13:10:13.728560,430.4,430.2,430.4,16961629.0
2018-01-11 13:10:15.236300,430.4,430.2,430.4,16961629.0
2018-01-11 13:10:16.731680,430.4,430.2,430.4,16961629.0
2018-01-11 13:10:17.904185,430.4,430.2,430.4,16961629.0
2018-01-11 13:10:19.365417,430.4,430.2,430.4,16961629.0
2018-01-11 13:10:20.814259,430.4,430.2,430.4,16961629.0
2018-01-11 13:10:22.227697,430.4,430.2,430.4,16961629.0
2018-01-11 13:10:23.651798,430.4,430.2,430.4,16961629.0
2018-01-11 13:10:25.022859,430.4,430.2,430.4,16961629.0
2018-01-11 13:10:26.307116,430.4,430.2,430.4,16961629.0
2018-01-11 13:10:27.732659,430.2,430.2,430.4,16988329.0
2018-01-11 13:10:28.942455,430.2,430.2,430.4,16988329.0
2018-01-11 13:10:30.349811,430.2,430.2,430.4,16971429.0
2018-01-11 13:10:31.765846,430.2,430.2,430.4,16988329.0
2018-01-11 13:10:33.263093,430.2,430.2,430.4,16971429.0
2018-01-11 13:10:34.753896,430.2,430.2,430.4,16991782.0
2018-01-11 13:10:36.128198,430.2,430.2,430.4,16988329.0
2018-01-11 13:10:37.333814,430.2,430.2,430.4,16988329.0
2018-01-11 13:10:38.791650,430.2,430.2,430.4,16988329.0
2018-01-11 13:10:39.809329,430.2,430.2,430.4,16991782.0
2018-01-11 13:10:40.834659,430.2,430.2,430.4,16991782.0
2018-01-11 13:10:41.835370,430.2,430.2,430.4,16988329.0
2018-01-11 13:10:43.255472,430.2,430.2,430.4,16988329.0
2018-01-11 13:10:44.119438,430.2,430.2,430.4,16991782.0
2018-01-11 13:10:45.109453,430.4,430.2,430.4,16992482.0
2018-01-11 13:10:46.131831,430.2,430.2,430.4,16991782.0
2018-01-11 13:10:47.278016,430.2,430.2,430.4,16991782.0
2018-01-11 13:10:48.897556,430.4,430.2,430.4,16992482.0
2018-01-11 13:10:50.081803,430.4,430.2,430.4,16992482.0
2018-01-11 13:10:51.757072,430.2,430.2,430.4,16998882.0
2018-01-11 13:10:53.085135,430.4,430.2,430.4,16997782.0
2018-01-11 13:10:54.694081,430.4,430.2,430.4,16997782.0
2018-01-11 13:10:56.071775,430.2,430.2,430.4,16998882.0
2018-01-11 13:11:03.808848,430.2,430.2,430.4,17002082.0
2018-01-11 13:11:08.324249,430.2,430.2,430.4,17002082.0
2018-01-11 13:11:13.628059,430.2,430.2,430.4,17002082.0
2018-01-11 13:11:18.237732,430.2,430.2,430.4,17002082.0
2018-01-11 13:11:23.085796,430.2,430.2,430.4,17005482.0
2018-01-11 13:11:27.365339,430.2,430.2,430.4,17005482.0
2018-01-11 13:11:31.819437,430.4,430.2,430.4,17012382.0
2018-01-11 13:11:37.280751,430.4,430.2,430.4,17012382.0
2018-01-11 13:11:42.720670,430.4,430.2,430.4,17012382.0
2018-01-11 13:11:47.638008,430.2,430.0,430.4,17031582.0
2018-01-11 13:11:52.035750,430.2,430.0,430.4,17031582.0
2018-01-11 13:11:56.949592,430.2,430.0,430.4,17031582.0
2018-01-11 13:12:01.765513,430.2,430.0,430.4,17031582.0
2018-01-11 13:12:06.774369,430.2,430.0,430.4,17031582.0
2018-01-11 13:12:19.065814,430.0,430.0,430.2,17036282.0
2018-01-11 13:12:20.274477,430.2,430.0,430.2,17042382.0
2018-01-11 13:12:21.425007,430.2,430.0,430.2,17042382.0
2018-01-11 13:12:22.652507,430.2,430.0,430.2,17042382.0
2018-01-11 13:12:23.898756,430.0,430.0,430.2,17042782.0
2018-01-11 13:12:25.306507,430.2,430.0,430.2,17042382.0
2018-01-11 13:12:26.661817,430.0,430.0,430.2,17042782.0
2018-01-11 13:12:28.450929,430.2,430.0,430.2,17042382.0
2018-01-11 13:12:29.733814,430.0,430.0,430.2,17049782.0
2018-01-11 13:12:31.271299,430.2,430.0,430.2,17049982.0
2018-01-11 13:12:32.472619,430.0,430.0,430.2,17049782.0
2018-01-11 13:12:33.810794,430.2,430.0,430.2,17049982.0
2018-01-11 13:12:36.120090,430.0,430.0,430.2,17049782.0
2018-01-11 13:12:37.548701,430.2,430.0,430.2,17049982.0
2018-01-11 13:12:38.703341,430.0,430.0,430.2,17049782.0
2018-01-11 13:12:39.866199,430.0,430.0,430.2,17049782.0
2018-01-11 13:12:41.397101,430.0,430.0,430.2,17049782.0
2018-01-11 13:12:42.573712,430.2,430.0,430.2,17049982.0
2018-01-11 13:12:43.964857,430.0,430.0,430.2,17052582.0
2018-01-11 13:12:45.150566,430.0,430.0,430.2,17052582.0
2018-01-11 13:12:46.392752,430.0,430.0,430.2,17052582.0
2018-01-11 13:12:47.811549,430.0,430.0,430.2,17052582.0
2018-01-11 13:12:49.349689,430.0,430.0,430.2,17052582.0
2018-01-11 13:12:50.734585,430.0,430.0,430.2,17052582.0
2018-01-11 13:12:52.459459,430.0,430.0,430.2,17052582.0
2018-01-11 13:12:53.717455,430.0,430.0,430.2,17052582.0
2018-01-11 13:12:55.052747,430.0,430.0,430.2,17052582.0
2018-01-11 13:12:56.463088,430.0,430.0,430.2,17052582.0
2018-01-11 13:12:57.980897,430.0,430.0,430.2,17052582.0
2018-01-11 13:12:59.240945,430.0,430.0,430.2,17068482.0
2018-01-11 13:13:00.735932,430.0,430.0,430.2,17068482.0
2018-01-11 13:13:03.472500,430.0,430.0,430.2,17068482.0
2018-01-11 13:13:05.340069,430.0,430.0,430.2,17068482.0
2018-01-11 13:13:08.585523,430.0,430.0,430.2,17078082.0
2018-01-11 13:13:10.114123,430.0,430.0,430.2,17078082.0
2018-01-11 13:13:11.527890,430.0,430.0,430.2,17078082.0
2018-01-11 13:13:13.064342,430.0,430.0,430.2,17078082.0
2018-01-11 13:13:14.300837,430.0,430.0,430.2,17078082.0
2018-01-11 13:13:15.627243,430.0,430.0,430.2,17078082.0
2018-01-11 13:13:17.014514,430.0,430.0,430.2,17078082.0
2018-01-11 13:13:18.561198,430.0,430.0,430.2,17098612.0
2018-01-11 13:13:19.951744,430.0,429.8,430.2,17139212.0
2018-01-11 13:13:21.326129,430.0,429.8,430.2,17139212.0
2018-01-11 13:13:22.707274,430.0,429.8,430.2,17139212.0
2018-01-11 13:13:24.190886,430.0,429.8,430.2,17139212.0
2018-01-11 13:13:25.867200,429.8,429.8,430.0,17173712.0
2018-01-11 13:13:27.589403,429.6,429.6,429.8,17180612.0
2018-01-11 13:13:28.802425,429.6,429.6,429.8,17180112.0
2018-01-11 13:13:30.266172,429.6,429.6,429.8,17180612.0
2018-01-11 13:13:31.512679,429.6,429.6,429.8,17180612.0
2018-01-11 13:13:32.674747,429.6,429.6,429.8,17180612.0
2018-01-11 13:13:34.329254,429.6,429.6,429.8,17180612.0
2018-01-11 13:13:35.441101,429.6,429.6,429.8,17180612.0
2018-01-11 13:13:36.944976,429.6,429.6,429.8,17180612.0
2018-01-11 13:13:38.490731,429.6,429.6,429.8,17180112.0
2018-01-11 13:13:39.741993,429.8,429.6,429.8,17184712.0
2018-01-11 13:13:41.062080,429.8,429.6,429.8,17195912.0
2018-01-11 13:13:42.292858,429.6,429.6,429.8,17196912.0
2018-01-11 13:13:43.560298,429.8,429.6,429.8,17195912.0
2018-01-11 13:13:44.986040,429.6,429.6,429.8,17196912.0
2018-01-11 13:13:46.225573,429.6,429.6,429.8,17198812.0
2018-01-11 13:13:47.301550,429.6,429.6,429.8,17196912.0
2018-01-11 13:13:48.686181,429.6,429.6,429.8,17198812.0
2018-01-11 13:13:50.040103,429.8,429.6,429.8,17209512.0
2018-01-11 13:13:51.509293,429.8,429.8,430.0,17212312.0
2018-01-11 13:13:52.687575,430.0,429.8,430.0,17278012.0
2018-01-11 13:13:53.866811,430.0,429.8,430.0,17265012.0
2018-01-11 13:13:55.246041,430.0,429.8,430.0,17278012.0
2018-01-11 13:13:57.384819,430.0,429.8,430.0,17278012.0
2018-01-11 13:13:58.582191,430.0,429.8,430.0,17278012.0
2018-01-11 13:13:59.738968,430.0,429.8,430.0,17278012.0
2018-01-11 13:14:01.266867,430.0,429.8,430.0,17278012.0
2018-01-11 13:14:02.664284,430.0,429.8,430.0,17278012.0
2018-01-11 13:14:05.101162,430.0,429.8,430.0,17278012.0
2018-01-11 13:14:06.556168,430.0,430.0,430.2,17265012.0
2018-01-11 13:14:08.623424,430.0,430.0,430.2,17285512.0
2018-01-11 13:14:09.716819,430.0,430.0,430.2,17286312.0
2018-01-11 13:14:11.046453,430.0,430.0,430.2,17285512.0
2018-01-11 13:14:12.319835,430.0,430.0,430.2,17285512.0
2018-01-11 13:14:14.440545,430.0,430.0,430.2,17286312.0
2018-01-11 13:14:15.736655,430.0,430.0,430.2,17286312.0
2018-01-11 13:14:16.994205,430.0,430.0,430.2,17286312.0
2018-01-11 13:14:18.876729,430.0,430.0,430.2,17285512.0
2018-01-11 13:14:20.110689,430.0,430.0,430.2,17285512.0
2018-01-11 13:14:21.233449,430.0,430.0,430.2,17285512.0
2018-01-11 13:14:23.120864,430.0,430.0,430.2,17286312.0
2018-01-11 13:14:24.325543,430.0,430.0,430.2,17290812.0
2018-01-11 13:14:25.808342,430.0,430.0,430.2,17290812.0
2018-01-11 13:14:27.345359,430.0,430.0,430.2,17290812.0
2018-01-11 13:14:28.685572,430.2,430.0,430.2,17291612.0
2018-01-11 13:14:29.956469,430.0,430.0,430.2,17290812.0
2018-01-11 13:14:31.550477,430.0,430.0,430.2,17290812.0
2018-01-11 13:14:32.895588,430.0,430.0,430.2,17290812.0
2018-01-11 13:14:34.213631,430.2,430.0,430.2,17291612.0
2018-01-11 13:14:35.481340,430.2,430.0,430.2,17291612.0
2018-01-11 13:14:37.228135,430.0,430.0,430.2,17290812.0
2018-01-11 13:14:38.745631,430.2,430.0,430.2,17297412.0
2018-01-11 13:14:40.088367,430.0,429.8,430.2,17305212.0
2018-01-11 13:14:41.512591,430.0,429.8,430.2,17306312.0
2018-01-11 13:14:42.737804,430.0,429.8,430.2,17305212.0
2018-01-11 13:14:43.986069,430.0,429.8,430.2,17305212.0
2018-01-11 13:14:45.587387,430.0,429.8,430.2,17305212.0
2018-01-11 13:14:47.631399,430.0,429.8,430.2,17305212.0
2018-01-11 13:14:49.021059,430.0,429.8,430.0,17308012.0
2018-01-11 13:14:50.535651,430.0,429.8,430.0,17308412.0
2018-01-11 13:14:51.988684,430.0,429.8,430.0,17308012.0
2018-01-11 13:14:53.552253,430.0,429.8,430.0,17308012.0
2018-01-11 13:14:55.235068,430.0,429.8,430.0,17308012.0
2018-01-11 13:14:56.563683,430.0,429.8,430.0,17308012.0
2018-01-11 13:14:57.681182,430.0,429.8,430.0,17308412.0
2018-01-11 13:14:59.000607,430.0,429.8,430.0,17308012.0
2018-01-11 13:15:00.335804,430.0,429.8,430.0,17308412.0
2018-01-11 13:15:01.768918,430.0,429.8,430.0,17308012.0
2018-01-11 13:15:03.017511,430.0,429.8,430.0,17308412.0
2018-01-11 13:15:04.548300,430.0,429.8,430.0,17308012.0
2018-01-11 13:15:05.892611,430.0,429.8,430.0,17319512.0
2018-01-11 13:15:07.103983,430.0,429.8,430.0,17319512.0
2018-01-11 13:15:14.294936,430.0,429.8,430.0,17319512.0
2018-01-11 13:15:15.818568,430.0,429.8,430.0,17319512.0
2018-01-11 13:15:17.613131,430.0,429.8,430.0,17319512.0
2018-01-11 13:15:19.270550,430.0,429.8,430.0,17320012.0
2018-01-11 13:15:20.766547,430.0,429.8,430.0,17319512.0
2018-01-11 13:15:22.056294,430.0,429.8,430.0,17320012.0
2018-01-11 13:15:23.306159,430.0,429.8,430.0,17319512.0
2018-01-11 13:15:24.545020,430.0,429.8,430.0,17319512.0
2018-01-11 13:15:25.883744,430.0,429.8,430.0,17319512.0
2018-01-11 13:15:27.885587,430.0,429.8,430.0,17320012.0
2018-01-11 13:15:29.417319,430.0,429.8,430.0,17323212.0
2018-01-11 13:15:30.861092,430.0,429.8,430.0,17323212.0
2018-01-11 13:15:32.325583,430.0,429.8,430.0,17323212.0
2018-01-11 13:15:33.584741,430.0,429.8,430.0,17323212.0
2018-01-11 13:15:35.110024,430.0,429.8,430.0,17323212.0
2018-01-11 13:15:36.814167,430.0,429.8,430.0,17323212.0
2018-01-11 13:15:38.326160,430.0,429.8,430.0,17323212.0
2018-01-11 13:15:39.582339,430.0,429.8,430.0,17323212.0
2018-01-11 13:15:41.040121,430.0,429.8,430.0,17323212.0
2018-01-11 13:15:42.605388,429.8,429.8,430.0,17324512.0
2018-01-11 13:15:44.180862,430.0,429.8,430.0,17331012.0
2018-01-11 13:15:45.584368,430.0,429.8,430.0,17331012.0
2018-01-11 13:15:47.658473,430.0,429.8,430.0,17331012.0
2018-01-11 13:15:49.017575,430.0,429.8,430.0,17331012.0
2018-01-11 13:15:50.221632,430.0,429.8,430.0,17331012.0
2018-01-11 13:15:51.464839,430.0,429.8,430.0,17331012.0
2018-01-11 13:15:53.004870,430.0,429.8,430.0,17327412.0
2018-01-11 13:15:56.899927,430.0,429.8,430.0,17362712.0
2018-01-11 13:15:58.283979,430.0,429.8,430.0,17362712.0
2018-01-11 13:15:59.425526,430.0,429.8,430.0,17362712.0
2018-01-11 13:16:01.113093,430.0,429.8,430.0,17362712.0
2018-01-11 13:16:02.749560,430.0,429.8,430.0,17369212.0
2018-01-11 13:16:04.023548,430.0,429.8,430.0,17369212.0
2018-01-11 13:16:05.266031,430.0,429.8,430.0,17369212.0
2018-01-11 13:16:07.317353,430.0,429.8,430.0,17369212.0
2018-01-11 13:16:10.293224,430.0,429.8,430.0,17369212.0
2018-01-11 13:16:12.823527,430.0,429.8,430.0,17369212.0
2018-01-11 13:16:15.038203,430.0,429.8,430.0,17369212.0
2018-01-11 13:16:18.251888,430.0,429.8,430.0,17371812.0
2018-01-11 13:16:19.683213,430.0,429.8,430.0,17371812.0
2018-01-11 13:16:21.310013,430.0,429.8,430.0,17371812.0
2018-01-11 13:16:22.667489,430.0,429.8,430.0,17371812.0
2018-01-11 13:16:24.208723,430.0,429.8,430.0,17371812.0
2018-01-11 13:16:25.702802,430.0,429.8,430.0,17371812.0
2018-01-11 13:16:27.186209,430.0,429.8,430.0,17371812.0
2018-01-11 13:16:28.452114,430.0,429.8,430.0,17371812.0
2018-01-11 13:16:29.963945,430.0,429.8,430.0,17371812.0
2018-01-11 13:16:32.513011,429.8,429.8,430.0,17371912.0
2018-01-11 13:16:33.947728,430.0,429.8,430.0,17371812.0
2018-01-11 13:16:35.577865,430.0,429.8,430.0,17371812.0
2018-01-11 13:16:37.098007,429.8,429.8,430.0,17374412.0
2018-01-11 13:16:38.472653,429.8,429.8,430.0,17374412.0
2018-01-11 13:16:39.869442,429.8,429.8,430.0,17374412.0
2018-01-11 13:16:41.365402,429.8,429.8,430.0,17374412.0
2018-01-11 13:16:42.512565,430.0,429.8,430.0,17374612.0
2018-01-11 13:16:44.943484,429.8,429.8,430.0,17374412.0
2018-01-11 13:16:48.566247,430.0,429.8,430.0,17382712.0
2018-01-11 13:16:50.871879,430.2,430.0,430.2,17411312.0
2018-01-11 13:16:53.533855,430.2,430.0,430.2,17432612.0
2018-01-11 13:16:55.715989,430.2,430.0,430.2,17432712.0
2018-01-11 13:17:00.353482,430.2,430.0,430.2,17432712.0
2018-01-11 13:17:02.531656,430.0,430.0,430.2,17451117.0
2018-01-11 13:17:05.286351,430.0,430.2,430.4,17451117.0
2018-01-11 13:17:07.456659,430.0,430.0,430.2,17451117.0
2018-01-11 13:17:10.304150,430.2,430.2,430.4,17412017.0
2018-01-11 13:17:13.953025,430.2,430.2,430.4,17416117.0
2018-01-11 13:17:16.336925,430.2,430.2,430.4,17412017.0
2018-01-11 13:17:19.667251,430.2,430.2,430.4,17412017.0
2018-01-11 13:17:22.423670,430.2,430.2,430.4,17416117.0
2018-01-11 13:17:25.871726,430.2,430.2,430.4,17416717.0
2018-01-11 13:17:28.990349,430.2,430.2,430.4,17416717.0
2018-01-11 13:17:31.753654,430.4,430.2,430.4,17421517.0
2018-01-11 13:17:37.480718,430.4,430.2,430.4,17421517.0
2018-01-11 13:17:40.624668,430.2,430.2,430.4,17426017.0
2018-01-11 13:17:43.735314,430.2,430.2,430.4,17427717.0
2018-01-11 13:17:46.869766,430.2,430.0,430.2,17434317.0
2018-01-11 13:17:51.024350,430.2,430.0,430.2,17436417.0
2018-01-11 13:17:53.997641,430.2,430.0,430.2,17436417.0
2018-01-11 13:17:57.202773,430.2,430.0,430.2,17436717.0
2018-01-11 13:18:00.515701,430.2,430.0,430.2,17436717.0
2018-01-11 13:18:04.710796,430.2,430.0,430.2,17436717.0
2018-01-11 13:18:06.974866,430.2,430.0,430.2,17436417.0
2018-01-11 13:18:09.346175,430.2,430.0,430.2,17439277.0
2018-01-11 13:18:11.229572,430.0,430.0,430.2,17441377.0
2018-01-11 13:18:12.577312,430.2,430.0,430.2,17443177.0
2018-01-11 13:18:13.908108,430.2,430.0,430.2,17443177.0
2018-01-11 13:18:16.774900,430.2,430.0,430.2,17443177.0
2018-01-11 13:18:17.916095,430.2,430.0,430.2,17443177.0
2018-01-11 13:18:19.629436,430.0,430.0,430.2,17441377.0
2018-01-11 13:18:20.887457,430.2,430.0,430.2,17443177.0
2018-01-11 13:18:22.226880,430.2,430.0,430.2,17443177.0
2018-01-11 13:18:23.740268,430.0,430.0,430.2,17441377.0
2018-01-11 13:18:25.171514,430.2,430.0,430.2,17443177.0
2018-01-11 13:18:26.396600,430.2,430.0,430.2,17443177.0
2018-01-11 13:18:28.020526,430.0,430.0,430.2,17441377.0
2018-01-11 13:18:29.377536,430.0,430.0,430.2,17441377.0
2018-01-11 13:18:30.711486,430.2,430.0,430.2,17443177.0
2018-01-11 13:18:32.007541,430.2,430.0,430.2,17443177.0
2018-01-11 13:18:33.485036,430.2,430.0,430.2,17443177.0
2018-01-11 13:18:34.796438,430.2,430.0,430.2,17444777.0
2018-01-11 13:18:36.352793,430.2,430.0,430.2,17443177.0
2018-01-11 13:18:38.397340,430.2,430.0,430.2,17444777.0
2018-01-11 13:18:40.273927,430.2,430.0,430.2,17444777.0
2018-01-11 13:18:41.525463,430.2,430.0,430.2,17447277.0
2018-01-11 13:18:42.789993,430.2,430.0,430.2,17447277.0
2018-01-11 13:18:44.349285,430.2,430.0,430.2,17447277.0
2018-01-11 13:18:45.555680,430.2,430.0,430.2,17447277.0
2018-01-11 13:18:46.927808,430.2,430.0,430.2,17447277.0
2018-01-11 13:18:48.553562,430.0,430.0,430.2,17448877.0
2018-01-11 13:18:49.764223,430.0,430.0,430.2,17448877.0
2018-01-11 13:18:51.152507,430.2,430.0,430.2,17447877.0
2018-01-11 13:18:52.528135,430.0,430.0,430.2,17448877.0
2018-01-11 13:18:53.835401,430.0,430.0,430.2,17448877.0
2018-01-11 13:18:55.227561,430.0,430.0,430.2,17451077.0
2018-01-11 13:18:56.895534,430.0,430.0,430.2,17448877.0
2018-01-11 13:18:58.077600,430.0,430.0,430.2,17448877.0
2018-01-11 13:18:59.595979,430.0,430.0,430.2,17448877.0
2018-01-11 13:19:01.094148,430.0,430.0,430.2,17448877.0
2018-01-11 13:19:02.338409,430.0,430.0,430.2,17448877.0
2018-01-11 13:19:03.651828,430.0,430.0,430.2,17448877.0
2018-01-11 13:19:05.778310,430.0,430.0,430.2,17451077.0
2018-01-11 13:19:07.292319,430.0,430.0,430.2,17448877.0
2018-01-11 13:19:12.569976,430.0,430.0,430.2,17452077.0
2018-01-11 13:19:15.948302,430.0,430.0,430.2,17452077.0
2018-01-11 13:19:24.063942,430.0,430.0,430.2,17452077.0
2018-01-11 13:19:28.848918,430.2,430.0,430.2,17476877.0
2018-01-11 13:19:32.717814,430.2,430.0,430.2,17476877.0
2018-01-11 13:19:38.889600,430.2,430.0,430.2,17476877.0
2018-01-11 13:19:43.473466,430.2,430.0,430.2,17476877.0
2018-01-11 13:19:47.794746,430.2,430.2,430.4,17479252.0
2018-01-11 13:19:52.717076,430.2,430.2,430.4,17479252.0
2018-01-11 13:19:57.698375,430.2,430.2,430.4,17479252.0
2018-01-11 13:20:02.336174,430.2,430.2,430.4,17479252.0
2018-01-11 13:20:10.794996,430.4,430.2,430.4,17482952.0
2018-01-11 13:20:17.283414,430.4,430.2,430.4,17482952.0
2018-01-11 13:20:21.918774,430.2,430.2,430.4,17487547.0
2018-01-11 13:20:27.210654,430.2,430.0,430.2,17509647.0
2018-01-11 13:20:32.323483,430.2,430.0,430.2,17509647.0
2018-01-11 13:20:37.356983,430.2,430.0,430.2,17509647.0
2018-01-11 13:20:45.243929,430.2,430.0,430.2,17539947.0
2018-01-11 13:20:50.368219,430.4,430.0,430.6,17558747.0
2018-01-11 13:20:55.496679,430.4,430.0,430.6,17558747.0
2018-01-11 13:21:00.313859,430.4,430.4,430.6,17562547.0
2018-01-11 13:21:05.520372,430.4,430.4,430.6,17562547.0
2018-01-11 13:21:10.741230,430.4,430.4,430.6,17562547.0
2018-01-11 13:21:15.370361,430.4,430.4,430.6,17562547.0
2018-01-11 13:21:20.054631,430.4,430.4,430.6,17562547.0
2018-01-11 13:21:25.290962,430.6,430.4,430.6,17563947.0
2018-01-11 13:21:30.499571,430.6,430.4,430.6,17563947.0
2018-01-11 13:21:34.981175,430.6,430.4,430.6,17563947.0
2018-01-11 13:21:40.941457,430.4,430.4,430.6,17567847.0
2018-01-11 13:21:42.335511,430.4,430.4,430.6,17569447.0
2018-01-11 13:21:43.688873,430.4,430.4,430.6,17569447.0
2018-01-11 13:21:44.956372,430.4,430.4,430.6,17569447.0
2018-01-11 13:21:46.178761,430.4,430.4,430.6,17569447.0
2018-01-11 13:21:47.402501,430.4,430.4,430.6,17569447.0
2018-01-11 13:21:48.863607,430.4,430.4,430.6,17569447.0
2018-01-11 13:21:50.368717,430.4,430.4,430.6,17569447.0
2018-01-11 13:21:51.673626,430.4,430.4,430.6,17569447.0
2018-01-11 13:21:53.150930,430.6,430.4,430.6,17571047.0
2018-01-11 13:21:54.413250,430.6,430.4,430.6,17571047.0
2018-01-11 13:21:55.962237,430.6,430.4,430.6,17571047.0
2018-01-11 13:21:57.128079,430.6,430.4,430.6,17571047.0
2018-01-11 13:21:58.457532,430.6,430.4,430.6,17571047.0
2018-01-11 13:21:59.830454,430.6,430.4,430.6,17572747.0
2018-01-11 13:22:01.217532,430.6,430.4,430.6,17571047.0
2018-01-11 13:22:02.633259,430.6,430.4,430.6,17571047.0
2018-01-11 13:22:03.924515,430.6,430.4,430.6,17577447.0
2018-01-11 13:22:05.378838,430.6,430.4,430.6,17577447.0
2018-01-11 13:22:07.697540,430.6,430.4,430.6,17577447.0
2018-01-11 13:22:10.325060,430.6,430.2,430.4,17577447.0
2018-01-11 13:22:12.570315,430.4,430.2,430.4,17581147.0
2018-01-11 13:22:14.008778,430.4,430.2,430.4,17582647.0
2018-01-11 13:22:15.652545,430.4,430.2,430.4,17582647.0
2018-01-11 13:22:17.143923,430.4,430.2,430.4,17582647.0
2018-01-11 13:22:18.697630,430.4,430.2,430.4,17582647.0
2018-01-11 13:22:20.013020,430.4,430.2,430.4,17582647.0
2018-01-11 13:22:21.187016,430.4,430.2,430.4,17581147.0
2018-01-11 13:22:22.505324,430.4,430.2,430.4,17582647.0
2018-01-11 13:22:24.159200,430.4,430.2,430.4,17584447.0
2018-01-11 13:22:25.476950,430.4,430.2,430.4,17590047.0
2018-01-11 13:22:26.853088,430.4,430.2,430.4,17590047.0
2018-01-11 13:22:28.056094,430.4,430.2,430.4,17590047.0
2018-01-11 13:22:29.172914,430.4,430.2,430.4,17590047.0
2018-01-11 13:22:30.514366,430.4,430.2,430.4,17590047.0
2018-01-11 13:22:32.804532,430.4,430.2,430.4,17590047.0
2018-01-11 13:22:34.414886,430.4,430.2,430.4,17593547.0
2018-01-11 13:22:35.765001,430.4,430.2,430.4,17593547.0
2018-01-11 13:22:37.629035,430.4,430.2,430.4,17604247.0
2018-01-11 13:22:39.185626,430.2,430.2,430.4,17594847.0
2018-01-11 13:22:40.462525,430.2,430.2,430.4,17594847.0
2018-01-11 13:22:43.114838,430.4,430.2,430.4,17604247.0
2018-01-11 13:22:44.536699,430.4,430.2,430.4,17604247.0
2018-01-11 13:22:46.002959,430.4,430.2,430.4,17604247.0
2018-01-11 13:22:47.164791,430.4,430.2,430.4,17604247.0
2018-01-11 13:22:48.571674,430.4,430.2,430.4,17604247.0
2018-01-11 13:22:49.853730,430.4,430.2,430.4,17604247.0
2018-01-11 13:22:51.129682,430.4,430.2,430.4,17604247.0
2018-01-11 13:22:53.141571,430.2,430.2,430.4,17604447.0
2018-01-11 13:22:54.770914,430.4,430.2,430.4,17604247.0
2018-01-11 13:22:56.289995,430.2,430.2,430.4,17604447.0
2018-01-11 13:22:57.629769,430.4,430.2,430.4,17604247.0
2018-01-11 13:22:59.321956,430.2,430.2,430.4,17604447.0
2018-01-11 13:23:00.849044,430.4,430.2,430.4,17606147.0
2018-01-11 13:23:02.097607,430.2,430.2,430.4,17604447.0
2018-01-11 13:23:03.361651,430.4,430.2,430.6,17610547.0
2018-01-11 13:23:04.979599,430.4,430.2,430.6,17611147.0
2018-01-11 13:23:07.215424,430.4,430.2,430.6,17611147.0
2018-01-11 13:23:08.398117,430.4,430.4,430.6,17611147.0
2018-01-11 13:23:09.731311,430.4,430.4,430.6,17611147.0
2018-01-11 13:23:11.455442,430.4,430.4,430.6,17611147.0
2018-01-11 13:23:12.699589,430.4,430.2,430.6,17611147.0
2018-01-11 13:23:14.331707,430.4,430.4,430.6,17662147.0
2018-01-11 13:23:15.782676,430.6,430.4,430.6,17662747.0
2018-01-11 13:23:17.140715,430.4,430.4,430.6,17665947.0
2018-01-11 13:23:18.763692,430.4,430.4,430.6,17665947.0
2018-01-11 13:23:21.077964,430.4,430.4,430.6,17665947.0
2018-01-11 13:23:22.534948,430.4,430.4,430.6,17665947.0
2018-01-11 13:23:24.405519,430.4,430.4,430.6,17665947.0
2018-01-11 13:23:26.261872,430.6,430.4,430.6,17667747.0
2018-01-11 13:23:27.751788,430.6,430.4,430.6,17667747.0
2018-01-11 13:23:29.359861,430.4,430.4,430.6,17665947.0
2018-01-11 13:23:30.517764,430.4,430.4,430.6,17672847.0
2018-01-11 13:23:31.749128,430.4,430.4,430.6,17672847.0
2018-01-11 13:23:33.314573,430.4,430.4,430.6,17672847.0
2018-01-11 13:23:34.579216,430.4,430.4,430.6,17672847.0
2018-01-11 13:23:35.980063,430.6,430.4,430.6,17667747.0
2018-01-11 13:23:37.325113,430.4,430.4,430.6,17672847.0
2018-01-11 13:23:38.508026,430.4,430.4,430.6,17672847.0
2018-01-11 13:23:40.044153,430.4,430.4,430.6,17678847.0
2018-01-11 13:23:41.517378,430.4,430.4,430.6,17678847.0
2018-01-11 13:23:42.794949,430.6,430.4,430.6,17674847.0
2018-01-11 13:23:44.256669,430.4,430.4,430.6,17682847.0
2018-01-11 13:23:45.597679,430.4,430.4,430.6,17682847.0
2018-01-11 13:23:47.320836,430.4,430.4,430.6,17678847.0
2018-01-11 13:23:48.661330,430.2,430.2,430.4,17683547.0
2018-01-11 13:23:49.879050,430.2,430.2,430.4,17683547.0
2018-01-11 13:23:51.162965,430.2,430.2,430.4,17683547.0
2018-01-11 13:23:52.678396,430.4,430.2,430.4,17682847.0
2018-01-11 13:23:53.931304,430.2,430.2,430.4,17683547.0
2018-01-11 13:23:55.227701,430.4,430.2,430.4,17682847.0
2018-01-11 13:23:56.455602,430.4,430.2,430.4,17682847.0
2018-01-11 13:23:57.891540,430.2,430.2,430.4,17683547.0
2018-01-11 13:23:59.181211,430.4,430.4,430.6,17695147.0
2018-01-11 13:24:00.384443,430.6,430.4,430.6,17701347.0
2018-01-11 13:24:02.866468,430.4,430.2,430.4,17722947.0
2018-01-11 13:24:04.353060,430.4,430.4,430.8,17722947.0
2018-01-11 13:24:05.725060,430.4,430.4,430.8,17722947.0
2018-01-11 13:24:07.106501,430.6,430.4,430.8,17705447.0
2018-01-11 13:24:08.275592,430.6,430.2,430.4,17705447.0
2018-01-11 13:24:10.290408,430.6,430.2,430.4,17705447.0
2018-01-11 13:24:11.730107,430.6,430.4,430.6,17729647.0
2018-01-11 13:24:13.090239,430.6,430.4,430.6,17729647.0
2018-01-11 13:24:14.448697,430.4,430.6,430.8,17726747.0
2018-01-11 13:24:15.684988,430.6,430.6,430.8,17729647.0
2018-01-11 13:24:16.978455,430.4,430.6,430.8,17733347.0
2018-01-11 13:24:18.276136,430.6,430.4,430.8,17729647.0
2018-01-11 13:24:19.472587,430.6,430.6,430.8,17729647.0
2018-01-11 13:24:20.792318,430.4,430.6,430.8,17733347.0
2018-01-11 13:24:22.093226,430.4,430.4,430.8,17733347.0
2018-01-11 13:24:23.401744,430.4,430.4,430.8,17733347.0
2018-01-11 13:24:24.551740,,,,
2018-01-11 13:24:25.930256,430.6,430.4,430.8,17729647.0
2018-01-11 13:24:27.071087,430.4,430.6,430.8,17733347.0
2018-01-11 13:24:28.621516,430.4,430.4,430.8,17733347.0
2018-01-11 13:24:30.091618,430.4,430.4,430.8,17733347.0
2018-01-11 13:24:31.759216,430.4,430.4,430.8,17733347.0
2018-01-11 13:24:32.982024,430.4,430.4,430.8,17733347.0
2018-01-11 13:24:34.206359,430.4,430.4,430.8,17733347.0
2018-01-11 13:24:35.920822,430.6,430.4,430.6,17736427.0
2018-01-11 13:24:37.528361,430.4,430.4,430.6,17738527.0
2018-01-11 13:24:38.723486,430.4,430.4,430.6,17738527.0
2018-01-11 13:24:40.291968,430.6,430.4,430.6,17740727.0
2018-01-11 13:24:41.571557,430.6,430.4,430.6,17739527.0
2018-01-11 13:24:43.029616,430.6,430.4,430.6,17739527.0
2018-01-11 13:24:44.252005,430.6,430.4,430.6,17740727.0
2018-01-11 13:24:45.989696,430.6,430.4,430.6,17740727.0
2018-01-11 13:24:47.300193,430.6,430.4,430.6,17740727.0
2018-01-11 13:24:48.886527,430.4,430.4,430.6,17751127.0
2018-01-11 13:24:50.405220,430.4,430.4,430.6,17754627.0
2018-01-11 13:24:53.184234,430.4,430.4,430.6,17754627.0
2018-01-11 13:24:54.463024,430.4,430.4,430.6,17755027.0
2018-01-11 13:24:55.858103,430.4,430.4,430.6,17755027.0
2018-01-11 13:24:57.107511,430.4,430.4,430.6,17757827.0
2018-01-11 13:24:58.527327,430.4,430.2,430.4,17756827.0
2018-01-11 13:25:00.166204,430.4,430.4,430.6,17757827.0
2018-01-11 13:25:01.504851,430.4,430.4,430.6,17756827.0
2018-01-11 13:25:04.146394,430.4,430.4,430.6,17756827.0
2018-01-11 13:25:07.359278,430.4,430.4,430.6,17756827.0
2018-01-11 13:25:11.722434,430.2,430.2,430.4,17758927.0
2018-01-11 13:25:13.830251,430.2,430.2,430.4,17758927.0
2018-01-11 13:25:15.394494,430.4,430.2,430.4,17759427.0
2018-01-11 13:25:16.784549,430.2,430.2,430.4,17758927.0
2018-01-11 13:25:18.038884,430.2,430.2,430.4,17758927.0
2018-01-11 13:25:19.427161,430.4,430.2,430.4,17759427.0
2018-01-11 13:25:21.621752,430.4,430.2,430.4,17759427.0
2018-01-11 13:25:23.094096,430.2,430.2,430.4,17758927.0
2018-01-11 13:25:24.492152,430.2,430.2,430.4,17758927.0
2018-01-11 13:25:25.892343,430.2,430.2,430.4,17758927.0
2018-01-11 13:25:26.993472,430.2,430.2,430.4,17758927.0
2018-01-11 13:25:28.174192,430.2,430.2,430.4,17758927.0
2018-01-11 13:25:29.680515,430.2,430.2,430.4,17758927.0
2018-01-11 13:25:31.123772,430.2,430.2,430.4,17758927.0
2018-01-11 13:25:32.751648,430.2,430.2,430.4,17758927.0
2018-01-11 13:25:34.049936,430.4,430.2,430.4,17767127.0
2018-01-11 13:25:35.284611,430.4,430.2,430.4,17767327.0
2018-01-11 13:25:36.743049,430.4,430.2,430.6,17775327.0
2018-01-11 13:25:38.129099,430.4,430.2,430.6,17776927.0
2018-01-11 13:25:39.679975,430.4,430.2,430.6,17776927.0
2018-01-11 13:25:41.362192,430.4,430.4,430.8,17776927.0
2018-01-11 13:25:42.630950,430.4,430.4,430.8,17776927.0
2018-01-11 13:25:43.846042,430.4,430.4,430.8,17783427.0
2018-01-11 13:25:45.146921,430.4,430.4,430.8,17783427.0
2018-01-11 13:25:46.326685,430.4,430.4,430.8,17783427.0
2018-01-11 13:25:47.834742,430.4,430.4,430.8,17783427.0
2018-01-11 13:25:49.067691,430.4,430.4,430.8,17776927.0
2018-01-11 13:25:50.350134,430.4,430.4,430.8,17783427.0
2018-01-11 13:25:52.833374,430.4,430.4,430.8,17776927.0
2018-01-11 13:25:54.122310,430.4,430.4,430.8,17783427.0
2018-01-11 13:25:55.748613,430.4,430.4,430.8,17785227.0
2018-01-11 13:25:57.549784,430.4,430.4,430.8,17783427.0
2018-01-11 13:25:59.238180,430.4,430.4,430.8,17783427.0
2018-01-11 13:26:01.070441,430.4,430.4,430.8,17783427.0
2018-01-11 13:26:02.362687,430.4,430.4,430.8,17783427.0
2018-01-11 13:26:03.620648,430.4,430.4,430.8,17785227.0
2018-01-11 13:26:04.737416,430.4,430.4,430.8,17783427.0
2018-01-11 13:26:10.755819,430.4,430.4,430.6,17787027.0
2018-01-11 13:26:12.105662,430.4,430.4,430.6,17785227.0
2018-01-11 13:26:13.917162,430.4,430.4,430.6,17787027.0
2018-01-11 13:26:15.197599,430.4,430.4,430.6,17787027.0
2018-01-11 13:26:16.379117,430.4,430.4,430.8,17787027.0
2018-01-11 13:26:18.004192,430.4,430.4,430.6,17787027.0
2018-01-11 13:26:19.477669,430.4,430.4,430.8,17787027.0
2018-01-11 13:26:20.778300,430.4,430.4,430.6,17787027.0
2018-01-11 13:26:22.182017,430.4,430.4,430.6,17789327.0
2018-01-11 13:26:23.934376,430.4,430.4,430.6,17789327.0
2018-01-11 13:26:25.294946,430.4,430.4,430.6,17789027.0
2018-01-11 13:26:26.549697,430.4,430.4,430.6,17789327.0
2018-01-11 13:26:27.875344,430.4,430.4,430.6,17789327.0
2018-01-11 13:26:29.543213,430.4,430.4,430.6,17789327.0
2018-01-11 13:26:31.185805,430.4,430.4,430.6,17792027.0
2018-01-11 13:26:32.723605,430.4,430.4,430.6,17792227.0
2018-01-11 13:26:34.390006,430.4,430.4,430.6,17792227.0
2018-01-11 13:26:35.807063,430.4,430.4,430.6,17792027.0
2018-01-11 13:26:37.093893,430.4,430.4,430.6,17792227.0
2018-01-11 13:26:38.337803,430.4,430.4,430.6,17792227.0
2018-01-11 13:26:40.158929,430.4,430.4,430.6,17792027.0
2018-01-11 13:26:41.608687,430.2,430.2,430.4,17800727.0
2018-01-11 13:26:43.293688,430.2,430.2,430.4,17803227.0
2018-01-11 13:26:44.705286,430.2,430.2,430.4,17800727.0
2018-01-11 13:26:46.049570,430.2,430.2,430.4,17803227.0
2018-01-11 13:26:47.470952,430.2,430.2,430.4,17800727.0
2018-01-11 13:26:48.739510,430.2,430.2,430.4,17803227.0
2018-01-11 13:26:50.034016,430.4,430.2,430.4,17810227.0
2018-01-11 13:26:51.434003,430.4,430.2,430.4,17810227.0
2018-01-11 13:26:52.707173,430.4,430.2,430.4,17810227.0
2018-01-11 13:26:54.021620,430.4,430.2,430.4,17810227.0
2018-01-11 13:26:58.495984,430.4,430.2,430.4,17810227.0
2018-01-11 13:27:03.191534,430.4,430.2,430.4,17810227.0
2018-01-11 13:27:08.639595,430.4,430.4,430.6,17820127.0
2018-01-11 13:27:13.647259,430.4,430.4,430.6,17820127.0
2018-01-11 13:27:18.771242,430.4,430.4,430.6,17820127.0
2018-01-11 13:27:23.084113,430.4,430.2,430.4,17822327.0
2018-01-11 13:27:29.217790,430.4,430.2,430.4,17822327.0
2018-01-11 13:27:37.698656,430.2,430.2,430.4,17824627.0
2018-01-11 13:27:41.849865,430.2,430.2,430.4,17824627.0
2018-01-11 13:27:45.733768,430.2,430.2,430.4,17824627.0
2018-01-11 13:27:49.572009,430.2,430.2,430.4,17824627.0
2018-01-11 13:27:53.376849,430.2,430.2,430.4,17826827.0
2018-01-11 13:27:56.888268,430.2,430.2,430.4,17826827.0
2018-01-11 13:28:02.864330,430.2,430.2,430.4,17831727.0
2018-01-11 13:28:06.836693,430.2,430.2,430.4,17831727.0
2018-01-11 13:28:11.295087,430.2,430.2,430.4,17831727.0
2018-01-11 13:28:15.131626,430.2,430.2,430.4,17831727.0
2018-01-11 13:28:19.066305,430.2,430.2,430.4,17834527.0
2018-01-11 13:28:22.701500,430.2,430.2,430.4,17834527.0
2018-01-11 13:28:26.223492,430.2,430.2,430.4,17834527.0
2018-01-11 13:28:30.008255,430.2,430.2,430.4,17834527.0
2018-01-11 13:28:33.646242,430.2,430.2,430.4,17834527.0
2018-01-11 13:28:37.435694,430.2,430.2,430.4,17834527.0
2018-01-11 13:28:41.036693,430.2,430.2,430.4,17837427.0
2018-01-11 13:28:45.198950,430.2,430.2,430.4,17837427.0
2018-01-11 13:28:49.479413,430.2,430.2,430.4,17841227.0
2018-01-11 13:28:51.354247,430.2,430.2,430.4,17847527.0
2018-01-11 13:28:53.151552,430.2,430.2,430.4,17847527.0
2018-01-11 13:28:54.628228,430.2,430.2,430.4,17848427.0
2018-01-11 13:28:55.973341,430.2,430.2,430.4,17851127.0
2018-01-11 13:28:57.674200,430.2,430.2,430.4,17851127.0
2018-01-11 13:28:59.135841,430.2,430.2,430.4,17851127.0
2018-01-11 13:29:00.665897,430.2,430.2,430.4,17851127.0
2018-01-11 13:29:06.253413,430.2,430.2,430.4,17854327.0
2018-01-11 13:29:07.773961,430.2,430.2,430.4,17854227.0
2018-01-11 13:29:14.360860,430.2,430.2,430.4,17854227.0
2018-01-11 13:29:15.705642,430.4,430.2,430.4,17857927.0
2018-01-11 13:29:17.399010,430.4,430.2,430.4,17857927.0
2018-01-11 13:29:18.875463,430.4,430.2,430.4,17857927.0
2018-01-11 13:29:20.349793,430.4,430.2,430.4,17858627.0
2018-01-11 13:29:23.016255,430.4,430.2,430.4,17858627.0
2018-01-11 13:29:24.712127,430.2,430.2,430.4,17861527.0
2018-01-11 13:29:26.296644,430.4,430.2,430.4,17869527.0
2018-01-11 13:29:27.559192,430.4,430.2,430.4,17868827.0
2018-01-11 13:29:28.948411,430.4,430.2,430.4,17869527.0
2018-01-11 13:29:30.088349,430.4,430.2,430.4,17868827.0
2018-01-11 13:29:31.454905,430.4,430.2,430.4,17868827.0
2018-01-11 13:29:33.062933,430.4,430.2,430.4,17868827.0
2018-01-11 13:29:34.752742,430.4,430.2,430.4,17868827.0
2018-01-11 13:29:36.175041,430.4,430.2,430.6,17880727.0
2018-01-11 13:29:37.394432,430.4,430.4,430.8,17889627.0
2018-01-11 13:29:38.770514,430.4,430.4,430.8,17889527.0
2018-01-11 13:29:39.978421,430.4,430.4,430.8,17889627.0
2018-01-11 13:29:41.831308,430.4,430.2,430.8,17889627.0
2018-01-11 13:29:43.931683,430.4,430.4,430.8,17889627.0
2018-01-11 13:29:45.294193,430.4,430.4,430.8,17889627.0
2018-01-11 13:29:46.577934,430.4,430.4,430.8,17889627.0
2018-01-11 13:29:48.089499,430.4,430.2,430.8,17889527.0
2018-01-11 13:29:49.326337,430.4,430.4,430.8,17889627.0
2018-01-11 13:29:50.814917,430.4,430.4,430.8,17889627.0
2018-01-11 13:29:52.542403,430.4,430.2,430.8,17889627.0
2018-01-11 13:29:53.945325,430.4,430.4,430.8,17889527.0
2018-01-11 13:29:55.421802,430.4,430.4,430.8,17889527.0
2018-01-11 13:29:57.711783,430.4,430.4,430.8,17889527.0
2018-01-11 13:29:59.165014,430.4,430.4,430.8,17889627.0
2018-01-11 13:30:00.473812,430.4,430.4,430.8,17889627.0
2018-01-11 13:30:01.670864,430.4,430.4,430.8,17889527.0
2018-01-11 13:30:03.286732,430.4,430.2,430.8,17889527.0
2018-01-11 13:30:04.650521,430.4,430.4,430.6,17898127.0
2018-01-11 13:30:05.975048,430.4,430.4,430.6,17898127.0
2018-01-11 13:30:07.441816,430.4,430.4,430.6,17898127.0
2018-01-11 13:30:08.978485,430.4,430.4,430.6,17898127.0
2018-01-11 13:30:14.527253,430.4,430.4,430.6,17898127.0
2018-01-11 13:30:19.032453,430.6,430.4,430.6,17901927.0
2018-01-11 13:30:20.669199,430.6,430.4,430.6,17901927.0
2018-01-11 13:30:22.189009,430.6,430.4,430.6,17901927.0
2018-01-11 13:30:23.670872,430.6,430.4,430.6,17901927.0
2018-01-11 13:30:24.561392,430.6,430.4,430.6,17901927.0
2018-01-11 13:30:25.722177,430.6,430.4,430.6,17901927.0
2018-01-11 13:30:26.945247,430.6,430.4,430.6,17901927.0
2018-01-11 13:30:27.976848,430.6,430.4,430.6,17901927.0
2018-01-11 13:30:29.099456,430.6,430.4,430.6,17901927.0
2018-01-11 13:30:30.214420,430.6,430.4,430.6,17901927.0
2018-01-11 13:30:31.566482,430.6,430.4,430.6,17904627.0
2018-01-11 13:30:32.784481,430.6,430.4,430.6,17904627.0
2018-01-11 13:30:33.690270,430.4,430.4,430.6,17906727.0
2018-01-11 13:30:34.978350,430.4,430.4,430.6,17906727.0
2018-01-11 13:30:36.159985,430.4,430.4,430.6,17906727.0
2018-01-11 13:30:37.379967,430.4,430.4,430.6,17906727.0
2018-01-11 13:30:38.921371,430.4,430.4,430.6,17906727.0
2018-01-11 13:30:40.313961,430.4,430.4,430.6,17906727.0
2018-01-11 13:30:41.472508,430.4,430.4,430.6,17907727.0
2018-01-11 13:30:42.821706,430.4,430.4,430.6,17906727.0
2018-01-11 13:30:43.923220,430.4,430.4,430.6,17909927.0
2018-01-11 13:30:45.170283,430.4,430.4,430.6,17909927.0
2018-01-11 13:30:46.429264,430.4,430.4,430.6,17909927.0
2018-01-11 13:30:47.659901,430.4,430.4,430.6,17909927.0
2018-01-11 13:30:48.845202,430.4,430.4,430.6,17909927.0
2018-01-11 13:30:49.873580,430.4,430.4,430.6,17909927.0
2018-01-11 13:30:51.311766,430.4,430.4,430.6,17909927.0
2018-01-11 13:30:52.527155,430.4,430.4,430.6,17909927.0
2018-01-11 13:30:53.520693,430.4,430.4,430.6,17909927.0
2018-01-11 13:30:54.655761,430.4,430.4,430.6,17907727.0
2018-01-11 13:30:56.025478,430.4,430.4,430.6,17909927.0
2018-01-11 13:30:57.040983,430.4,430.4,430.6,17909927.0
2018-01-11 13:30:58.342032,430.4,430.4,430.6,17909927.0
2018-01-11 13:30:59.603778,430.4,430.4,430.6,17909927.0
2018-01-11 13:31:02.853427,430.6,430.4,430.6,17910538.0
2018-01-11 13:31:04.618414,430.4,430.4,430.6,17909927.0
2018-01-11 13:31:06.036961,430.4,430.4,430.6,17909927.0
2018-01-11 13:31:07.264166,430.4,430.4,430.6,17909927.0
2018-01-11 13:31:08.604523,430.4,430.4,430.6,17909927.0
2018-01-11 13:31:09.759236,430.6,430.4,430.6,17910538.0
2018-01-11 13:31:10.994098,430.6,430.4,430.6,17910538.0
2018-01-11 13:31:12.419332,430.4,430.4,430.6,17912238.0
2018-01-11 13:31:13.721300,430.4,430.4,430.6,17912238.0
2018-01-11 13:31:14.933344,430.4,430.4,430.6,17912238.0
2018-01-11 13:31:16.167034,430.4,430.4,430.6,17912238.0
2018-01-11 13:31:17.242376,430.4,430.4,430.6,17912238.0
2018-01-11 13:31:18.335440,430.6,430.4,430.6,17910538.0
2018-01-11 13:31:19.530313,430.4,430.4,430.6,17912238.0
2018-01-11 13:31:20.757917,430.4,430.4,430.6,17912238.0
2018-01-11 13:31:21.980359,430.4,430.4,430.6,17912238.0
2018-01-11 13:31:23.265594,430.4,430.4,430.6,17912238.0
2018-01-11 13:31:24.593518,430.4,430.4,430.6,17912238.0
2018-01-11 13:31:25.833611,430.6,430.4,430.6,17914338.0
2018-01-11 13:31:27.053685,430.6,430.4,430.6,17914338.0
2018-01-11 13:31:28.329772,430.4,430.4,430.6,17912238.0
2018-01-11 13:31:29.398653,430.6,430.4,430.6,17914338.0
2018-01-11 13:31:30.345315,430.6,430.4,430.6,17914338.0
2018-01-11 13:31:31.281089,430.4,430.4,430.6,17915638.0
2018-01-11 13:31:32.421991,430.6,430.4,430.6,17914338.0
2018-01-11 13:31:33.623290,430.4,430.4,430.6,17915638.0
2018-01-11 13:31:35.009479,430.4,430.4,430.6,17915638.0
2018-01-11 13:31:36.140460,430.4,430.4,430.6,17915638.0
2018-01-11 13:31:37.375867,430.4,430.4,430.6,17915638.0
2018-01-11 13:31:38.455475,430.4,430.4,430.6,17915638.0
2018-01-11 13:31:39.585770,430.4,430.4,430.6,17915638.0
2018-01-11 13:31:40.853685,430.4,430.4,430.6,17915638.0
2018-01-11 13:31:42.054444,430.6,430.4,430.6,17918438.0
2018-01-11 13:31:43.202892,430.6,430.4,430.6,17921138.0
2018-01-11 13:31:44.449777,430.6,430.4,430.6,17921738.0
2018-01-11 13:31:45.691169,430.6,430.4,430.6,17921738.0
2018-01-11 13:31:46.935420,430.6,430.4,430.6,17921138.0
2018-01-11 13:31:48.141802,430.6,430.4,430.6,17921738.0
2018-01-11 13:31:49.785935,430.4,430.4,430.6,17931338.0
2018-01-11 13:31:50.920533,430.4,430.4,430.6,17931338.0
2018-01-11 13:31:52.154015,430.6,430.4,430.6,17936638.0
2018-01-11 13:31:53.533762,430.6,430.4,430.6,17936638.0
2018-01-11 13:31:55.673967,430.6,430.4,430.6,17936638.0
2018-01-11 13:31:57.349473,430.6,430.4,430.6,17936638.0
2018-01-11 13:31:58.610654,430.6,430.4,430.6,17936638.0
2018-01-11 13:31:59.867738,430.6,430.4,430.6,17936638.0
2018-01-11 13:32:03.271668,430.6,430.4,430.6,17946438.0
2018-01-11 13:32:04.583021,430.6,430.4,430.6,17943938.0
2018-01-11 13:32:09.660819,430.6,430.4,430.6,17943938.0
2018-01-11 13:32:11.163301,430.4,430.4,430.6,17949738.0
2018-01-11 13:32:12.490979,430.4,430.4,430.6,17949938.0
2018-01-11 13:32:13.685858,430.4,430.4,430.6,17949938.0
2018-01-11 13:32:14.933316,430.4,430.4,430.6,17949738.0
2018-01-11 13:32:16.483842,430.4,430.4,430.6,17949738.0
2018-01-11 13:32:17.883346,430.4,430.4,430.6,17949738.0
2018-01-11 13:32:19.267680,430.4,430.4,430.6,17952038.0
2018-01-11 13:32:20.551528,430.4,430.4,430.6,17953838.0
2018-01-11 13:32:22.639046,430.4,430.4,430.6,17953838.0
2018-01-11 13:32:24.340443,430.4,430.4,430.6,17953838.0
2018-01-11 13:32:25.671695,430.4,430.4,430.6,17953838.0
2018-01-11 13:32:27.312961,430.4,430.4,430.6,17953838.0
2018-01-11 13:32:28.497565,430.4,430.4,430.6,17953838.0
2018-01-11 13:32:30.714248,430.4,430.4,430.6,17954538.0
2018-01-11 13:32:32.533385,430.4,430.4,430.6,17953838.0
2018-01-11 13:32:34.326083,430.4,430.2,430.4,17954538.0
2018-01-11 13:32:35.572640,430.4,430.2,430.4,17958338.0
2018-01-11 13:32:37.363522,430.4,430.4,430.6,17958338.0
2018-01-11 13:32:38.936212,430.4,430.2,430.4,17958338.0
2018-01-11 13:32:40.414150,430.4,430.2,430.4,17958480.0
2018-01-11 13:32:41.731344,430.4,430.2,430.4,17958338.0
2018-01-11 13:32:43.033104,430.4,430.2,430.4,17958338.0
2018-01-11 13:32:45.169413,430.4,430.2,430.4,17958338.0
2018-01-11 13:32:47.602159,430.4,430.2,430.4,17958338.0
2018-01-11 13:32:49.051359,430.4,430.2,430.4,17960180.0
2018-01-11 13:32:50.611468,430.4,430.2,430.4,17958480.0
2018-01-11 13:32:51.799932,430.4,430.2,430.4,17960180.0
2018-01-11 13:32:53.387658,430.4,430.2,430.4,17960180.0
2018-01-11 13:32:54.874354,430.4,430.2,430.4,17960180.0
2018-01-11 13:32:56.557329,430.4,430.2,430.4,17960180.0
2018-01-11 13:32:57.835117,430.2,430.2,430.4,17968180.0
2018-01-11 13:32:59.186146,430.4,430.2,430.4,17960480.0
2018-01-11 13:33:00.632952,430.2,430.2,430.4,17968180.0
2018-01-11 13:33:02.637666,430.2,430.2,430.4,17968180.0
2018-01-11 13:33:04.377788,430.2,430.2,430.4,17968180.0
2018-01-11 13:33:05.719972,430.2,430.2,430.4,17968180.0
2018-01-11 13:33:07.114606,430.4,430.2,430.4,17975980.0
2018-01-11 13:33:08.475245,430.4,430.2,430.6,17981280.0
2018-01-11 13:33:10.624652,430.4,430.2,430.6,17981280.0
2018-01-11 13:33:12.214379,430.4,430.2,430.6,17981280.0
2018-01-11 13:33:13.997060,430.4,430.2,430.6,17981280.0
2018-01-11 13:33:16.373623,430.4,430.2,430.6,17981280.0
2018-01-11 13:33:18.229685,430.4,430.2,430.6,17981280.0
2018-01-11 13:33:19.798925,430.4,430.4,430.6,17983880.0
2018-01-11 13:33:21.250924,430.4,430.4,430.6,17984280.0
2018-01-11 13:33:22.879677,430.4,430.4,430.6,17983880.0
2018-01-11 13:33:24.667326,430.4,430.4,430.6,17983880.0
2018-01-11 13:33:26.354957,430.4,430.4,430.6,17983880.0
2018-01-11 13:33:27.773674,430.4,430.4,430.6,17983880.0
2018-01-11 13:33:29.119546,430.4,430.4,430.6,17983880.0
2018-01-11 13:33:31.470142,430.4,430.4,430.6,17983880.0
2018-01-11 13:33:32.856830,430.4,430.4,430.6,17983880.0
2018-01-11 13:33:34.089804,430.4,430.4,430.6,17983880.0
2018-01-11 13:33:35.276016,430.4,430.4,430.6,17983880.0
2018-01-11 13:33:37.864353,430.4,430.4,430.6,17983880.0
2018-01-11 13:33:39.419286,430.4,430.4,430.6,17983880.0
2018-01-11 13:33:40.712002,430.4,430.2,430.4,17987980.0
2018-01-11 13:33:41.988278,430.4,430.2,430.4,17987980.0
2018-01-11 13:33:43.684721,430.4,430.2,430.4,17987980.0
2018-01-11 13:33:45.344538,430.4,430.2,430.4,17987980.0
2018-01-11 13:33:46.758140,430.4,430.2,430.4,17987980.0
2018-01-11 13:33:48.079624,430.4,430.2,430.4,17987980.0
2018-01-11 13:33:49.388111,430.4,430.2,430.4,17987980.0
2018-01-11 13:33:51.000226,430.4,430.2,430.4,17990180.0
2018-01-11 13:33:52.608669,430.4,430.2,430.4,17990180.0
2018-01-11 13:33:53.877793,430.4,430.2,430.4,17990180.0
2018-01-11 13:33:55.392307,430.4,430.2,430.4,17990180.0
2018-01-11 13:33:56.572591,430.4,430.2,430.4,17990180.0
2018-01-11 13:33:57.770410,430.4,430.2,430.4,17990180.0
2018-01-11 13:33:59.434100,430.4,430.2,430.4,17990180.0
2018-01-11 13:34:02.987198,430.2,430.2,430.4,17990680.0
2018-01-11 13:34:04.592688,430.6,430.2,430.4,18020980.0
2018-01-11 13:34:06.045238,430.6,430.2,430.4,18020980.0
2018-01-11 13:34:07.356527,430.6,430.2,430.4,18020980.0
2018-01-11 13:34:08.717751,430.6,430.2,430.4,18020980.0
2018-01-11 13:34:10.077887,430.6,430.2,430.4,18020980.0
2018-01-11 13:34:13.085444,430.6,430.2,430.4,18020980.0
2018-01-11 13:34:14.540584,430.6,430.2,430.4,18020980.0
2018-01-11 13:34:15.939183,430.6,430.2,430.4,18020980.0
2018-01-11 13:34:17.208193,430.6,430.2,430.4,18020980.0
2018-01-11 13:34:18.614340,430.6,430.2,430.4,18020980.0
2018-01-11 13:34:19.935860,430.6,430.2,430.4,18020980.0
2018-01-11 13:34:21.340002,430.6,430.2,430.4,18020980.0
2018-01-11 13:34:23.085180,430.6,430.2,430.4,18020980.0
2018-01-11 13:34:24.386866,430.6,430.2,430.4,18020980.0
2018-01-11 13:34:25.699230,430.6,430.2,430.4,18020980.0
2018-01-11 13:34:27.195480,430.6,430.6,430.8,18029880.0
2018-01-11 13:34:28.595081,430.6,430.6,430.8,18029880.0
2018-01-11 13:34:29.924061,430.6,430.6,430.8,18029880.0
2018-01-11 13:34:31.341895,430.6,430.6,430.8,18029880.0
2018-01-11 13:34:33.804862,430.6,430.6,430.8,18029880.0
2018-01-11 13:34:35.349752,430.6,430.6,430.8,18029880.0
2018-01-11 13:34:36.865672,430.6,430.6,430.8,18029880.0
2018-01-11 13:34:38.412089,430.6,430.6,430.8,18029880.0
2018-01-11 13:34:40.005090,430.6,430.6,430.8,18029880.0
2018-01-11 13:34:41.295825,430.6,430.6,430.8,18037580.0
2018-01-11 13:34:42.794556,430.6,430.6,430.8,18037580.0
2018-01-11 13:34:44.020730,430.6,430.6,430.8,18037580.0
2018-01-11 13:34:45.231260,430.6,430.6,430.8,18037580.0
2018-01-11 13:34:46.999839,430.6,430.6,430.8,18037580.0
2018-01-11 13:34:48.347473,430.6,430.6,430.8,18041380.0
2018-01-11 13:34:49.638461,430.6,430.6,430.8,18041380.0
2018-01-11 13:34:51.146088,430.6,430.6,430.8,18041380.0
2018-01-11 13:34:52.747995,430.6,430.6,430.8,18041380.0
2018-01-11 13:34:54.085427,430.6,430.6,430.8,18041380.0
2018-01-11 13:34:55.477298,430.6,430.6,430.8,18041380.0
2018-01-11 13:34:57.671904,430.6,430.6,430.8,18046680.0
2018-01-11 13:34:59.028939,430.6,430.6,430.8,18046680.0
2018-01-11 13:35:03.191033,430.6,430.6,430.8,18046680.0
2018-01-11 13:35:07.904235,430.6,430.6,430.8,18046680.0
2018-01-11 13:35:09.231091,430.6,430.6,430.8,18046680.0
2018-01-11 13:35:10.657191,430.6,430.6,430.8,18046680.0
2018-01-11 13:35:11.861284,430.6,430.6,430.8,18050180.0
2018-01-11 13:35:13.308187,430.6,430.6,430.8,18050180.0
2018-01-11 13:35:15.490439,430.6,430.6,430.8,18050180.0
2018-01-11 13:35:17.009077,430.6,430.6,430.8,18050180.0
2018-01-11 13:35:18.513343,430.6,430.6,430.8,18050180.0
2018-01-11 13:35:20.217973,430.6,430.6,430.8,18050180.0
2018-01-11 13:35:21.492980,430.6,430.6,430.8,18050180.0
2018-01-11 13:35:22.978168,430.6,430.6,430.8,18049180.0
2018-01-11 13:35:24.191202,430.6,430.6,430.8,18050180.0
2018-01-11 13:35:25.408369,430.6,430.6,430.8,18050180.0
2018-01-11 13:35:26.793144,430.6,430.6,430.8,18049180.0
2018-01-11 13:35:27.935542,430.6,430.6,430.8,18050180.0
2018-01-11 13:35:29.294717,430.6,430.6,430.8,18050180.0
2018-01-11 13:35:30.745986,430.6,430.6,430.8,18050180.0
2018-01-11 13:35:32.020033,430.6,430.6,430.8,18050180.0
2018-01-11 13:35:33.349879,430.6,430.6,430.8,18049180.0
2018-01-11 13:35:34.627712,430.6,430.6,430.8,18049180.0
2018-01-11 13:35:36.056085,430.6,430.6,430.8,18049180.0
2018-01-11 13:35:37.426197,430.6,430.6,430.8,18050180.0
2018-01-11 13:35:38.828951,430.6,430.6,430.8,18049180.0
2018-01-11 13:35:40.536869,430.6,430.6,430.8,18049180.0
2018-01-11 13:35:41.781577,430.6,430.6,430.8,18050180.0
2018-01-11 13:35:43.303321,430.6,430.6,430.8,18050180.0
2018-01-11 13:35:44.855101,430.6,430.6,430.8,18058880.0
2018-01-11 13:35:46.248535,430.6,430.6,430.8,18058880.0
2018-01-11 13:35:47.545531,430.6,430.6,430.8,18058880.0
2018-01-11 13:35:48.831404,430.6,430.6,430.8,18058880.0
2018-01-11 13:35:50.347936,430.6,430.6,430.8,18058880.0
2018-01-11 13:35:51.528782,430.6,430.6,430.8,18058880.0
2018-01-11 13:35:52.752543,430.6,430.6,430.8,18058680.0
2018-01-11 13:35:54.298444,430.6,430.6,430.8,18058680.0
2018-01-11 13:35:55.446679,430.6,430.6,430.8,18058680.0
2018-01-11 13:35:57.695866,430.6,430.6,430.8,18058680.0
2018-01-11 13:35:59.305021,430.6,430.6,430.8,18058880.0
2018-01-11 13:36:00.849743,430.6,430.6,430.8,18058680.0
2018-01-11 13:36:02.119014,430.6,430.6,430.8,18058880.0
2018-01-11 13:36:03.354648,430.6,430.6,430.8,18058880.0
2018-01-11 13:36:04.777609,430.6,430.6,430.8,18058880.0
2018-01-11 13:36:06.247045,430.6,430.6,430.8,18058880.0
2018-01-11 13:36:09.564556,430.6,430.6,430.8,18058880.0
2018-01-11 13:36:10.853822,430.6,430.6,430.8,18058680.0
2018-01-11 13:36:12.515205,430.6,430.6,430.8,18062380.0
2018-01-11 13:36:15.481225,430.6,430.6,430.8,18062380.0
2018-01-11 13:36:16.925209,430.6,430.6,430.8,18062380.0
2018-01-11 13:36:18.271966,430.6,430.6,430.8,18062380.0
2018-01-11 13:36:20.032837,430.6,430.6,430.8,18062380.0
2018-01-11 13:36:21.638700,430.6,430.6,430.8,18062580.0
2018-01-11 13:36:23.109215,430.6,430.6,430.8,18062580.0
2018-01-11 13:36:24.686373,430.6,430.6,430.8,18062580.0
2018-01-11 13:36:26.247922,430.6,430.6,430.8,18062580.0
2018-01-11 13:36:27.431040,430.6,430.6,430.8,18062580.0
2018-01-11 13:36:28.635127,430.6,430.6,430.8,18062580.0
2018-01-11 13:36:30.008330,430.6,430.6,430.8,18062580.0
2018-01-11 13:36:31.431925,430.6,430.6,430.8,18062580.0
2018-01-11 13:36:32.983424,430.6,430.6,430.8,18062580.0
2018-01-11 13:36:34.496600,430.8,430.6,430.8,18063880.0
2018-01-11 13:36:35.788234,430.8,430.6,430.8,18063880.0
2018-01-11 13:36:37.291115,430.8,430.6,430.8,18063880.0
2018-01-11 13:36:38.798120,430.8,430.6,430.8,18063880.0
2018-01-11 13:36:40.416880,430.8,430.6,430.8,18063880.0
2018-01-11 13:36:42.604359,430.8,430.6,430.8,18063880.0
2018-01-11 13:36:44.117019,430.8,430.6,430.8,18063880.0
2018-01-11 13:36:45.276648,430.8,430.6,430.8,18063880.0
2018-01-11 13:36:46.532788,430.8,430.6,430.8,18063880.0
2018-01-11 13:36:48.100894,430.8,430.6,430.8,18063880.0
2018-01-11 13:36:49.653693,430.8,430.6,430.8,18063880.0
2018-01-11 13:36:51.191540,430.8,430.6,430.8,18063880.0
2018-01-11 13:36:52.930757,430.8,430.6,430.8,18063880.0
2018-01-11 13:36:54.657883,430.8,430.6,430.8,18063880.0
2018-01-11 13:36:56.220691,430.8,430.6,430.8,18063880.0
2018-01-11 13:36:57.402424,430.8,430.6,430.8,18066680.0
2018-01-11 13:36:58.795896,430.6,430.6,430.8,18082280.0
2018-01-11 13:36:59.992122,430.6,430.6,430.8,18082280.0
2018-01-11 13:37:05.148916,430.6,430.6,430.8,18081780.0
2018-01-11 13:37:06.672307,430.6,430.6,430.8,18082280.0
2018-01-11 13:37:08.106809,430.6,430.6,430.8,18081780.0
2018-01-11 13:37:10.062039,430.6,430.6,430.8,18084780.0
2018-01-11 13:37:14.778560,430.6,430.4,430.6,18084780.0
2018-01-11 13:37:16.639857,430.6,430.4,430.6,18084780.0
2018-01-11 13:37:18.128365,430.6,430.4,430.6,18084780.0
2018-01-11 13:37:19.673231,430.4,430.4,430.6,18084980.0
2018-01-11 13:37:20.980692,430.4,430.4,430.6,18084980.0
2018-01-11 13:37:22.132358,430.6,430.4,430.6,18084780.0
2018-01-11 13:37:23.355085,430.4,430.4,430.6,18084980.0
2018-01-11 13:37:24.635445,430.4,430.4,430.6,18084980.0
2018-01-11 13:37:26.274852,430.4,430.4,430.6,18084980.0
2018-01-11 13:37:27.499217,430.4,430.4,430.6,18084980.0
2018-01-11 13:37:29.316477,430.4,430.4,430.6,18084980.0
2018-01-11 13:37:30.691411,430.4,430.4,430.6,18087980.0
2018-01-11 13:37:32.222434,430.6,430.4,430.6,18088380.0
2018-01-11 13:37:33.630925,430.6,430.4,430.6,18088380.0
2018-01-11 13:37:35.186690,430.6,430.4,430.6,18088380.0
2018-01-11 13:37:36.778641,430.4,430.4,430.6,18087980.0
2018-01-11 13:37:38.267921,430.4,430.4,430.6,18087980.0
2018-01-11 13:37:39.697879,430.6,430.4,430.6,18091280.0
2018-01-11 13:37:40.979522,430.6,430.4,430.6,18091280.0
2018-01-11 13:37:42.257313,430.6,430.4,430.6,18091280.0
2018-01-11 13:37:43.676940,430.6,430.4,430.6,18091280.0
2018-01-11 13:37:44.896777,430.6,430.4,430.6,18091280.0
2018-01-11 13:37:46.184167,430.6,430.4,430.6,18091280.0
2018-01-11 13:37:47.642854,430.6,430.4,430.6,18091280.0
2018-01-11 13:37:49.045148,430.6,430.4,430.6,18093280.0
2018-01-11 13:37:50.979077,430.4,430.4,430.6,18094280.0
2018-01-11 13:37:52.259617,430.6,430.4,430.6,18093280.0
2018-01-11 13:37:53.809475,430.4,430.4,430.6,18094280.0
2018-01-11 13:37:55.379672,430.4,430.4,430.6,18094280.0
2018-01-11 13:37:57.046150,430.4,430.4,430.6,18094280.0
2018-01-11 13:37:58.351440,430.6,430.4,430.6,18093280.0
2018-01-11 13:37:59.723207,430.6,430.4,430.6,18093280.0
2018-01-11 13:38:01.159815,430.6,430.4,430.6,18093280.0
2018-01-11 13:38:02.513316,430.6,430.4,430.6,18093280.0
2018-01-11 13:38:03.950746,430.6,430.4,430.6,18093280.0
2018-01-11 13:38:05.224573,430.6,430.4,430.6,18096280.0
2018-01-11 13:38:08.757473,430.4,430.4,430.6,18096880.0
2018-01-11 13:38:10.202848,430.6,430.4,430.6,18096280.0
2018-01-11 13:38:11.726496,430.4,430.4,430.6,18099580.0
2018-01-11 13:38:13.219839,430.4,430.4,430.6,18099580.0
2018-01-11 13:38:14.653006,430.4,430.4,430.6,18099580.0
2018-01-11 13:38:16.192539,430.6,430.4,430.6,18103880.0
2018-01-11 13:38:17.368037,430.6,430.4,430.6,18103880.0
2018-01-11 13:38:18.649480,430.4,430.4,430.6,18099580.0
2018-01-11 13:38:20.235254,430.6,430.4,430.6,18103880.0
2018-01-11 13:38:21.791325,430.6,430.4,430.6,18103880.0
2018-01-11 13:38:22.991824,430.6,430.4,430.6,18116280.0
2018-01-11 13:38:24.488007,430.6,430.4,430.6,18116880.0
2018-01-11 13:38:25.800820,430.6,430.4,430.6,18116280.0
2018-01-11 13:38:27.223884,430.6,430.4,430.6,18116880.0
2018-01-11 13:38:32.921197,430.6,430.4,430.6,18116280.0
2018-01-11 13:38:35.072850,430.6,430.4,430.6,18116880.0
2018-01-11 13:38:36.291548,430.6,430.4,430.6,18116880.0
2018-01-11 13:38:38.506621,430.6,430.4,430.6,18116880.0
2018-01-11 13:38:39.902452,430.6,430.4,430.6,18116880.0
2018-01-11 13:38:41.548248,430.6,430.4,430.6,18116280.0
2018-01-11 13:38:42.949572,430.6,430.4,430.6,18116880.0
2018-01-11 13:38:44.205129,430.8,430.4,430.6,18122780.0
2018-01-11 13:38:45.421133,430.8,430.4,430.6,18122780.0
2018-01-11 13:38:46.808894,430.8,430.6,430.8,18122780.0
2018-01-11 13:38:48.137564,430.6,430.6,430.8,18122980.0
2018-01-11 13:38:49.653644,430.8,430.6,430.8,18122780.0
2018-01-11 13:38:50.843050,430.6,430.6,430.8,18122980.0
2018-01-11 13:38:52.266473,430.8,430.6,430.8,18122780.0
2018-01-11 13:38:54.778843,430.6,430.6,430.8,18122980.0
2018-01-11 13:38:56.181819,430.6,430.6,430.8,18122980.0
2018-01-11 13:38:57.718540,430.6,430.6,430.8,18122980.0
2018-01-11 13:38:58.923900,430.8,430.6,430.8,18122780.0
2018-01-11 13:39:00.247636,430.6,430.6,430.8,18122980.0
2018-01-11 13:39:01.603676,430.6,430.6,430.8,18122980.0
2018-01-11 13:39:03.152322,430.6,430.6,430.8,18122980.0
2018-01-11 13:39:04.863447,430.6,430.6,430.8,18122980.0
2018-01-11 13:39:06.087458,430.6,430.6,430.8,18122980.0
2018-01-11 13:39:07.319286,430.8,430.6,430.8,18129980.0
2018-01-11 13:39:08.727172,430.6,430.6,430.8,18122980.0
2018-01-11 13:39:10.039225,430.6,430.6,430.8,18122980.0
2018-01-11 13:39:11.243800,430.8,430.6,430.8,18129980.0
2018-01-11 13:39:13.201283,430.8,430.6,430.8,18129980.0
2018-01-11 13:39:14.599081,430.6,430.6,430.8,18130080.0
2018-01-11 13:39:15.862331,430.8,430.6,430.8,18133380.0
2018-01-11 13:39:17.156669,430.8,430.6,430.8,18133380.0
2018-01-11 13:39:18.555965,430.8,430.6,430.8,18133380.0
2018-01-11 13:39:19.837829,430.8,430.6,430.8,18133380.0
2018-01-11 13:39:21.503178,430.8,430.6,430.8,18133380.0
2018-01-11 13:39:23.248112,430.8,430.6,430.8,18133380.0
2018-01-11 13:39:24.433745,430.8,430.6,430.8,18133380.0
2018-01-11 13:39:25.666494,430.8,430.6,430.8,18133380.0
2018-01-11 13:39:26.994869,430.8,430.6,430.8,18136280.0
2018-01-11 13:39:28.208140,430.8,430.6,430.8,18136280.0
2018-01-11 13:39:29.641490,430.8,430.6,430.8,18136280.0
2018-01-11 13:39:31.023329,430.8,430.6,430.8,18136280.0
2018-01-11 13:39:32.375816,430.8,430.6,430.8,18136280.0
2018-01-11 13:39:33.625444,430.8,430.6,430.8,18136280.0
2018-01-11 13:39:34.942345,430.8,430.6,430.8,18136280.0
2018-01-11 13:39:37.041255,430.8,430.6,430.8,18136280.0
2018-01-11 13:39:38.273536,430.8,430.6,430.8,18136280.0
2018-01-11 13:39:39.853187,430.8,430.6,430.8,18136280.0
2018-01-11 13:39:42.002738,430.8,430.6,430.8,18136280.0
2018-01-11 13:39:43.275019,430.6,430.6,430.8,18139780.0
2018-01-11 13:39:44.455291,430.6,430.6,430.8,18139780.0
2018-01-11 13:39:46.020047,430.6,430.6,430.8,18139780.0
2018-01-11 13:39:47.230325,430.6,430.6,430.8,18139780.0
2018-01-11 13:39:48.967474,430.6,430.6,430.8,18139780.0
2018-01-11 13:39:50.309817,430.6,430.6,430.8,18139780.0
2018-01-11 13:39:51.476764,430.8,430.6,430.8,18143180.0
2018-01-11 13:39:52.755500,430.8,430.6,430.8,18143180.0
2018-01-11 13:39:54.095842,430.8,430.6,430.8,18143180.0
2018-01-11 13:39:55.569593,430.8,430.6,430.8,18143180.0
2018-01-11 13:39:57.661260,430.8,430.6,430.8,18143180.0
2018-01-11 13:39:59.136867,430.6,430.6,430.8,18143380.0
2018-01-11 13:40:00.590178,430.8,430.6,430.8,18143180.0
2018-01-11 13:40:03.295159,430.6,430.6,430.8,18143380.0
2018-01-11 13:40:05.090313,430.6,430.6,430.8,18143380.0
2018-01-11 13:40:06.476603,430.8,430.6,430.8,18143180.0
2018-01-11 13:40:08.019683,430.8,430.6,430.8,18151980.0
2018-01-11 13:40:09.451547,430.8,430.6,430.8,18151980.0
2018-01-11 13:40:10.966129,430.8,430.6,430.8,18151980.0
2018-01-11 13:40:12.958246,430.6,430.6,430.8,18153980.0
2018-01-11 13:40:14.897694,430.6,430.6,430.8,18153980.0
2018-01-11 13:40:16.350841,430.6,430.6,430.8,18154080.0
2018-01-11 13:40:17.727240,430.6,430.6,430.8,18153980.0
2018-01-11 13:40:19.093499,430.6,430.6,430.8,18154080.0
2018-01-11 13:40:20.613593,430.6,430.6,430.8,18153980.0
2018-01-11 13:40:21.954820,430.6,430.6,430.8,18153980.0
2018-01-11 13:40:23.408339,430.6,430.6,430.8,18153980.0
2018-01-11 13:40:25.015959,430.8,430.6,430.8,18159080.0
2018-01-11 13:40:26.556833,430.8,430.6,430.8,18159080.0
2018-01-11 13:40:28.308258,430.8,430.6,430.8,18163780.0
2018-01-11 13:40:30.222257,430.8,430.6,431.0,18176680.0
2018-01-11 13:40:31.645617,430.8,430.6,431.0,18176680.0
2018-01-11 13:40:33.034696,430.8,430.6,431.0,18176680.0
2018-01-11 13:40:34.111386,430.8,430.6,431.0,18177080.0
2018-01-11 13:40:35.219017,431.0,430.8,431.0,18188780.0
2018-01-11 13:40:36.229445,431.0,430.8,431.0,18188780.0
2018-01-11 13:40:37.390084,431.0,430.8,431.0,18205780.0
2018-01-11 13:40:38.519571,431.0,431.0,431.2,18205780.0
2018-01-11 13:40:39.521213,431.0,431.0,431.2,18210980.0
2018-01-11 13:40:41.013557,431.0,431.0,431.2,18210980.0
2018-01-11 13:40:42.289351,431.0,431.0,431.2,18205780.0
2018-01-11 13:40:43.479900,431.0,431.0,431.2,18210980.0
2018-01-11 13:40:44.904959,431.0,431.0,431.2,18205780.0
2018-01-11 13:40:46.239214,431.0,431.0,431.2,18205780.0
2018-01-11 13:40:47.681602,431.0,431.0,431.2,18210980.0
2018-01-11 13:40:49.010239,431.0,431.0,431.2,18210980.0
2018-01-11 13:40:50.424034,431.0,431.0,431.2,18210980.0
2018-01-11 13:40:51.811027,431.0,431.0,431.2,18210980.0
2018-01-11 13:40:53.095278,431.0,431.0,431.2,18210980.0
2018-01-11 13:40:54.429214,431.0,431.0,431.2,18210980.0
2018-01-11 13:40:55.713012,431.2,431.0,431.2,18214480.0
2018-01-11 13:40:57.002573,431.0,431.0,431.2,18213780.0
2018-01-11 13:40:58.340259,431.0,431.0,431.2,18213780.0
2018-01-11 13:40:59.545559,431.2,431.0,431.2,18214480.0
2018-01-11 13:41:00.720050,431.0,431.0,431.2,18213780.0
2018-01-11 13:41:02.677692,431.0,431.0,431.2,18227280.0
2018-01-11 13:41:04.268976,431.0,431.0,431.2,18227280.0
2018-01-11 13:41:05.569921,431.0,431.0,431.2,18227280.0
2018-01-11 13:41:07.749237,431.2,431.0,431.2,18220980.0
2018-01-11 13:41:09.141083,431.0,431.0,431.2,18227280.0
2018-01-11 13:41:10.606962,431.0,431.0,431.2,18227280.0
2018-01-11 13:41:12.094692,431.2,431.0,431.2,18229980.0
2018-01-11 13:41:13.488460,431.2,431.0,431.2,18229980.0
2018-01-11 13:41:14.910392,431.2,431.0,431.2,18229980.0
2018-01-11 13:41:16.145093,431.0,431.0,431.2,18230880.0
2018-01-11 13:41:17.441815,431.2,431.0,431.2,18229980.0
2018-01-11 13:41:19.017588,431.2,431.0,431.2,18229980.0
2018-01-11 13:41:20.324663,431.0,431.0,431.2,18230880.0
2018-01-11 13:41:22.159015,431.2,431.0,431.2,18232880.0
2018-01-11 13:41:23.406579,431.2,431.0,431.2,18232880.0
2018-01-11 13:41:24.954460,431.2,431.0,431.2,18232880.0
2018-01-11 13:41:26.247676,431.0,431.0,431.2,18230880.0
2018-01-11 13:41:27.382636,431.2,431.0,431.2,18232880.0
2018-01-11 13:41:28.980406,431.2,431.0,431.2,18232880.0
2018-01-11 13:41:30.351277,431.0,431.0,431.2,18230880.0
2018-01-11 13:41:31.630670,431.2,431.0,431.2,18232880.0
2018-01-11 13:41:32.984833,431.2,431.0,431.2,18238980.0
2018-01-11 13:41:34.160532,431.2,431.0,431.2,18238980.0
2018-01-11 13:41:35.484236,431.2,431.0,431.2,18238980.0
2018-01-11 13:41:37.779480,431.2,431.0,431.2,18238180.0
2018-01-11 13:41:39.129134,431.2,431.0,431.2,18238980.0
2018-01-11 13:41:40.591651,431.2,431.0,431.2,18242080.0
2018-01-11 13:41:41.848312,431.2,431.2,431.4,18248380.0
2018-01-11 13:41:43.307432,431.2,431.2,431.4,18248380.0
2018-01-11 13:41:45.087181,431.2,431.2,431.4,18249180.0
2018-01-11 13:41:46.816767,431.2,431.2,431.4,18248380.0
2018-01-11 13:41:48.321737,431.2,431.2,431.4,18249180.0
2018-01-11 13:41:49.874599,431.2,431.2,431.4,18249180.0
2018-01-11 13:41:51.074132,431.2,431.2,431.4,18248380.0
2018-01-11 13:41:52.794758,431.2,431.2,431.4,18249180.0
2018-01-11 13:41:54.170751,431.2,431.2,431.4,18248380.0
2018-01-11 13:41:55.792803,431.2,431.2,431.4,18248380.0
2018-01-11 13:41:57.290591,431.2,431.2,431.4,18249180.0
2018-01-11 13:41:58.896624,431.2,431.2,431.4,18249180.0
2018-01-11 13:42:00.192227,431.4,431.4,431.6,18261280.0
2018-01-11 13:42:04.972506,431.4,431.4,431.6,18263080.0
2018-01-11 13:42:07.149919,431.4,431.4,431.6,18263080.0
2018-01-11 13:42:10.116278,431.4,431.4,431.6,18272880.0
2018-01-11 13:42:13.369119,431.4,431.4,431.6,18277380.0
2018-01-11 13:42:17.577903,431.4,431.4,431.6,18282080.0
2018-01-11 13:42:20.962746,431.4,431.4,431.6,18282080.0
2018-01-11 13:42:23.228542,431.4,431.4,431.6,18281180.0
2018-01-11 13:42:25.305040,431.4,431.4,431.6,18281180.0
2018-01-11 13:42:28.753475,431.6,431.4,431.6,18311280.0
2018-01-11 13:42:31.541093,431.6,431.4,431.6,18311280.0
2018-01-11 13:42:33.839930,431.6,431.4,431.6,18311280.0
2018-01-11 13:42:37.608564,431.6,431.4,431.6,18311280.0
2018-01-11 13:42:41.197090,431.8,431.8,432.0,18333680.0
2018-01-11 13:42:45.915593,432.0,431.8,432.0,18338480.0
2018-01-11 13:42:48.748380,432.0,432.0,432.2,18348380.0
2018-01-11 13:42:51.877942,432.0,432.0,432.2,18348580.0
2018-01-11 13:42:54.603515,432.0,432.0,432.2,18348580.0
2018-01-11 13:42:57.735099,432.0,432.0,432.2,18367180.0
2018-01-11 13:43:01.085003,432.0,432.0,432.2,18367480.0
2018-01-11 13:43:04.753314,432.0,432.0,432.2,18367480.0
2018-01-11 13:43:09.267432,432.0,432.0,432.2,18367180.0
2018-01-11 13:43:12.299698,432.0,432.0,432.2,18373280.0
2018-01-11 13:43:17.549841,432.0,432.0,432.2,18375080.0
2018-01-11 13:43:20.951219,432.0,432.0,432.2,18375080.0
2018-01-11 13:43:23.184924,432.2,432.0,432.2,18380280.0
2018-01-11 13:43:26.194356,432.2,432.0,432.2,18380280.0
2018-01-11 13:43:28.877077,432.2,432.0,432.2,18380280.0
2018-01-11 13:43:32.006122,432.0,432.0,432.2,18384480.0
2018-01-11 13:43:36.513355,432.0,432.0,432.2,18384480.0
2018-01-11 13:43:41.073563,432.0,431.8,432.0,18412780.0
2018-01-11 13:43:44.909643,432.0,431.8,432.0,18412780.0
2018-01-11 13:43:46.317607,432.0,431.8,432.0,18412780.0
2018-01-11 13:43:47.973713,432.0,432.0,432.2,18419380.0
2018-01-11 13:43:49.284995,432.0,431.8,432.0,18419380.0
2018-01-11 13:43:51.200366,432.0,431.8,432.0,18425580.0
2018-01-11 13:43:52.437792,432.0,432.0,432.2,18419380.0
2018-01-11 13:43:53.611984,432.0,431.8,432.0,18425580.0
2018-01-11 13:43:55.049937,432.0,431.8,432.0,18425580.0
2018-01-11 13:43:56.613741,432.0,431.8,432.0,18425580.0
2018-01-11 13:43:57.911177,432.0,431.8,432.0,18425580.0
2018-01-11 13:43:59.325511,432.0,431.8,432.0,18425580.0
2018-01-11 13:44:00.863598,432.0,431.8,432.0,18425580.0
2018-01-11 13:44:02.417895,432.0,431.8,432.0,18425580.0
2018-01-11 13:44:05.291844,432.0,431.8,432.0,18426180.0
2018-01-11 13:44:06.800226,432.0,431.8,432.0,18426180.0
2018-01-11 13:44:11.637434,432.0,431.8,432.0,18427280.0
2018-01-11 13:44:13.073223,432.0,431.8,432.0,18437080.0
2018-01-11 13:44:15.415018,431.8,431.8,432.0,18438080.0
2018-01-11 13:44:16.876952,431.8,431.8,432.0,18439980.0
2018-01-11 13:44:18.079742,431.8,431.8,432.0,18439980.0
2018-01-11 13:44:19.446083,431.8,431.8,432.0,18439980.0
2018-01-11 13:44:20.845523,432.0,431.8,432.0,18442880.0
2018-01-11 13:44:22.256831,431.8,431.8,432.0,18439980.0
2018-01-11 13:44:23.516835,432.0,431.8,432.0,18442880.0
2018-01-11 13:44:24.845236,432.0,431.8,432.0,18442880.0
2018-01-11 13:44:26.328610,431.8,431.8,432.0,18439980.0
2018-01-11 13:44:27.711187,432.0,431.8,432.0,18442880.0
2018-01-11 13:44:29.169545,432.0,431.8,432.0,18450780.0
2018-01-11 13:44:30.466357,432.0,431.8,432.0,18451080.0
2018-01-11 13:44:31.772569,432.0,431.8,432.0,18451080.0
2018-01-11 13:44:32.976333,432.0,431.8,432.0,18450780.0
2018-01-11 13:44:34.459962,432.0,431.8,432.0,18458980.0
2018-01-11 13:44:35.931929,432.0,431.8,432.0,18458980.0
2018-01-11 13:44:37.303211,432.0,431.8,432.0,18458980.0
2018-01-11 13:44:38.812528,432.0,431.8,432.0,18458980.0
2018-01-11 13:44:40.238267,432.0,432.0,432.2,18464980.0
2018-01-11 13:44:41.886343,432.0,432.0,432.2,18465680.0
2018-01-11 13:44:43.259362,432.0,432.0,432.2,18465680.0
2018-01-11 13:44:44.642323,432.0,432.0,432.2,18464980.0
2018-01-11 13:44:46.096010,432.0,432.0,432.2,18464980.0
2018-01-11 13:44:48.603398,432.0,432.0,432.2,18464980.0
2018-01-11 13:44:49.985184,432.0,431.8,432.0,18470780.0
2018-01-11 13:44:51.634384,432.0,431.8,432.0,18470780.0
2018-01-11 13:44:53.279998,432.0,431.8,432.0,18472980.0
2018-01-11 13:44:54.698568,432.0,431.8,432.0,18470780.0
2018-01-11 13:44:56.170453,432.0,431.8,432.0,18470780.0
2018-01-11 13:44:57.827647,432.0,431.8,432.0,18470780.0
2018-01-11 13:44:59.152838,432.0,431.8,432.0,18476227.0
2018-01-11 13:45:00.527021,432.0,431.8,432.0,18476227.0
2018-01-11 13:45:03.639206,432.0,431.8,432.0,18476227.0
2018-01-11 13:45:05.296135,432.0,431.8,432.0,18481527.0
2018-01-11 13:45:07.673962,432.0,431.8,432.0,18491627.0
2018-01-11 13:45:09.114769,432.0,431.8,432.0,18492027.0
2018-01-11 13:45:10.423525,432.0,431.8,432.0,18492027.0
2018-01-11 13:45:12.784367,432.0,431.8,432.0,18492027.0
2018-01-11 13:45:14.013513,431.8,431.8,432.0,18497327.0
2018-01-11 13:45:15.329866,431.8,431.8,432.0,18497327.0
2018-01-11 13:45:17.648076,431.8,431.8,432.0,18497327.0
2018-01-11 13:45:19.028547,431.8,431.8,432.0,18497327.0
2018-01-11 13:45:20.515554,431.8,431.8,432.0,18507727.0
2018-01-11 13:45:21.717731,431.6,431.6,432.0,18508127.0
2018-01-11 13:45:22.978093,431.8,431.6,432.0,18507727.0
2018-01-11 13:45:24.424294,431.6,431.6,432.0,18508127.0
2018-01-11 13:45:25.745768,431.6,431.6,432.0,18508127.0
2018-01-11 13:45:27.008013,431.8,431.6,432.0,18507727.0
2018-01-11 13:45:28.271881,431.6,431.6,432.0,18508127.0
2018-01-11 13:45:29.732334,431.6,431.6,432.0,18508127.0
2018-01-11 13:45:31.277551,431.6,431.6,432.0,18508127.0
2018-01-11 13:45:33.307739,431.8,431.6,432.0,18507727.0
2018-01-11 13:45:34.704753,431.8,431.6,432.0,18507727.0
2018-01-11 13:45:36.243052,431.6,431.6,431.8,18512227.0
2018-01-11 13:45:38.296932,431.8,431.6,431.8,18510727.0
2018-01-11 13:45:39.564620,431.8,431.6,431.8,18510727.0
2018-01-11 13:45:40.801560,431.8,431.6,431.8,18510727.0
2018-01-11 13:45:42.125481,431.8,431.6,431.8,18510727.0
2018-01-11 13:45:43.774059,431.8,431.6,431.8,18510727.0
2018-01-11 13:45:45.420163,431.8,431.6,431.8,18510727.0
2018-01-11 13:45:46.625371,431.8,431.6,431.8,18510727.0
2018-01-11 13:45:47.869250,431.8,431.6,431.8,18510727.0
2018-01-11 13:45:49.093053,431.8,431.6,431.8,18510727.0
2018-01-11 13:45:50.426690,431.8,431.6,431.8,18510727.0
2018-01-11 13:45:51.824930,431.8,431.6,431.8,18510727.0
2018-01-11 13:45:53.427206,431.8,431.6,431.8,18510727.0
2018-01-11 13:45:54.908608,431.6,431.6,431.8,18512227.0
2018-01-11 13:45:56.089987,431.6,431.6,431.8,18512227.0
2018-01-11 13:45:57.890262,431.6,431.6,431.8,18514127.0
2018-01-11 13:45:59.708797,431.6,431.6,431.8,18514127.0
2018-01-11 13:46:01.321676,431.6,431.6,431.8,18514127.0
2018-01-11 13:46:04.786224,431.6,431.6,431.8,18519927.0
2018-01-11 13:46:09.973407,431.6,431.6,431.8,18519927.0
2018-01-11 13:46:11.287785,431.6,431.6,431.8,18519927.0
2018-01-11 13:46:12.836354,431.6,431.6,431.8,18519927.0
2018-01-11 13:46:14.300428,431.6,431.4,431.6,18524227.0
2018-01-11 13:46:16.041818,,,,
2018-01-11 13:46:17.561177,431.6,431.4,431.6,18524227.0
2018-01-11 13:46:18.931480,431.6,431.4,431.6,18524227.0
2018-01-11 13:46:20.136079,431.6,431.4,431.6,18524227.0
2018-01-11 13:46:21.536259,431.4,431.2,431.4,18530627.0
2018-01-11 13:46:22.968720,431.4,431.4,431.6,18530627.0
2018-01-11 13:46:24.416379,431.4,431.2,431.4,18530627.0
2018-01-11 13:46:25.690872,431.4,431.2,431.4,18530627.0
2018-01-11 13:46:27.820227,431.4,431.2,431.4,18530627.0
2018-01-11 13:46:29.282378,431.4,431.2,431.4,18530627.0
2018-01-11 13:46:30.481077,431.4,431.2,431.4,18534227.0
2018-01-11 13:46:32.012233,431.4,431.2,431.4,18530627.0
2018-01-11 13:46:33.328239,431.4,431.2,431.4,18534227.0
2018-01-11 13:46:34.523415,431.4,431.2,431.6,18534227.0
2018-01-11 13:46:36.781627,431.4,431.2,431.6,18534227.0
2018-01-11 13:46:38.196014,431.4,431.2,431.6,18530627.0
2018-01-11 13:46:39.480650,431.4,431.2,431.4,18530627.0
2018-01-11 13:46:40.851950,431.4,431.2,431.4,18534227.0
2018-01-11 13:46:42.513848,431.2,431.2,431.6,18536427.0
2018-01-11 13:46:44.156095,431.2,431.2,431.6,18536427.0
2018-01-11 13:46:45.469261,431.2,431.2,431.6,18536427.0
2018-01-11 13:46:46.926546,431.2,431.2,431.6,18536427.0
2018-01-11 13:46:48.333486,431.2,431.2,431.6,18536427.0
2018-01-11 13:46:50.048661,431.2,431.2,431.6,18536427.0
2018-01-11 13:46:51.588674,431.2,431.2,431.6,18536427.0
2018-01-11 13:46:53.090989,431.2,431.2,431.6,18536427.0
2018-01-11 13:46:54.379492,431.2,431.2,431.6,18536427.0
2018-01-11 13:46:55.962131,431.2,431.2,431.6,18536427.0
2018-01-11 13:46:57.368435,431.2,431.2,431.6,18536427.0
2018-01-11 13:46:58.869666,431.2,431.2,431.6,18536427.0
2018-01-11 13:47:00.285295,431.2,431.2,431.6,18536427.0
2018-01-11 13:47:03.588702,431.2,431.2,431.6,18536427.0
2018-01-11 13:47:05.464483,431.4,431.2,431.4,18538527.0
2018-01-11 13:47:07.962219,431.4,431.2,431.4,18544027.0
2018-01-11 13:47:11.918428,431.4,431.2,431.4,18544027.0
2018-01-11 13:47:14.669482,431.4,431.2,431.4,18544027.0
2018-01-11 13:47:18.512055,431.4,431.2,431.4,18544027.0
2018-01-11 13:47:22.281205,431.2,431.2,431.4,18546327.0
2018-01-11 13:47:25.084462,431.2,431.2,431.4,18546327.0
2018-01-11 13:47:27.366082,431.2,431.2,431.4,18546327.0
2018-01-11 13:47:30.659133,431.2,431.2,431.4,18546327.0
2018-01-11 13:47:33.335915,431.2,431.2,431.4,18546327.0
2018-01-11 13:47:36.674910,431.2,431.2,431.4,18546327.0
2018-01-11 13:47:39.758101,431.2,431.2,431.4,18561627.0
2018-01-11 13:47:42.582843,431.2,431.2,431.4,18560427.0
2018-01-11 13:47:44.859684,431.2,431.2,431.4,18560427.0
2018-01-11 13:47:46.249941,431.2,431.0,431.4,18561627.0
2018-01-11 13:47:47.726890,431.2,431.2,431.4,18561627.0
2018-01-11 13:47:49.044853,431.2,431.0,431.4,18561627.0
2018-01-11 13:47:50.494652,431.2,431.2,431.4,18561627.0
2018-01-11 13:47:51.841258,431.2,431.2,431.4,18560427.0
2018-01-11 13:47:53.426214,431.2,431.2,431.4,18560427.0
2018-01-11 13:47:55.324340,431.2,431.2,431.4,18561627.0
2018-01-11 13:47:56.923564,431.2,431.2,431.4,18561627.0
2018-01-11 13:47:58.305101,431.4,431.0,431.4,18563727.0
2018-01-11 13:47:59.590809,431.2,431.2,431.4,18561627.0
2018-01-11 13:48:01.098060,431.2,431.0,431.4,18561627.0
2018-01-11 13:48:03.555440,431.4,431.2,431.4,18563727.0
2018-01-11 13:48:04.991609,431.4,431.2,431.4,18565037.0
2018-01-11 13:48:06.256059,431.4,431.2,431.4,18563727.0
2018-01-11 13:48:07.641240,431.4,431.2,431.4,18572237.0
2018-01-11 13:48:08.812171,431.4,431.2,431.4,18565037.0
2018-01-11 13:48:10.274128,431.4,431.2,431.4,18565037.0
2018-01-11 13:48:12.039019,431.4,431.2,431.4,18565037.0
2018-01-11 13:48:13.655612,431.2,431.2,431.4,18573037.0
2018-01-11 13:48:15.245691,431.2,431.2,431.4,18573037.0
2018-01-11 13:48:16.375125,431.4,431.2,431.4,18572237.0
2018-01-11 13:48:17.679924,431.4,431.2,431.4,18572237.0
2018-01-11 13:48:19.377446,431.2,431.2,431.4,18573037.0
2018-01-11 13:48:20.984860,431.2,431.2,431.4,18573037.0
2018-01-11 13:48:22.375902,431.4,431.2,431.4,18572237.0
2018-01-11 13:48:23.707599,431.2,431.2,431.4,18573037.0
2018-01-11 13:48:24.972818,431.4,431.2,431.4,18572237.0
2018-01-11 13:48:26.613803,431.4,431.2,431.4,18572237.0
2018-01-11 13:48:27.978664,431.4,431.2,431.4,18574937.0
2018-01-11 13:48:29.190641,431.2,431.2,431.4,18573037.0
2018-01-11 13:48:30.679779,431.4,431.2,431.4,18574937.0
2018-01-11 13:48:32.110841,431.4,431.2,431.4,18574937.0
2018-01-11 13:48:33.506176,431.2,431.2,431.4,18573037.0
2018-01-11 13:48:34.971514,431.2,431.2,431.4,18577537.0
2018-01-11 13:48:36.367533,431.2,431.2,431.4,18577537.0
2018-01-11 13:48:37.788795,431.2,431.2,431.4,18577537.0
2018-01-11 13:48:39.207805,431.4,431.2,431.4,18574937.0
2018-01-11 13:48:40.357170,431.2,431.2,431.4,18577537.0
2018-01-11 13:48:41.685622,431.4,431.2,431.4,18574937.0
2018-01-11 13:48:43.128667,431.2,431.2,431.4,18577537.0
2018-01-11 13:48:44.422180,431.2,431.2,431.4,18577537.0
2018-01-11 13:48:46.071773,431.4,431.2,431.6,18594237.0
2018-01-11 13:48:47.331054,431.4,431.2,431.6,18594237.0
2018-01-11 13:48:48.750000,431.4,431.2,431.6,18594237.0
2018-01-11 13:48:50.017159,431.4,431.2,431.6,18594237.0
2018-01-11 13:48:51.530340,431.4,431.2,431.6,18594237.0
2018-01-11 13:48:52.810434,431.4,431.2,431.6,18594237.0
2018-01-11 13:48:54.215035,431.4,431.2,431.6,18594237.0
2018-01-11 13:48:55.505455,431.4,431.2,431.6,18594237.0
2018-01-11 13:48:56.769758,431.4,431.2,431.6,18594237.0
2018-01-11 13:48:58.047327,431.4,431.2,431.6,18594237.0
2018-01-11 13:48:59.375500,431.4,431.2,431.6,18594237.0
2018-01-11 13:49:00.833113,431.4,431.2,431.6,18594237.0
2018-01-11 13:49:02.380653,431.4,431.2,431.6,18594237.0
2018-01-11 13:49:03.620897,431.4,431.2,431.6,18594237.0
2018-01-11 13:49:05.140640,431.6,431.4,431.6,18599637.0
2018-01-11 13:49:09.921226,431.6,431.4,431.6,18599637.0
2018-01-11 13:49:11.828906,431.6,431.4,431.6,18599637.0
2018-01-11 13:49:14.978237,431.6,431.4,431.6,18599637.0
2018-01-11 13:49:16.355855,431.6,431.4,431.6,18599637.0
2018-01-11 13:49:18.573862,431.6,431.4,431.6,18599637.0
2018-01-11 13:49:21.409401,431.6,431.4,431.6,18599637.0
2018-01-11 13:49:23.786457,431.6,431.4,431.6,18599637.0
2018-01-11 13:49:27.501716,431.6,431.4,431.6,18599637.0
2018-01-11 13:49:29.690287,431.4,431.4,431.6,18604137.0
2018-01-11 13:49:32.122810,431.4,431.4,431.6,18604137.0
2018-01-11 13:49:34.448280,431.6,431.4,431.6,18613937.0
2018-01-11 13:49:39.023488,431.6,431.4,431.8,18621237.0
2018-01-11 13:49:41.733533,431.6,431.4,431.8,18625337.0
2018-01-11 13:49:43.044917,431.6,431.4,431.8,18625337.0
2018-01-11 13:49:44.426499,431.6,431.4,431.8,18621237.0
2018-01-11 13:49:45.912288,431.6,431.4,431.8,18621237.0
2018-01-11 13:49:47.358187,431.6,431.4,431.8,18625337.0
2018-01-11 13:49:48.546140,431.6,431.4,431.8,18631237.0
2018-01-11 13:49:49.505059,431.6,431.4,431.8,18631237.0
2018-01-11 13:49:50.409768,431.6,431.4,431.8,18631237.0
2018-01-11 13:49:51.617503,431.4,431.4,431.6,18631737.0
2018-01-11 13:49:52.837368,431.4,431.4,431.6,18631737.0
2018-01-11 13:49:53.871509,431.4,431.4,431.6,18633137.0
2018-01-11 13:49:55.334105,431.4,431.4,431.6,18633137.0
2018-01-11 13:49:56.644362,431.4,431.4,431.6,18631737.0
2018-01-11 13:49:57.757035,431.4,431.4,431.6,18631737.0
2018-01-11 13:49:59.001937,431.4,431.4,431.6,18633137.0
2018-01-11 13:50:00.558492,431.4,431.4,431.6,18633137.0
2018-01-11 13:50:04.248547,431.6,431.4,431.6,18637237.0
2018-01-11 13:50:05.584747,431.6,431.4,431.6,18634437.0
2018-01-11 13:50:06.746622,431.6,431.4,431.6,18637237.0
2018-01-11 13:50:07.910812,431.6,431.4,431.6,18637237.0
2018-01-11 13:50:09.285152,431.6,431.4,431.6,18634437.0
2018-01-11 13:50:10.472473,431.6,431.4,431.6,18637237.0
2018-01-11 13:50:11.612324,431.6,431.4,431.6,18641937.0
2018-01-11 13:50:12.851481,431.6,431.4,431.6,18641937.0
2018-01-11 13:50:14.142820,431.6,431.4,431.6,18659837.0
2018-01-11 13:50:15.345797,431.6,431.4,431.6,18659837.0
2018-01-11 13:50:16.778307,431.6,431.4,431.6,18659837.0
2018-01-11 13:50:18.107684,431.6,431.4,431.6,18659837.0
2018-01-11 13:50:19.486766,431.6,431.4,431.6,18659837.0
2018-01-11 13:50:21.081209,431.6,431.6,431.8,18660037.0
2018-01-11 13:50:22.441065,431.8,431.6,431.8,18662937.0
2018-01-11 13:50:24.050071,431.6,431.6,431.8,18661737.0
2018-01-11 13:50:25.551515,431.6,431.6,431.8,18661737.0
2018-01-11 13:50:26.893216,431.6,431.6,431.8,18661737.0
2018-01-11 13:50:28.265887,431.6,431.6,431.8,18661737.0
2018-01-11 13:50:29.759190,431.6,431.6,431.8,18661737.0
2018-01-11 13:50:31.071917,431.8,431.6,431.8,18662937.0
2018-01-11 13:50:32.417004,431.6,431.6,431.8,18661737.0
2018-01-11 13:50:33.823798,431.6,431.6,431.8,18661737.0
2018-01-11 13:50:35.006128,431.6,431.6,431.8,18661737.0
2018-01-11 13:50:36.361338,431.8,431.6,431.8,18662937.0
2018-01-11 13:50:37.494153,431.8,431.6,431.8,18662937.0
2018-01-11 13:50:38.765939,431.6,431.6,431.8,18661737.0
2018-01-11 13:50:40.166392,431.8,431.6,431.8,18665137.0
2018-01-11 13:50:41.371492,431.8,431.6,431.8,18665137.0
2018-01-11 13:50:42.649380,431.8,431.6,431.8,18665137.0
2018-01-11 13:50:44.746996,431.8,431.6,431.8,18665137.0
2018-01-11 13:50:46.118623,431.8,431.6,431.8,18665537.0
2018-01-11 13:50:47.437340,431.8,431.6,431.8,18665537.0
2018-01-11 13:50:48.649023,431.8,431.6,431.8,18665537.0
2018-01-11 13:50:49.923478,431.8,431.6,431.8,18668737.0
2018-01-11 13:50:51.325722,431.8,431.6,431.8,18668737.0
2018-01-11 13:50:52.618309,431.8,431.6,431.8,18668737.0
2018-01-11 13:50:53.768138,431.6,431.6,431.8,18669737.0
2018-01-11 13:50:55.268995,431.8,431.6,431.8,18671937.0
2018-01-11 13:50:56.654946,431.8,431.6,431.8,18671937.0
2018-01-11 13:50:57.923700,431.8,431.6,431.8,18671937.0
2018-01-11 13:50:59.273099,431.8,431.6,431.8,18671937.0
2018-01-11 13:51:00.611857,431.8,431.6,431.8,18674437.0
2018-01-11 13:51:03.197728,431.8,431.6,431.8,18674437.0
2018-01-11 13:51:05.158207,431.8,431.6,431.8,18674437.0
2018-01-11 13:51:08.088316,431.8,431.6,431.8,18674437.0
2018-01-11 13:51:09.769870,431.8,431.6,431.8,18671937.0
2018-01-11 13:51:11.177863,431.8,431.6,431.8,18671937.0
2018-01-11 13:51:12.538601,431.8,431.6,431.8,18671937.0
2018-01-11 13:51:14.046081,431.8,431.8,432.0,18677437.0
2018-01-11 13:51:15.585093,431.8,431.8,432.0,18677437.0
2018-01-11 13:51:18.182933,432.0,431.8,432.0,18682837.0
2018-01-11 13:51:19.327938,432.0,431.8,432.0,18682837.0
2018-01-11 13:51:20.791152,432.0,431.8,432.0,18677737.0
2018-01-11 13:51:22.354638,431.8,431.6,432.0,18693237.0
2018-01-11 13:51:23.568184,431.6,431.6,431.8,18699937.0
2018-01-11 13:51:25.132693,431.6,431.6,431.8,18698937.0
2018-01-11 13:51:26.643301,431.6,431.6,431.8,18699937.0
2018-01-11 13:51:28.196578,431.6,431.6,431.8,18698937.0
2018-01-11 13:51:29.858935,431.6,431.6,431.8,18698937.0
2018-01-11 13:51:31.099928,431.6,431.6,431.8,18699937.0
2018-01-11 13:51:32.515485,431.8,431.6,431.8,18711037.0
2018-01-11 13:51:33.731310,431.8,431.6,431.8,18711037.0
2018-01-11 13:51:35.327422,431.8,431.6,431.8,18711137.0
2018-01-11 13:51:36.600413,431.8,431.6,431.8,18711137.0
2018-01-11 13:51:37.921449,431.8,431.6,431.8,18711037.0
2018-01-11 13:51:39.306513,431.8,431.6,431.8,18711037.0
2018-01-11 13:51:40.766669,431.8,431.6,431.8,18711037.0
2018-01-11 13:51:42.112315,431.8,431.6,431.8,18711037.0
2018-01-11 13:51:43.321889,431.8,431.6,431.8,18711037.0
2018-01-11 13:51:44.468020,431.8,431.6,431.8,18711037.0
2018-01-11 13:51:45.663765,431.8,431.6,431.8,18711137.0
2018-01-11 13:51:46.904670,431.8,431.6,431.8,18711037.0
2018-01-11 13:51:48.427112,431.8,431.8,432.0,18716337.0
2018-01-11 13:51:49.641836,431.8,431.8,432.0,18716537.0
2018-01-11 13:51:51.023382,431.8,431.8,432.0,18716337.0
2018-01-11 13:51:52.241687,431.8,431.8,432.0,18716537.0
2018-01-11 13:51:53.543001,431.8,431.8,432.0,18716337.0
2018-01-11 13:51:54.687327,431.8,431.8,432.0,18716337.0
2018-01-11 13:51:56.156238,431.8,431.8,432.0,18716337.0
2018-01-11 13:51:57.348933,431.8,431.8,432.0,18716537.0
2018-01-11 13:51:58.936536,431.8,431.8,432.0,18716537.0
2018-01-11 13:52:00.399753,431.8,431.8,432.0,18716337.0
2018-01-11 13:52:01.683531,431.8,431.8,432.0,18716337.0
2018-01-11 13:52:02.887919,431.8,431.8,432.0,18716337.0
2018-01-11 13:52:04.246864,431.8,431.8,432.0,18716337.0
2018-01-11 13:52:05.821765,432.0,431.8,432.0,18722837.0
2018-01-11 13:52:08.905474,432.0,431.8,432.0,18722837.0
2018-01-11 13:52:10.891575,432.0,431.8,432.0,18722837.0
2018-01-11 13:52:12.434834,432.0,431.8,432.0,18725312.0
2018-01-11 13:52:13.706114,432.0,431.8,432.0,18725312.0
2018-01-11 13:52:15.194641,432.0,431.8,432.0,18725312.0
2018-01-11 13:52:17.325882,432.0,431.8,432.0,18725312.0
2018-01-11 13:52:18.874158,432.0,431.8,432.0,18725312.0
2018-01-11 13:52:20.245448,432.0,431.8,432.0,18725312.0
2018-01-11 13:52:21.827747,432.0,431.8,432.0,18725312.0
2018-01-11 13:52:25.922833,432.0,431.8,432.0,18727112.0
2018-01-11 13:52:28.530638,432.0,431.8,432.0,18727112.0
2018-01-11 13:52:33.564804,432.0,431.8,432.0,18727112.0
2018-01-11 13:52:40.173644,432.0,431.8,432.0,18727112.0
2018-01-11 13:52:44.976590,432.0,431.8,432.0,18737112.0
2018-01-11 13:52:47.897703,432.0,431.8,432.0,18737112.0
2018-01-11 13:52:49.299088,432.0,431.8,432.0,18737112.0
2018-01-11 13:52:50.500638,431.8,431.8,432.0,18738912.0
2018-01-11 13:52:52.004899,432.0,431.8,432.0,18739112.0
2018-01-11 13:52:53.416599,431.8,431.8,432.0,18738912.0
2018-01-11 13:52:54.807138,432.0,431.8,432.0,18739112.0
2018-01-11 13:52:56.089608,431.8,431.8,432.0,18738912.0
2018-01-11 13:52:57.340855,431.8,431.8,432.0,18738912.0
2018-01-11 13:52:58.145013,,,,
2018-01-11 13:53:00.915099,432.0,431.8,432.0,18747012.0
2018-01-11 13:53:05.674924,432.0,432.0,432.2,18764612.0
2018-01-11 13:53:07.076688,432.0,432.0,432.2,18764612.0
2018-01-11 13:53:09.348058,432.0,432.0,432.2,18765212.0
2018-01-11 13:53:11.055094,432.0,432.0,432.2,18765212.0
2018-01-11 13:53:16.724129,432.0,432.0,432.2,18764612.0
2018-01-11 13:53:18.566344,432.0,432.0,432.2,18764612.0
2018-01-11 13:53:20.039466,432.0,432.0,432.2,18765212.0
2018-01-11 13:53:21.268097,432.2,432.0,432.2,18770012.0
2018-01-11 13:53:22.748202,432.2,432.0,432.2,18770012.0
2018-01-11 13:53:24.169104,432.2,432.0,432.2,18770012.0
2018-01-11 13:53:25.659896,432.2,432.0,432.2,18770012.0
2018-01-11 13:53:27.715451,432.2,432.0,432.2,18770012.0
2018-01-11 13:53:29.680046,432.2,432.0,432.2,18770012.0
2018-01-11 13:53:30.843082,432.2,432.0,432.2,18770212.0
2018-01-11 13:53:32.171582,432.2,432.0,432.2,18770012.0
2018-01-11 13:53:33.460844,432.2,432.0,432.2,18770212.0
2018-01-11 13:53:34.605205,432.2,432.0,432.2,18770012.0
2018-01-11 13:53:35.939035,432.2,432.0,432.2,18770212.0
2018-01-11 13:53:37.054359,432.2,432.0,432.2,18770012.0
2018-01-11 13:53:38.571253,432.2,432.0,432.2,18770212.0
2018-01-11 13:53:40.196578,432.2,432.0,432.2,18770012.0
2018-01-11 13:53:41.499978,432.2,432.0,432.2,18770212.0
2018-01-11 13:53:42.731125,432.2,432.0,432.2,18770012.0
2018-01-11 13:53:44.276200,432.2,432.0,432.2,18770012.0
2018-01-11 13:53:45.419493,432.2,432.0,432.2,18770012.0
2018-01-11 13:53:46.779288,432.2,432.0,432.2,18770012.0
2018-01-11 13:53:48.251743,432.2,432.0,432.2,18770012.0
2018-01-11 13:53:49.727206,432.2,432.0,432.2,18770012.0
2018-01-11 13:53:51.041179,432.2,432.0,432.2,18770212.0
2018-01-11 13:53:52.323756,432.0,432.0,432.2,18777512.0
2018-01-11 13:53:53.586935,432.0,432.0,432.2,18777512.0
2018-01-11 13:53:54.933441,432.2,432.0,432.2,18777712.0
2018-01-11 13:53:56.207898,432.2,432.0,432.2,18777712.0
2018-01-11 13:53:57.767105,432.0,432.0,432.2,18777512.0
2018-01-11 13:53:59.212919,432.2,432.0,432.2,18777712.0
2018-01-11 13:54:00.389282,432.0,432.0,432.2,18781112.0
2018-01-11 13:54:03.746823,432.0,432.0,432.2,18789112.0
2018-01-11 13:54:08.077134,432.0,432.0,432.2,18789112.0
2018-01-11 13:54:09.362973,432.0,432.0,432.2,18793312.0
2018-01-11 13:54:10.752092,432.2,432.0,432.2,18820112.0
2018-01-11 13:54:12.134949,432.2,432.0,432.2,18820112.0
2018-01-11 13:54:13.750069,432.2,432.0,432.2,18820412.0
2018-01-11 13:54:17.111248,432.2,432.0,432.2,18828312.0
2018-01-11 13:54:18.440921,432.2,432.0,432.2,18828312.0
2018-01-11 13:54:20.721741,432.2,432.0,432.2,18828312.0
2018-01-11 13:54:22.793069,432.2,432.0,432.2,18828312.0
2018-01-11 13:54:24.459989,432.2,432.0,432.2,18828312.0
2018-01-11 13:54:25.717979,432.2,432.0,432.2,18828312.0
2018-01-11 13:54:26.930690,432.2,432.0,432.2,18828312.0
2018-01-11 13:54:28.228496,432.2,432.0,432.2,18828312.0
2018-01-11 13:54:29.989079,432.2,432.0,432.2,18831612.0
2018-01-11 13:54:31.405790,432.2,432.0,432.2,18832912.0
2018-01-11 13:54:33.094030,432.2,432.0,432.2,18832912.0
2018-01-11 13:54:34.670137,432.2,432.0,432.2,18832912.0
2018-01-11 13:54:35.848112,432.2,432.0,432.2,18831612.0
2018-01-11 13:54:37.336308,432.2,432.0,432.2,18831612.0
2018-01-11 13:54:38.641556,432.2,432.0,432.2,18832912.0
2018-01-11 13:54:39.913930,432.2,432.0,432.2,18855312.0
2018-01-11 13:54:41.439054,432.2,432.0,432.2,18855312.0
2018-01-11 13:54:42.588451,432.2,432.0,432.2,18840312.0
2018-01-11 13:54:43.898616,432.2,432.0,432.2,18855312.0
2018-01-11 13:54:45.397901,432.2,432.0,432.2,18855312.0
2018-01-11 13:54:47.234537,432.2,432.0,432.2,18855312.0
2018-01-11 13:54:48.545571,432.4,432.0,432.2,18859012.0
2018-01-11 13:54:50.026953,432.4,432.2,432.4,18859012.0
2018-01-11 13:54:51.298410,432.4,432.2,432.4,18859012.0
2018-01-11 13:54:52.484307,432.4,432.2,432.4,18859012.0
2018-01-11 13:54:54.188354,432.4,432.2,432.4,18863312.0
2018-01-11 13:54:55.717829,432.4,432.2,432.4,18863312.0
2018-01-11 13:54:57.771117,432.4,432.2,432.4,18863312.0
2018-01-11 13:54:59.268471,432.4,432.2,432.4,18863312.0
2018-01-11 13:55:03.423636,432.4,432.2,432.4,18863312.0
2018-01-11 13:55:08.111502,432.2,432.2,432.4,18870812.0
2018-01-11 13:55:12.321586,432.2,432.2,432.4,18870812.0
2018-01-11 13:55:14.041165,432.2,432.2,432.4,18870812.0
2018-01-11 13:55:15.624222,432.2,432.2,432.4,18873212.0
2018-01-11 13:55:16.838316,432.2,432.2,432.4,18872812.0
2018-01-11 13:55:18.260193,432.2,432.2,432.4,18872812.0
2018-01-11 13:55:21.190561,432.2,432.2,432.4,18877707.0
2018-01-11 13:55:24.480481,432.2,432.2,432.4,18877707.0
2018-01-11 13:55:28.300747,432.2,432.2,432.4,18877707.0
2018-01-11 13:55:29.626505,432.2,432.0,432.2,18877707.0
2018-01-11 13:55:30.892204,432.2,432.0,432.2,18877707.0
2018-01-11 13:55:32.208836,432.2,432.0,432.2,18877707.0
2018-01-11 13:55:33.336807,432.2,432.2,432.4,18877707.0
2018-01-11 13:55:35.107682,432.2,432.0,432.2,18877707.0
2018-01-11 13:55:36.838882,432.2,432.0,432.2,18885607.0
2018-01-11 13:55:38.060100,432.2,432.0,432.2,18885607.0
2018-01-11 13:55:39.424982,432.2,432.0,432.2,18891407.0
2018-01-11 13:55:40.643248,432.2,432.0,432.2,18891407.0
2018-01-11 13:55:41.907478,432.2,432.0,432.2,18893807.0
2018-01-11 13:55:43.453051,432.2,432.0,432.2,18893807.0
2018-01-11 13:55:44.756852,432.2,432.0,432.2,18893807.0
2018-01-11 13:55:46.080785,432.2,432.0,432.2,18893807.0
2018-01-11 13:55:47.226881,432.2,432.0,432.2,18893807.0
2018-01-11 13:55:48.513861,432.2,432.0,432.2,18893807.0
2018-01-11 13:55:50.055580,432.2,432.0,432.2,18893807.0
2018-01-11 13:55:51.300361,432.2,432.0,432.2,18893807.0
2018-01-11 13:55:52.450509,432.2,432.0,432.2,18893807.0
2018-01-11 13:55:53.910881,432.2,432.2,432.4,18901407.0
2018-01-11 13:55:55.198162,432.2,432.2,432.4,18901507.0
2018-01-11 13:55:56.319208,432.2,432.2,432.4,18901507.0
2018-01-11 13:55:57.543438,432.2,432.2,432.4,18901507.0
2018-01-11 13:55:58.832825,432.2,432.2,432.4,18901407.0
2018-01-11 13:56:00.209665,432.2,432.2,432.4,18901507.0
2018-01-11 13:56:01.655223,432.2,432.2,432.4,18901507.0
2018-01-11 13:56:03.836908,432.2,432.2,432.4,18901407.0
2018-01-11 13:56:07.151327,432.2,432.2,432.4,18901407.0
2018-01-11 13:56:12.683355,432.2,432.2,432.4,18905607.0
2018-01-11 13:56:14.182131,432.2,432.2,432.4,18905607.0
2018-01-11 13:56:15.562362,432.2,432.2,432.4,18905607.0
2018-01-11 13:56:17.648733,432.2,432.2,432.4,18905607.0
2018-01-11 13:56:19.066579,432.2,432.2,432.4,18905607.0
