time,price,bid,ask,volume
2018-01-10 09:31:18.950747,444.0,443.2,444.0,1029844.0
2018-01-10 09:31:20.320676,444.0,443.2,444.0,1029844.0
2018-01-10 09:31:21.985959,443.6,443.4,443.8,1031744.0
2018-01-10 09:31:23.375480,443.6,443.4,443.8,1031744.0
2018-01-10 09:31:25.701003,443.6,443.4,443.8,1031744.0
2018-01-10 09:31:27.827251,443.6,443.4,443.6,1034804.0
2018-01-10 09:31:30.055450,443.6,443.4,443.6,1034804.0
2018-01-10 09:31:32.559077,443.2,443.0,443.4,1048704.0
2018-01-10 09:31:34.933415,443.2,443.0,443.4,1048704.0
2018-01-10 09:31:36.608890,443.0,443.0,443.4,1056104.0
2018-01-10 09:31:38.797705,442.6,442.6,443.2,1080704.0
2018-01-10 09:31:41.049363,443.0,442.6,443.0,1084704.0
2018-01-10 09:31:43.341690,443.0,442.6,443.0,1084704.0
2018-01-10 09:31:45.562309,442.2,442.2,442.6,1094584.0
2018-01-10 09:31:47.026515,442.2,442.2,442.6,1095784.0
2018-01-10 09:31:49.514664,442.2,442.2,442.6,1095784.0
2018-01-10 09:31:51.575272,442.0,442.0,442.2,1103684.0
2018-01-10 09:31:53.894512,442.0,442.0,442.2,1114584.0
2018-01-10 09:31:56.411462,442.2,442.2,442.4,1154884.0
2018-01-10 09:31:58.373694,442.0,442.0,442.4,1180784.0
2018-01-10 09:32:00.801410,441.8,441.8,442.0,1188384.0
2018-01-10 09:32:07.451015,441.8,441.8,442.0,1208484.0
2018-01-10 09:32:09.686679,441.6,441.6,441.8,1242394.0
2018-01-10 09:32:11.941713,441.6,441.4,441.6,1244994.0
2018-01-10 09:32:14.577224,441.8,441.4,441.8,1247294.0
2018-01-10 09:32:17.674020,441.8,441.4,441.8,1247294.0
2018-01-10 09:32:19.554492,441.2,441.0,441.2,1265494.0
2018-01-10 09:32:21.834975,441.8,441.4,441.8,1276394.0
2018-01-10 09:32:24.288394,441.8,441.4,441.8,1276394.0
2018-01-10 09:32:26.817034,441.4,441.4,441.8,1279494.0
2018-01-10 09:32:29.121745,441.8,441.6,441.8,1283194.0
2018-01-10 09:32:31.821822,441.8,441.8,442.0,1290894.0
2018-01-10 09:32:34.449392,442.0,442.0,442.2,1321394.0
2018-01-10 09:32:37.028342,442.0,442.0,442.2,1321394.0
2018-01-10 09:32:39.650328,441.8,441.8,442.6,1337844.0
2018-01-10 09:32:42.431861,442.4,442.4,442.6,1338744.0
2018-01-10 09:32:44.303146,442.4,442.4,442.8,1344044.0
2018-01-10 09:32:46.776418,442.4,442.0,442.4,1368944.0
2018-01-10 09:32:49.118022,442.0,442.0,442.6,1385344.0
2018-01-10 09:32:51.578148,442.0,442.0,442.6,1385344.0
2018-01-10 09:32:53.905979,442.0,442.0,442.6,1385344.0
2018-01-10 09:32:55.416964,442.0,442.0,442.2,1389244.0
2018-01-10 09:32:56.880624,442.0,442.0,442.2,1389244.0
2018-01-10 09:32:58.827272,442.0,442.0,442.2,1389244.0
2018-01-10 09:33:01.389431,442.4,442.0,442.4,1392044.0
2018-01-10 09:33:03.361607,442.0,442.0,442.6,1393644.0
2018-01-10 09:33:07.688728,442.0,442.0,442.6,1393644.0
2018-01-10 09:33:10.205653,442.0,442.0,442.6,1393644.0
2018-01-10 09:33:14.528716,442.2,442.2,442.6,1398544.0
2018-01-10 09:33:16.970520,442.2,442.2,442.6,1398544.0
2018-01-10 09:33:19.196232,442.4,442.4,442.8,1400044.0
2018-01-10 09:33:23.411259,442.4,442.4,442.8,1400044.0
2018-01-10 09:33:25.649369,442.8,442.6,442.8,1405044.0
2018-01-10 09:33:28.186941,442.8,442.6,442.8,1405044.0
2018-01-10 09:33:30.524366,443.0,442.8,443.0,1409844.0
2018-01-10 09:33:33.179276,443.0,442.8,443.0,1409844.0
2018-01-10 09:33:35.664823,443.0,442.8,443.0,1421944.0
2018-01-10 09:33:37.850288,443.0,442.8,443.0,1424044.0
2018-01-10 09:33:39.864401,443.0,442.8,443.0,1426144.0
2018-01-10 09:33:42.391717,442.8,442.8,443.0,1426844.0
2018-01-10 09:33:44.839425,443.0,442.8,443.0,1428344.0
2018-01-10 09:33:46.849006,443.0,442.8,443.2,1429644.0
2018-01-10 09:33:49.543556,443.0,442.8,443.2,1429644.0
2018-01-10 09:33:52.081444,442.8,442.8,443.0,1434493.0
2018-01-10 09:33:54.227698,442.8,442.8,443.0,1434493.0
2018-01-10 09:33:56.200378,443.0,443.0,443.2,1437693.0
2018-01-10 09:33:58.552943,443.0,443.0,443.2,1437693.0
2018-01-10 09:34:00.073919,443.0,443.0,443.2,1437693.0
2018-01-10 09:34:05.480690,443.0,443.0,443.2,1448793.0
2018-01-10 09:34:10.093267,443.0,443.0,443.6,1466893.0
2018-01-10 09:34:11.995286,443.2,443.0,443.2,1469993.0
2018-01-10 09:34:14.694591,443.2,443.0,443.2,1469993.0
2018-01-10 09:34:16.866010,443.2,443.0,443.2,1474193.0
2018-01-10 09:34:18.883185,443.2,443.0,443.2,1477493.0
2018-01-10 09:34:21.998758,443.2,443.0,443.2,1477493.0
2018-01-10 09:34:24.646827,443.2,443.0,443.2,1477493.0
2018-01-10 09:34:27.277690,443.2,443.0,443.2,1483993.0
2018-01-10 09:34:29.932448,443.2,443.2,443.4,1487793.0
2018-01-10 09:34:32.354307,443.2,443.2,443.4,1496993.0
2018-01-10 09:34:34.663371,443.2,443.2,443.4,1496993.0
2018-01-10 09:34:37.397592,443.4,443.2,443.4,1503693.0
2018-01-10 09:34:39.706339,443.2,443.2,443.6,1511693.0
2018-01-10 09:34:41.309603,443.2,443.2,443.6,1511693.0
2018-01-10 09:34:43.451827,443.2,443.2,443.6,1511693.0
2018-01-10 09:34:45.771517,443.2,443.2,443.6,1511693.0
2018-01-10 09:34:48.320399,443.2,443.2,443.6,1511693.0
2018-01-10 09:34:50.369765,443.6,443.4,443.6,1516993.0
2018-01-10 09:34:52.204242,443.6,443.4,443.6,1516993.0
2018-01-10 09:34:54.291457,443.6,443.4,443.6,1516993.0
2018-01-10 09:34:56.510603,443.6,443.4,443.8,1521093.0
2018-01-10 09:34:58.368401,443.6,443.4,443.8,1521093.0
2018-01-10 09:35:00.628245,443.4,443.4,443.8,1523293.0
2018-01-10 09:35:02.755147,443.4,443.4,443.8,1523293.0
2018-01-10 09:35:04.636975,443.6,443.4,443.6,1525393.0
2018-01-10 09:35:07.056547,443.4,443.4,443.6,1528193.0
2018-01-10 09:35:12.624551,443.6,443.4,443.8,1531793.0
2018-01-10 09:35:15.043766,443.6,443.4,443.8,1531793.0
2018-01-10 09:35:17.253192,443.8,443.6,443.8,1535293.0
2018-01-10 09:35:20.884391,443.8,443.6,443.8,1535293.0
2018-01-10 09:35:22.677659,443.8,443.6,443.8,1541993.0
2018-01-10 09:35:24.975902,443.8,443.6,443.8,1544693.0
2018-01-10 09:35:26.715266,443.8,443.6,443.8,1544693.0
2018-01-10 09:35:28.381236,443.8,443.6,443.8,1548193.0
2018-01-10 09:35:30.814672,443.8,443.8,444.0,1557393.0
2018-01-10 09:35:32.805279,444.0,443.8,444.0,1559893.0
2018-01-10 09:35:35.270002,444.0,443.8,444.0,1559893.0
2018-01-10 09:35:37.392854,444.0,443.8,444.0,1559893.0
2018-01-10 09:35:39.947227,443.8,443.6,444.0,1572993.0
2018-01-10 09:35:42.372440,443.2,443.2,443.6,1589593.0
2018-01-10 09:35:44.753096,443.2,443.2,443.6,1594293.0
2018-01-10 09:35:47.099478,443.2,443.2,443.6,1594293.0
2018-01-10 09:35:49.312922,443.2,443.2,443.6,1594293.0
2018-01-10 09:35:51.817032,443.2,443.2,443.6,1594293.0
2018-01-10 09:35:53.904050,443.4,443.2,443.6,1596693.0
2018-01-10 09:35:56.546654,443.4,443.2,443.6,1596693.0
2018-01-10 09:35:59.145181,443.4,443.2,443.6,1596693.0
2018-01-10 09:36:01.702271,443.6,443.2,443.6,1598093.0
2018-01-10 09:36:04.140252,443.6,443.2,443.6,1598093.0
2018-01-10 09:36:05.791715,443.6,443.2,443.6,1598093.0
2018-01-10 09:36:08.113669,443.6,443.4,443.6,1602693.0
2018-01-10 09:36:09.630662,443.6,443.4,443.6,1602693.0
2018-01-10 09:36:12.035321,443.2,443.2,443.6,1618193.0
2018-01-10 09:36:13.998760,443.0,443.0,443.2,1628993.0
2018-01-10 09:36:15.827341,443.4,443.0,443.4,1632163.0
2018-01-10 09:36:18.427522,443.4,443.0,443.4,1632163.0
2018-01-10 09:36:20.966482,443.4,443.0,443.4,1632163.0
2018-01-10 09:36:23.349276,443.4,443.0,443.4,1633863.0
2018-01-10 09:36:25.005227,443.4,443.2,443.6,1633863.0
2018-01-10 09:36:26.707113,443.4,443.2,443.6,1633863.0
2018-01-10 09:36:29.542791,443.4,443.2,443.6,1633863.0
2018-01-10 09:36:31.558399,443.4,443.2,443.6,1633863.0
2018-01-10 09:36:33.827169,443.4,443.4,443.6,1636248.0
2018-01-10 09:36:36.309102,443.4,443.4,443.6,1636248.0
2018-01-10 09:36:38.269751,443.6,443.4,443.6,1638953.0
2018-01-10 09:36:39.761215,443.6,443.4,443.6,1638953.0
2018-01-10 09:36:42.346947,443.6,443.4,443.6,1638953.0
2018-01-10 09:36:44.022895,443.6,443.6,443.8,1640953.0
2018-01-10 09:36:46.566393,443.6,443.6,443.8,1640953.0
2018-01-10 09:36:48.843129,443.6,443.6,443.8,1640953.0
2018-01-10 09:36:51.217931,443.8,443.6,443.8,1642163.0
2018-01-10 09:36:52.988750,443.8,443.6,443.8,1642163.0
2018-01-10 09:36:55.330943,443.8,443.6,443.8,1642163.0
2018-01-10 09:36:56.936146,443.6,443.6,443.8,1649763.0
2018-01-10 09:36:59.034006,443.6,443.6,443.8,1649763.0
2018-01-10 09:37:01.252011,443.8,443.6,443.8,1654163.0
2018-01-10 09:37:05.594951,443.8,443.6,443.8,1654163.0
2018-01-10 09:37:08.828379,444.0,443.8,444.0,1658763.0
2018-01-10 09:37:13.622687,444.0,443.8,444.0,1658763.0
2018-01-10 09:37:16.565642,443.8,443.8,444.0,1660283.0
2018-01-10 09:37:18.991837,443.8,443.8,444.0,1660283.0
2018-01-10 09:37:21.109518,443.8,443.8,444.0,1660283.0
2018-01-10 09:37:22.679071,444.0,444.0,444.2,1687783.0
2018-01-10 09:37:24.822043,444.2,444.0,444.2,1696383.0
2018-01-10 09:37:27.503092,444.2,444.0,444.2,1706383.0
2018-01-10 09:37:30.371518,444.2,444.0,444.2,1706383.0
2018-01-10 09:37:32.740700,444.2,444.0,444.2,1706383.0
2018-01-10 09:37:35.085325,444.6,444.4,444.6,1739483.0
2018-01-10 09:37:36.876712,444.4,444.2,444.6,1746083.0
2018-01-10 09:37:38.774390,444.4,444.2,444.6,1746083.0
2018-01-10 09:37:41.376227,444.2,444.2,444.4,1748883.0
2018-01-10 09:37:43.687294,444.2,444.2,444.4,1751083.0
2018-01-10 09:37:45.885779,444.4,444.2,444.4,1753583.0
2018-01-10 09:37:47.868913,444.4,444.2,444.4,1753583.0
2018-01-10 09:37:49.991293,444.4,444.2,444.4,1754783.0
2018-01-10 09:37:52.136311,444.4,444.2,444.4,1754783.0
2018-01-10 09:37:54.390330,444.4,444.4,444.6,1760383.0
2018-01-10 09:37:56.433201,444.4,444.4,444.6,1760383.0
2018-01-10 09:37:59.263004,444.4,444.4,444.6,1760383.0
2018-01-10 09:38:01.466835,444.4,444.4,444.6,1760383.0
2018-01-10 09:38:03.607302,444.6,444.4,444.6,1762583.0
2018-01-10 09:38:09.708239,444.6,444.4,444.6,1762583.0
2018-01-10 09:38:12.814372,444.6,444.4,444.6,1763683.0
2018-01-10 09:38:15.622080,444.6,444.4,444.6,1763683.0
2018-01-10 09:38:18.104943,444.6,444.4,444.6,1774683.0
2018-01-10 09:38:20.006393,444.8,444.6,444.8,1782056.0
2018-01-10 09:38:22.367040,444.8,444.6,444.8,1782056.0
2018-01-10 09:38:24.682197,445.0,444.6,445.0,1788656.0
2018-01-10 09:38:26.510045,445.0,444.6,445.0,1788656.0
2018-01-10 09:38:28.874275,445.0,444.6,445.0,1788656.0
2018-01-10 09:38:31.143600,444.8,444.6,445.0,1789956.0
2018-01-10 09:38:32.852953,444.6,444.6,445.0,1808456.0
2018-01-10 09:38:35.509745,444.6,444.6,444.8,1813456.0
2018-01-10 09:38:37.987323,444.4,444.2,444.8,1828056.0
2018-01-10 09:38:40.304225,444.2,444.0,444.6,1834856.0
2018-01-10 09:38:42.312332,444.4,444.4,444.6,1836956.0
2018-01-10 09:38:45.097849,444.0,444.0,444.6,1837856.0
2018-01-10 09:38:47.574760,444.6,444.2,444.6,1838756.0
2018-01-10 09:38:49.675826,444.6,444.2,444.6,1838756.0
2018-01-10 09:38:51.678493,444.4,444.0,444.4,1845256.0
2018-01-10 09:38:53.355627,444.4,444.0,444.4,1845256.0
2018-01-10 09:38:55.473830,444.4,444.0,444.4,1845256.0
2018-01-10 09:38:57.931132,444.4,444.0,444.4,1845256.0
2018-01-10 09:39:00.702971,444.4,444.2,444.4,1846956.0
2018-01-10 09:39:03.367291,444.4,444.2,444.6,1849856.0
2018-01-10 09:39:06.324408,444.4,444.4,444.6,1863856.0
2018-01-10 09:39:10.381547,444.4,444.4,444.6,1865156.0
2018-01-10 09:39:12.682254,444.4,444.4,444.6,1865156.0
2018-01-10 09:39:15.193861,444.4,444.4,444.6,1865156.0
2018-01-10 09:39:17.495645,444.2,444.0,444.6,1867856.0
2018-01-10 09:39:19.718001,444.2,444.2,444.4,1869756.0
2018-01-10 09:39:21.393819,444.2,444.2,444.4,1869756.0
2018-01-10 09:39:23.487562,444.2,444.2,444.4,1869756.0
2018-01-10 09:39:25.789027,444.2,444.2,444.6,1873156.0
2018-01-10 09:39:28.189703,444.6,444.2,444.6,1875356.0
2018-01-10 09:39:30.777428,444.6,444.2,444.6,1875356.0
2018-01-10 09:39:33.107649,444.6,444.2,444.6,1875356.0
2018-01-10 09:39:35.333539,444.6,444.2,444.6,1875356.0
2018-01-10 09:39:38.130173,444.6,444.2,444.6,1875356.0
2018-01-10 09:39:40.016500,444.4,444.4,444.6,1877756.0
2018-01-10 09:39:42.326318,444.4,444.4,444.6,1877756.0
2018-01-10 09:39:44.871780,444.6,444.4,444.6,1879656.0
2018-01-10 09:39:47.170024,444.6,444.4,444.6,1879656.0
2018-01-10 09:39:49.068335,444.6,444.4,444.6,1882756.0
2018-01-10 09:39:50.770354,444.6,444.4,444.6,1882756.0
2018-01-10 09:39:52.029653,444.6,444.4,444.6,1882756.0
2018-01-10 09:39:54.142165,444.6,444.4,444.6,1884240.0
2018-01-10 09:39:56.445210,444.6,444.4,444.6,1884240.0
2018-01-10 09:39:57.833290,444.6,444.4,444.6,1884240.0
2018-01-10 09:39:59.204471,444.6,444.4,444.6,1884240.0
2018-01-10 09:40:01.151903,444.6,444.4,444.6,1884240.0
2018-01-10 09:40:03.314482,444.4,444.4,444.6,1888840.0
2018-01-10 09:40:05.563582,444.4,444.4,444.6,1894340.0
2018-01-10 09:40:07.027808,444.4,444.4,444.6,1894340.0
2018-01-10 09:40:12.627982,444.4,444.2,444.4,1896340.0
2018-01-10 09:40:15.292805,444.4,444.2,444.4,1897440.0
2018-01-10 09:40:17.744361,444.4,444.2,444.4,1897440.0
2018-01-10 09:40:19.789161,444.4,444.2,444.4,1897440.0
2018-01-10 09:40:21.300143,444.4,444.2,444.4,1900340.0
2018-01-10 09:40:22.968748,444.4,444.2,444.4,1900340.0
2018-01-10 09:40:24.856472,444.4,444.2,444.4,1900340.0
2018-01-10 09:40:26.415636,444.4,444.4,444.6,1902440.0
2018-01-10 09:40:28.207080,444.4,444.4,444.6,1905640.0
2018-01-10 09:40:30.426059,444.4,444.4,444.6,1905640.0
2018-01-10 09:40:32.792254,444.4,444.4,444.6,1905640.0
2018-01-10 09:40:34.468561,444.4,444.4,444.6,1905640.0
2018-01-10 09:40:35.973508,444.6,444.4,444.6,1907640.0
2018-01-10 09:40:38.029835,444.4,444.4,444.6,1908440.0
2018-01-10 09:40:40.412206,444.6,444.4,444.6,1909240.0
2018-01-10 09:40:42.715945,444.6,444.4,444.6,1909240.0
2018-01-10 09:40:45.103462,444.6,444.4,444.6,1909240.0
2018-01-10 09:40:47.271504,444.6,444.4,444.6,1910540.0
2018-01-10 09:40:49.422465,444.6,444.4,444.6,1910540.0
2018-01-10 09:40:51.332191,444.6,444.4,444.6,1915940.0
2018-01-10 09:40:52.967503,444.4,444.4,444.8,1920440.0
2018-01-10 09:40:54.001220,444.4,444.4,444.8,1920440.0
2018-01-10 09:40:55.883385,444.4,444.4,444.8,1920440.0
2018-01-10 09:40:57.865019,444.4,444.4,444.6,1922540.0
2018-01-10 09:40:59.455549,444.4,444.4,444.6,1930040.0
2018-01-10 09:41:00.939874,444.4,444.4,444.6,1930040.0
2018-01-10 09:41:03.218548,444.4,444.4,444.6,1930040.0
2018-01-10 09:41:05.561960,444.4,444.4,444.6,1930040.0
2018-01-10 09:41:07.018081,445.0,444.2,444.6,1992940.0
2018-01-10 09:41:12.652322,444.8,444.8,445.0,2017840.0
2018-01-10 09:41:14.878692,444.8,444.8,445.0,2017840.0
2018-01-10 09:41:17.084363,444.6,444.4,444.8,2022240.0
2018-01-10 09:41:18.919201,445.0,444.4,445.0,2025540.0
2018-01-10 09:41:20.908007,445.0,444.4,445.0,2025540.0
2018-01-10 09:41:22.766394,445.2,444.6,445.0,2038440.0
2018-01-10 09:41:24.627606,444.6,444.6,445.0,2057840.0
2018-01-10 09:41:26.770074,444.6,444.6,445.0,2057840.0
2018-01-10 09:41:28.973700,444.6,444.6,445.0,2057840.0
2018-01-10 09:41:30.882945,445.0,444.6,445.0,2059940.0
2018-01-10 09:41:32.792077,445.0,444.6,445.0,2059940.0
2018-01-10 09:41:34.825857,445.0,445.0,445.2,2063041.0
2018-01-10 09:41:36.721329,445.0,445.0,445.2,2063041.0
2018-01-10 09:41:38.776824,444.6,444.6,445.0,2065441.0
2018-01-10 09:41:40.709759,444.6,444.6,445.0,2068841.0
2018-01-10 09:41:42.838964,445.0,444.6,445.0,2083741.0
2018-01-10 09:41:45.032033,444.4,444.4,444.6,2085241.0
2018-01-10 09:41:47.154782,444.4,444.4,444.6,2085241.0
2018-01-10 09:41:49.117784,444.4,444.4,444.6,2085241.0
2018-01-10 09:41:50.971137,444.8,444.4,444.8,2096641.0
2018-01-10 09:41:53.280838,444.8,444.4,444.8,2096641.0
2018-01-10 09:41:54.651471,444.8,444.4,444.8,2096641.0
2018-01-10 09:41:56.678172,444.8,444.4,444.8,2096641.0
2018-01-10 09:41:58.860446,444.8,444.6,444.8,2099441.0
2018-01-10 09:42:00.995876,444.8,444.6,444.8,2099441.0
2018-01-10 09:42:02.932756,444.4,444.4,444.8,2106041.0
2018-01-10 09:42:05.092245,444.4,444.4,444.8,2106041.0
2018-01-10 09:42:07.025036,444.4,444.4,444.6,2114041.0
2018-01-10 09:42:08.893141,444.4,444.2,444.4,2118841.0
2018-01-10 09:42:10.867724,444.6,444.2,444.6,2119641.0
2018-01-10 09:42:12.987269,444.6,444.2,444.6,2119641.0
2018-01-10 09:42:14.885072,444.6,444.4,444.6,2122341.0
2018-01-10 09:42:16.949689,444.6,444.4,444.6,2122341.0
2018-01-10 09:42:18.910216,444.4,444.4,444.6,2132641.0
2018-01-10 09:42:21.056260,444.4,444.4,444.6,2132641.0
2018-01-10 09:42:23.079090,444.4,444.4,444.6,2132641.0
2018-01-10 09:42:24.999442,444.4,444.4,444.6,2135941.0
2018-01-10 09:42:26.746617,444.4,444.4,444.6,2135941.0
2018-01-10 09:42:28.739950,444.4,444.4,444.6,2135941.0
2018-01-10 09:42:30.270183,444.4,444.4,444.6,2137641.0
2018-01-10 09:42:32.224320,444.4,444.4,444.6,2137641.0
2018-01-10 09:42:34.533383,444.4,444.4,444.6,2137641.0
2018-01-10 09:42:36.457846,444.4,444.4,444.6,2137641.0
2018-01-10 09:42:38.153582,444.4,444.4,444.6,2138941.0
2018-01-10 09:42:40.031203,444.4,444.4,444.6,2144041.0
2018-01-10 09:42:42.175849,444.4,444.4,444.6,2144041.0
2018-01-10 09:42:44.014991,444.6,444.4,444.6,2145041.0
2018-01-10 09:42:46.117457,444.4,444.4,444.6,2146241.0
2018-01-10 09:42:48.682892,444.4,444.4,444.6,2146241.0
2018-01-10 09:42:50.836699,444.4,444.2,444.4,2148441.0
2018-01-10 09:42:52.686405,444.6,444.2,444.6,2160941.0
2018-01-10 09:42:54.646271,444.6,444.2,444.6,2165941.0
2018-01-10 09:42:56.617623,444.2,444.2,444.4,2169941.0
2018-01-10 09:42:58.849840,444.4,444.2,444.4,2174341.0
2018-01-10 09:43:00.212881,444.4,444.2,444.4,2174341.0
2018-01-10 09:43:02.400962,444.4,444.2,444.4,2174341.0
2018-01-10 09:43:04.974877,444.4,444.2,444.4,2178441.0
2018-01-10 09:43:06.700372,444.4,444.2,444.4,2178441.0
2018-01-10 09:43:13.351223,444.2,444.2,444.4,2179841.0
2018-01-10 09:43:15.977225,444.2,444.2,444.4,2182141.0
2018-01-10 09:43:18.101446,444.4,444.2,444.4,2183841.0
2018-01-10 09:43:20.427464,444.4,444.2,444.4,2183841.0
2018-01-10 09:43:22.718638,444.2,444.0,444.4,2191141.0
2018-01-10 09:43:25.461870,444.2,444.0,444.4,2191141.0
2018-01-10 09:43:27.601463,444.0,444.0,444.2,2196741.0
2018-01-10 09:43:29.789997,444.0,444.0,444.2,2196741.0
2018-01-10 09:43:31.801164,444.0,444.0,444.2,2196741.0
2018-01-10 09:43:34.186591,444.0,444.0,444.2,2196741.0
2018-01-10 09:43:35.700921,444.0,444.0,444.2,2196741.0
2018-01-10 09:43:38.197954,444.0,444.0,444.2,2196741.0
2018-01-10 09:43:39.991568,444.4,444.2,444.4,2199341.0
2018-01-10 09:43:42.579048,444.2,444.0,444.2,2200441.0
2018-01-10 09:43:44.560973,444.0,444.0,444.2,2203841.0
2018-01-10 09:43:46.846283,444.0,444.0,444.2,2273141.0
2018-01-10 09:43:48.689949,444.0,444.0,444.2,2273141.0
2018-01-10 09:43:51.074116,444.0,444.0,444.2,2273141.0
2018-01-10 09:43:53.504386,444.0,444.0,444.2,2273141.0
2018-01-10 09:43:55.979027,444.0,444.0,444.2,2273141.0
2018-01-10 09:43:58.727296,443.8,443.8,444.0,2284141.0
2018-01-10 09:44:01.535258,443.8,443.8,444.0,2284141.0
2018-01-10 09:44:03.579976,443.8,443.8,444.0,2284141.0
2018-01-10 09:44:05.527189,443.8,443.8,444.0,2289941.0
2018-01-10 09:44:07.477683,443.8,443.8,444.0,2289941.0
2018-01-10 09:44:08.934881,443.8,443.8,444.0,2289941.0
2018-01-10 09:44:11.029152,444.0,443.8,444.0,2291041.0
2018-01-10 09:44:13.095026,444.0,443.8,444.0,2291041.0
2018-01-10 09:44:15.280937,444.0,443.8,444.0,2291041.0
2018-01-10 09:44:17.400561,443.8,443.8,444.0,2309941.0
2018-01-10 09:44:19.532103,443.8,443.8,444.0,2309941.0
2018-01-10 09:44:21.674125,443.6,443.6,443.8,2312541.0
2018-01-10 09:44:23.788242,443.6,443.6,443.8,2312541.0
2018-01-10 09:44:25.733337,443.4,443.4,443.8,2315641.0
2018-01-10 09:44:27.629357,443.4,443.4,443.8,2315641.0
2018-01-10 09:44:29.565573,443.4,443.4,443.8,2315641.0
2018-01-10 09:44:31.567644,443.4,443.4,443.8,2315641.0
2018-01-10 09:44:33.876984,443.4,443.4,443.8,2315641.0
2018-01-10 09:44:35.921896,443.4,443.4,443.8,2315641.0
2018-01-10 09:44:37.821308,443.4,443.4,443.8,2316441.0
2018-01-10 09:44:39.131511,443.4,443.4,443.8,2316441.0
2018-01-10 09:44:41.624225,443.4,443.4,443.8,2316441.0
2018-01-10 09:44:43.823705,443.4,443.4,443.8,2316441.0
2018-01-10 09:44:45.962588,443.4,443.4,443.6,2319641.0
2018-01-10 09:44:48.419964,443.4,443.4,443.6,2319641.0
2018-01-10 09:44:50.532954,443.4,443.4,443.6,2319641.0
2018-01-10 09:44:52.437925,443.2,443.2,443.4,2321241.0
2018-01-10 09:44:54.349854,443.2,443.2,443.4,2321241.0
2018-01-10 09:44:56.328948,443.2,443.2,443.4,2322936.0
2018-01-10 09:44:58.378052,443.2,443.2,443.6,2338436.0
2018-01-10 09:45:00.264164,443.2,443.0,443.4,2342436.0
2018-01-10 09:45:02.348674,443.0,443.0,443.6,2348736.0
2018-01-10 09:45:04.629368,443.0,443.0,443.6,2348736.0
2018-01-10 09:45:06.866831,443.0,443.0,443.2,2352336.0
2018-01-10 09:45:08.183944,443.0,443.0,443.2,2352336.0
2018-01-10 09:45:10.291939,443.0,443.0,443.2,2352336.0
2018-01-10 09:45:12.429270,443.2,443.0,443.2,2353736.0
2018-01-10 09:45:16.007584,443.0,443.0,443.2,2362536.0
2018-01-10 09:45:21.354636,443.2,443.0,443.2,2368536.0
2018-01-10 09:45:24.328813,443.2,443.0,443.2,2368536.0
2018-01-10 09:45:26.601802,442.8,442.8,443.2,2372411.0
2018-01-10 09:45:28.769385,443.0,443.0,443.2,2378211.0
2018-01-10 09:45:31.037934,443.2,443.0,443.2,2382111.0
2018-01-10 09:45:33.193645,443.2,443.2,443.4,2394611.0
2018-01-10 09:45:34.796319,443.2,443.2,443.4,2394611.0
2018-01-10 09:45:37.298250,443.2,443.2,443.4,2394611.0
2018-01-10 09:45:39.247444,443.4,443.2,443.6,2400911.0
2018-01-10 09:45:41.043535,443.4,443.2,443.6,2400911.0
2018-01-10 09:45:43.138211,443.4,443.2,443.4,2403011.0
2018-01-10 09:45:45.388614,443.0,443.0,443.2,2414111.0
2018-01-10 09:45:47.481259,443.0,443.0,443.2,2431911.0
2018-01-10 09:45:49.658705,443.0,443.0,443.2,2431911.0
2018-01-10 09:45:51.992677,443.0,443.0,443.2,2431911.0
2018-01-10 09:45:54.378432,443.0,443.0,443.2,2433711.0
2018-01-10 09:45:56.607539,443.0,443.0,443.2,2433711.0
2018-01-10 09:45:58.976960,443.0,443.0,443.2,2439211.0
2018-01-10 09:46:01.905545,443.0,443.0,443.2,2450961.0
2018-01-10 09:46:04.319051,443.0,443.0,443.2,2505061.0
2018-01-10 09:46:06.749097,443.0,442.8,443.0,2523761.0
2018-01-10 09:46:09.804842,442.6,442.6,443.2,2542861.0
2018-01-10 09:46:15.051095,442.8,442.8,443.2,2549461.0
2018-01-10 09:46:18.474297,443.0,442.8,443.0,2566461.0
2018-01-10 09:46:20.854415,443.0,442.8,443.0,2568061.0
2018-01-10 09:46:23.258404,443.0,442.6,443.0,2577761.0
2018-01-10 09:46:25.816349,442.8,442.6,443.2,2583161.0
2018-01-10 09:46:27.999088,442.8,442.6,443.2,2583161.0
2018-01-10 09:46:30.572730,442.8,442.8,443.0,2586761.0
2018-01-10 09:46:32.079625,442.8,442.8,443.0,2586761.0
2018-01-10 09:46:38.849656,442.6,442.6,443.0,2593661.0
2018-01-10 09:46:40.221320,442.6,442.6,442.8,2598261.0
2018-01-10 09:46:42.381999,442.6,442.6,442.8,2601261.0
2018-01-10 09:46:44.422448,442.6,442.6,442.8,2601261.0
2018-01-10 09:46:46.389090,442.6,442.6,442.8,2601261.0
2018-01-10 09:46:48.173854,442.6,442.6,442.8,2601261.0
2018-01-10 09:46:49.723284,442.4,442.4,442.6,2607661.0
2018-01-10 09:46:51.692464,442.4,442.4,442.6,2607661.0
2018-01-10 09:46:53.929322,442.4,442.4,442.6,2613361.0
2018-01-10 09:46:55.823702,442.4,442.4,442.6,2617561.0
2018-01-10 09:46:57.861816,442.4,442.4,442.6,2617561.0
2018-01-10 09:46:59.184573,442.4,442.4,442.6,2622361.0
2018-01-10 09:47:01.430139,442.4,442.4,442.6,2622361.0
2018-01-10 09:47:03.449888,442.4,442.4,442.6,2626061.0
2018-01-10 09:47:05.619723,442.4,442.4,442.6,2626061.0
2018-01-10 09:47:07.498729,442.4,442.4,442.6,2626061.0
2018-01-10 09:47:09.905183,442.4,442.4,442.6,2631061.0
2018-01-10 09:47:11.971201,442.2,442.2,442.6,2637961.0
2018-01-10 09:47:13.519052,442.2,442.2,442.6,2637961.0
2018-01-10 09:47:15.058681,442.2,442.2,442.6,2637961.0
2018-01-10 09:47:17.252423,442.4,442.2,442.4,2639661.0
2018-01-10 09:47:19.732204,442.4,442.2,442.4,2639661.0
2018-01-10 09:47:21.871370,442.4,442.2,442.4,2659061.0
2018-01-10 09:47:23.958110,442.4,442.4,442.6,2664561.0
2018-01-10 09:47:26.418236,442.4,442.4,442.6,2664561.0
2018-01-10 09:47:28.866133,442.4,442.4,442.6,2667061.0
2018-01-10 09:48:40.586774,442.6,442.4,442.6,2736701.0
2018-01-10 09:48:42.582280,442.4,442.4,442.6,2740801.0
2018-01-10 09:48:45.233676,442.4,442.4,442.6,2740801.0
2018-01-10 09:48:47.097565,442.6,442.6,442.8,2742201.0
2018-01-10 09:48:49.622868,442.6,442.6,442.8,2742201.0
2018-01-10 09:48:51.996102,442.6,442.6,442.8,2742201.0
2018-01-10 09:48:54.182728,442.6,442.6,442.8,2754401.0
2018-01-10 09:48:56.384180,442.4,442.4,442.6,2766201.0
2018-01-10 09:48:58.445701,442.4,442.4,442.6,2766201.0
2018-01-10 09:48:59.998824,442.4,442.4,442.6,2766201.0
2018-01-10 09:49:01.888189,442.6,442.4,442.6,2783601.0
2018-01-10 09:49:03.752456,442.2,442.2,442.4,2805801.0
2018-01-10 09:49:09.333305,442.0,442.0,442.2,2826871.0
2018-01-10 09:49:14.267278,441.6,441.6,442.0,2854871.0
2018-01-10 09:49:16.877258,441.6,441.6,442.0,2854871.0
2018-01-10 09:49:18.810304,441.8,441.6,441.8,2863071.0
2018-01-10 09:49:21.067422,441.8,441.6,441.8,2863071.0
2018-01-10 09:49:23.515208,441.8,441.8,442.0,2869371.0
2018-01-10 09:49:26.095964,441.8,441.8,442.0,2869371.0
2018-01-10 09:49:28.438914,441.8,441.8,442.0,2884771.0
2018-01-10 09:49:31.009334,441.8,441.8,442.0,2884771.0
2018-01-10 09:49:32.991375,441.8,441.6,442.0,2890771.0
2018-01-10 09:49:34.949815,441.8,441.6,442.0,2890771.0
2018-01-10 09:49:37.138726,441.8,441.6,442.0,2890771.0
2018-01-10 09:49:39.306805,442.0,441.8,442.2,2894871.0
2018-01-10 09:49:41.865659,442.0,441.8,442.2,2894871.0
2018-01-10 09:49:44.325311,442.0,441.8,442.0,2899271.0
2018-01-10 09:49:46.713883,441.8,441.8,442.0,2907671.0
2018-01-10 09:49:49.439104,441.8,441.8,442.0,2907671.0
2018-01-10 09:49:50.876996,441.6,441.6,441.8,2916871.0
2018-01-10 09:49:52.419943,441.6,441.6,442.0,2931071.0
2018-01-10 09:49:54.610066,441.6,441.4,441.6,2934171.0
2018-01-10 09:49:57.194917,441.6,441.4,441.6,2934171.0
2018-01-10 09:49:59.546454,441.6,441.4,441.6,2942071.0
2018-01-10 09:50:01.913485,441.4,441.4,441.6,2947971.0
2018-01-10 09:50:07.007558,441.4,441.4,441.6,2953371.0
2018-01-10 09:50:09.563698,441.6,441.4,441.6,2986371.0
2018-01-10 09:50:12.190328,441.6,441.6,442.0,2989871.0
2018-01-10 09:50:14.625729,441.8,441.6,441.8,2996071.0
2018-01-10 09:50:17.203104,441.8,441.6,441.8,2996071.0
2018-01-10 09:50:19.164418,441.2,441.2,441.6,3033171.0
2018-01-10 09:50:21.659634,441.2,441.2,441.6,3033171.0
2018-01-10 09:50:24.564860,441.2,441.2,441.6,3061171.0
2018-01-10 09:50:26.820721,441.6,441.4,441.6,3066271.0
2018-01-10 09:50:29.116128,441.6,441.4,441.6,3066271.0
2018-01-10 09:50:30.516122,441.6,441.4,441.6,3066271.0
2018-01-10 09:50:32.177761,441.2,441.2,441.4,3071371.0
2018-01-10 09:50:33.732660,441.2,441.2,441.4,3071371.0
2018-01-10 09:50:35.846641,441.2,441.2,441.4,3071371.0
2018-01-10 09:50:37.756798,441.0,441.0,441.2,3102271.0
2018-01-10 09:50:39.380064,441.0,441.0,441.2,3102271.0
2018-01-10 09:50:42.371111,441.2,441.0,441.2,3120171.0
2018-01-10 09:50:44.479531,441.2,441.0,441.2,3123971.0
2018-01-10 09:50:46.884293,441.2,441.0,441.2,3123971.0
2018-01-10 09:50:49.223191,441.2,441.0,441.2,3123971.0
2018-01-10 09:50:51.560238,441.2,441.0,441.2,3123971.0
2018-01-10 09:50:53.411921,441.2,441.0,441.2,3125571.0
2018-01-10 09:50:55.311131,441.0,441.0,441.2,3129171.0
2018-01-10 09:50:58.069561,441.0,441.0,441.2,3152271.0
2018-01-10 09:51:00.308210,440.8,440.6,441.0,3164378.0
2018-01-10 09:51:02.988383,440.8,440.6,441.0,3164378.0
2018-01-10 09:51:05.082006,441.0,440.8,441.0,3194003.0
2018-01-10 09:51:08.363876,441.2,441.2,441.4,3201698.0
2018-01-10 09:51:10.849480,441.4,441.0,441.4,3205998.0
2018-01-10 09:51:16.148552,441.4,441.2,441.4,3210198.0
2018-01-10 09:51:19.958656,441.2,441.2,441.4,3210808.0
2018-01-10 09:51:21.471312,441.0,441.0,441.2,3213108.0
2018-01-10 09:51:23.574734,441.0,441.0,441.2,3213108.0
2018-01-10 09:51:26.645374,441.0,441.0,441.2,3219808.0
2018-01-10 09:51:28.849501,440.8,440.8,441.0,3223813.0
2018-01-10 09:51:31.048005,440.8,440.8,441.0,3223813.0
2018-01-10 09:51:33.680178,441.0,440.8,441.0,3243213.0
2018-01-10 09:51:35.228457,441.0,440.8,441.2,3251213.0
2018-01-10 09:51:37.777758,441.0,441.0,441.2,3252713.0
2018-01-10 09:51:40.322942,441.4,441.0,441.4,3258013.0
2018-01-10 09:51:42.537331,441.4,441.0,441.4,3258013.0
2018-01-10 09:51:44.963290,441.4,441.2,441.4,3260123.0
2018-01-10 09:51:46.501006,441.2,441.2,441.4,3265423.0
2018-01-10 09:51:48.364828,441.4,441.2,441.4,3269823.0
2018-01-10 09:51:49.815763,441.4,441.4,441.6,3275933.0
2018-01-10 09:51:51.679278,441.4,441.4,441.6,3275933.0
2018-01-10 09:51:53.290802,441.4,441.4,441.6,3278333.0
2018-01-10 09:51:55.620335,441.4,441.4,441.6,3278333.0
2018-01-10 09:51:57.965755,441.4,441.4,441.6,3278333.0
2018-01-10 09:52:00.601548,441.4,441.2,441.4,3280433.0
2018-01-10 09:52:02.365535,441.4,441.2,441.4,3287433.0
2018-01-10 09:52:04.584322,441.4,441.2,441.4,3287433.0
2018-01-10 09:52:07.044465,441.4,441.2,441.4,3287433.0
2018-01-10 09:52:09.233468,441.6,441.4,441.6,3291033.0
2018-01-10 09:52:11.513948,441.6,441.4,441.6,3291033.0
2018-01-10 09:52:16.221846,441.4,441.4,441.6,3292933.0
2018-01-10 09:52:18.596694,441.6,441.2,441.4,3304533.0
2018-01-10 09:52:20.606018,441.6,441.2,441.4,3304533.0
2018-01-10 09:52:22.438173,441.4,441.2,441.4,3306833.0
2018-01-10 09:52:24.576726,441.4,441.2,441.6,3311633.0
2018-01-10 09:52:26.433624,441.6,441.2,441.8,3312433.0
2018-01-10 09:52:28.406600,441.6,441.2,441.8,3312433.0
2018-01-10 09:52:30.449279,441.6,441.2,441.8,3312433.0
2018-01-10 09:52:32.599325,441.6,441.2,441.8,3312433.0
2018-01-10 09:52:34.870033,441.6,441.2,441.8,3312433.0
2018-01-10 09:52:36.885490,441.6,441.2,441.8,3312433.0
2018-01-10 09:52:46.746190,441.6,441.6,441.8,3322433.0
2018-01-10 09:52:50.060210,441.4,441.4,441.6,3339233.0
2018-01-10 09:52:51.984015,441.4,441.4,441.6,3339233.0
2018-01-10 09:52:53.996459,441.4,441.4,441.6,3339233.0
2018-01-10 09:52:56.282775,441.4,441.4,441.6,3341049.0
2018-01-10 09:52:58.250013,441.4,441.4,441.6,3341049.0
2018-01-10 09:52:59.948768,441.4,441.4,441.6,3341049.0
2018-01-10 09:53:01.446009,441.6,441.4,441.6,3345849.0
2018-01-10 09:53:11.427846,441.4,441.4,441.6,3349849.0
2018-01-10 09:53:13.748591,441.4,441.4,441.6,3349849.0
2018-01-10 09:53:15.469647,441.6,441.4,441.6,3354149.0
2018-01-10 09:53:17.324884,441.6,441.4,441.6,3354149.0
2018-01-10 09:53:19.298522,441.6,441.6,441.8,3358649.0
2018-01-10 09:53:21.138672,441.6,441.6,441.8,3358649.0
2018-01-10 09:53:23.335932,441.6,441.6,441.8,3358649.0
2018-01-10 09:53:24.715172,441.6,441.6,441.8,3358649.0
2018-01-10 09:53:26.848183,441.6,441.6,441.8,3358649.0
2018-01-10 09:53:28.785567,441.4,441.4,441.6,3361749.0
2018-01-10 09:53:30.548172,441.4,441.4,441.6,3361749.0
2018-01-10 09:53:32.544852,441.4,441.4,441.6,3362949.0
2018-01-10 09:53:34.027903,441.4,441.4,441.6,3362949.0
2018-01-10 09:53:35.917031,441.6,441.6,441.8,3374149.0
2018-01-10 09:53:37.859442,441.4,441.4,441.6,3375949.0
2018-01-10 09:53:39.982325,441.4,441.4,441.6,3375949.0
2018-01-10 09:53:42.132954,441.4,441.4,441.6,3377949.0
2018-01-10 09:53:44.063241,441.4,441.4,441.6,3377949.0
2018-01-10 09:53:46.294437,441.4,441.4,441.6,3379049.0
2018-01-10 09:53:48.556427,441.4,441.4,441.6,3379049.0
2018-01-10 09:53:50.451999,441.4,441.4,441.6,3379049.0
2018-01-10 09:53:52.317572,441.4,441.4,441.6,3379049.0
2018-01-10 09:53:54.640142,441.4,441.4,441.6,3380449.0
2018-01-10 09:53:56.531341,441.4,441.4,441.6,3380449.0
2018-01-10 09:53:58.444541,441.4,441.4,441.6,3380449.0
2018-01-10 09:54:00.604978,441.4,441.4,441.6,3380449.0
2018-01-10 09:54:02.548462,441.4,441.4,441.6,3380449.0
2018-01-10 09:54:04.782237,441.6,441.4,441.6,3381849.0
2018-01-10 09:54:07.189261,441.4,441.4,441.6,3384225.0
2018-01-10 09:54:09.095630,441.6,441.4,441.6,3385325.0
2018-01-10 09:54:11.045443,441.6,441.4,441.6,3402725.0
2018-01-10 09:54:13.147367,441.6,441.4,441.6,3402725.0
2018-01-10 09:54:14.655899,441.6,441.4,441.6,3402725.0
2018-01-10 09:54:16.790873,441.6,441.6,441.8,3405225.0
2018-01-10 09:54:18.297206,441.6,441.6,441.8,3405225.0
2018-01-10 09:54:20.177454,441.6,441.6,441.8,3405225.0
2018-01-10 09:54:21.988709,441.6,441.6,441.8,3405225.0
2018-01-10 09:54:24.178974,441.8,441.6,441.8,3406325.0
2018-01-10 09:54:26.302448,441.8,441.6,441.8,3406325.0
2018-01-10 09:54:28.356881,441.8,441.6,441.8,3406325.0
2018-01-10 09:54:30.299332,441.8,441.6,441.8,3406325.0
2018-01-10 09:54:32.216995,441.8,441.6,441.8,3406325.0
2018-01-10 09:54:34.230228,441.8,441.6,441.8,3406325.0
2018-01-10 09:54:35.745692,441.6,441.6,441.8,3410651.0
2018-01-10 09:54:37.903599,441.6,441.6,441.8,3410651.0
2018-01-10 09:54:39.920918,441.6,441.6,441.8,3410651.0
2018-01-10 09:54:41.350202,441.6,441.6,441.8,3413251.0
2018-01-10 09:54:43.325783,441.6,441.6,441.8,3413251.0
2018-01-10 09:54:45.027930,441.6,441.6,441.8,3413251.0
2018-01-10 09:54:46.552387,441.6,441.6,441.8,3413251.0
2018-01-10 09:54:48.199004,441.6,441.6,441.8,3413251.0
2018-01-10 09:54:50.324866,441.6,441.6,441.8,3413251.0
2018-01-10 09:54:52.379754,441.6,441.6,441.8,3418451.0
2018-01-10 09:54:54.430711,441.6,441.6,441.8,3418451.0
2018-01-10 09:54:56.484169,441.6,441.6,441.8,3418451.0
2018-01-10 09:54:58.501992,441.8,441.8,442.0,3435860.0
2018-01-10 09:55:02.674736,441.8,441.8,442.0,3435860.0
2018-01-10 09:55:06.906741,441.8,441.8,442.0,3443260.0
2018-01-10 09:55:09.205806,441.8,441.6,442.0,3454260.0
2018-01-10 09:55:10.523912,441.8,441.6,442.0,3455160.0
2018-01-10 09:55:12.955397,441.8,441.6,442.0,3455160.0
2018-01-10 09:55:15.881832,441.8,441.6,441.8,3458610.0
2018-01-10 09:55:17.985051,441.8,441.6,442.0,3461610.0
2018-01-10 09:55:20.168297,442.0,442.0,442.2,3487010.0
2018-01-10 09:55:22.750993,442.2,442.0,442.4,3498010.0
2018-01-10 09:55:25.386255,442.2,442.0,442.4,3498010.0
2018-01-10 09:55:27.590868,442.4,442.2,442.4,3506810.0
2018-01-10 09:55:29.808239,442.4,442.2,442.4,3506810.0
2018-01-10 09:55:33.089591,442.6,442.4,442.6,3511010.0
2018-01-10 09:55:35.818465,442.6,442.4,442.6,3511010.0
2018-01-10 09:55:38.017453,442.6,442.4,442.6,3513910.0
2018-01-10 09:55:40.283433,442.4,442.4,442.6,3515210.0
2018-01-10 09:55:42.572046,442.4,442.4,442.6,3515210.0
2018-01-10 09:55:44.747302,442.4,442.4,442.6,3515210.0
2018-01-10 09:55:46.522036,442.4,442.4,442.6,3516510.0
2018-01-10 09:55:49.012458,442.4,442.4,442.6,3516510.0
2018-01-10 09:55:51.463897,442.4,442.4,442.6,3516510.0
2018-01-10 09:55:53.769784,442.4,442.4,442.6,3516510.0
2018-01-10 09:55:56.074301,442.6,442.4,442.6,3519810.0
2018-01-10 09:55:57.656074,442.6,442.4,442.6,3521510.0
2018-01-10 09:56:00.040729,442.6,442.4,442.6,3521510.0
2018-01-10 09:56:02.195008,442.6,442.4,442.6,3521510.0
2018-01-10 09:56:04.600773,442.6,442.4,442.6,3521510.0
2018-01-10 09:56:06.839752,442.6,442.4,442.6,3521510.0
2018-01-10 09:56:09.400863,442.6,442.4,442.6,3523610.0
2018-01-10 09:56:12.144040,442.6,442.4,442.6,3523610.0
2018-01-10 09:56:14.231944,442.6,442.4,442.6,3523610.0
2018-01-10 09:56:16.551086,442.6,442.4,442.6,3531010.0
2018-01-10 09:56:18.900261,442.6,442.4,442.6,3531010.0
2018-01-10 09:56:21.278508,442.6,442.4,442.6,3531010.0
2018-01-10 09:56:23.884747,442.6,442.4,442.6,3531010.0
2018-01-10 09:56:26.503596,442.8,442.8,443.0,3551510.0
2018-01-10 09:56:28.612299,442.8,442.8,443.0,3551510.0
2018-01-10 09:56:30.391672,442.8,442.8,443.0,3551510.0
2018-01-10 09:56:32.563385,442.8,442.8,443.0,3551510.0
2018-01-10 09:56:35.285392,442.8,442.8,443.0,3551510.0
2018-01-10 09:56:37.427204,442.8,442.8,443.0,3551510.0
2018-01-10 09:56:39.177963,442.8,442.6,442.8,3581210.0
2018-01-10 09:56:41.370894,442.8,442.6,442.8,3581210.0
2018-01-10 09:56:43.269008,442.8,442.6,442.8,3581210.0
2018-01-10 09:56:45.422911,442.8,442.6,442.8,3583510.0
2018-01-10 09:56:47.598976,442.8,442.6,442.8,3583510.0
2018-01-10 09:56:49.672962,442.8,442.6,442.8,3583510.0
2018-01-10 09:56:51.574789,442.8,442.6,442.8,3583510.0
2018-01-10 09:56:53.447150,442.8,442.6,442.8,3586410.0
2018-01-10 09:56:55.596603,442.6,442.6,442.8,3591210.0
2018-01-10 09:56:57.759391,442.6,442.6,442.8,3591210.0
2018-01-10 09:56:59.687092,442.6,442.6,442.8,3591210.0
2018-01-10 09:57:01.737546,442.6,442.6,442.8,3591210.0
2018-01-10 09:57:03.675773,442.8,442.6,442.8,3604910.0
2018-01-10 09:57:05.196457,442.8,442.6,442.8,3604910.0
2018-01-10 09:57:07.257808,442.8,442.6,442.8,3604910.0
2018-01-10 09:57:09.358212,442.6,442.4,442.8,3635010.0
2018-01-10 09:57:11.006043,442.6,442.4,442.8,3635010.0
2018-01-10 09:57:12.451167,442.6,442.4,442.8,3635010.0
2018-01-10 09:57:16.983652,442.6,442.4,442.8,3635010.0
2018-01-10 09:57:19.364263,442.6,442.4,442.6,3639410.0
2018-01-10 09:57:21.776173,442.6,442.4,442.6,3639410.0
2018-01-10 09:57:23.924219,442.6,442.4,442.6,3642610.0
2018-01-10 09:57:26.297956,442.6,442.4,442.6,3642610.0
2018-01-10 09:57:28.847278,442.4,442.4,442.6,3649510.0
2018-01-10 09:57:31.204956,442.4,442.4,442.6,3653710.0
2018-01-10 09:57:33.748998,442.4,442.4,442.6,3653710.0
2018-01-10 09:57:35.714435,442.4,442.4,442.6,3653710.0
2018-01-10 09:57:37.756086,442.4,442.4,442.6,3653710.0
2018-01-10 09:57:39.942745,442.4,442.2,442.4,3657710.0
2018-01-10 09:57:42.268358,442.4,442.2,442.4,3657710.0
2018-01-10 09:57:44.612365,442.4,442.2,442.4,3657710.0
2018-01-10 09:57:46.643124,442.2,442.2,442.4,3662810.0
2018-01-10 09:57:49.446660,442.2,442.2,442.4,3662810.0
2018-01-10 09:57:51.745765,442.2,442.2,442.4,3662810.0
2018-01-10 09:57:53.326562,442.2,442.2,442.4,3662810.0
2018-01-10 09:57:55.724300,442.2,442.2,442.4,3662810.0
2018-01-10 09:57:57.995036,442.2,442.2,442.4,3662810.0
2018-01-10 09:57:59.535045,442.2,442.2,442.4,3662810.0
2018-01-10 09:58:02.325004,442.2,442.2,442.4,3662810.0
2018-01-10 09:58:04.310115,442.4,442.2,442.4,3664419.0
2018-01-10 09:58:09.431606,442.0,442.0,442.4,3686619.0
2018-01-10 09:58:11.345976,442.0,442.0,442.4,3686619.0
2018-01-10 09:58:13.396419,442.4,442.2,442.4,3688419.0
2018-01-10 09:58:15.516425,442.4,442.2,442.4,3688419.0
2018-01-10 09:58:17.477115,442.4,442.2,442.4,3688419.0
2018-01-10 09:58:19.702638,442.4,442.2,442.4,3688419.0
2018-01-10 09:58:21.137642,442.4,442.2,442.4,3688419.0
2018-01-10 09:58:23.017553,442.4,442.2,442.4,3702719.0
2018-01-10 09:58:24.616369,442.4,442.2,442.4,3706619.0
2018-01-10 09:58:26.762449,442.4,442.2,442.4,3706619.0
2018-01-10 09:58:28.864012,442.4,442.2,442.4,3706619.0
2018-01-10 09:58:30.780031,442.4,442.2,442.4,3706619.0
2018-01-10 09:58:33.334984,442.4,442.2,442.4,3706619.0
2018-01-10 09:58:34.931623,442.2,442.4,442.6,3721469.0
2018-01-10 09:58:37.001091,442.2,442.4,442.6,3721469.0
2018-01-10 09:58:39.039445,442.2,442.4,442.6,3721469.0
2018-01-10 09:58:40.939389,442.6,442.4,442.6,3729169.0
2018-01-10 09:58:42.790498,442.6,442.4,442.6,3729169.0
2018-01-10 09:58:44.901584,442.6,442.4,442.6,3729169.0
2018-01-10 09:58:47.110260,442.6,442.4,442.6,3729169.0
2018-01-10 09:58:49.253885,442.6,442.4,442.6,3729169.0
2018-01-10 09:58:51.544248,442.6,442.4,442.6,3729169.0
2018-01-10 09:58:53.591071,442.6,442.4,442.8,3738569.0
2018-01-10 09:58:55.692726,442.6,442.6,442.8,3748269.0
2018-01-10 09:58:57.330327,442.6,442.6,442.8,3748269.0
2018-01-10 09:58:59.298032,442.6,442.6,442.8,3748269.0
2018-01-10 09:59:00.846946,442.6,442.6,442.8,3748269.0
2018-01-10 09:59:03.127888,442.8,442.6,442.8,3749769.0
2018-01-10 09:59:05.371963,442.8,442.6,442.8,3749769.0
2018-01-10 09:59:07.634705,442.8,442.6,442.8,3749769.0
2018-01-10 09:59:09.685133,442.8,442.6,442.8,3749769.0
2018-01-10 09:59:11.679591,442.6,442.4,442.6,3757969.0
2018-01-10 09:59:13.687454,442.4,442.4,442.6,3759169.0
2018-01-10 09:59:15.602087,442.4,442.4,442.6,3759169.0
2018-01-10 09:59:17.660694,442.4,442.4,442.6,3759169.0
2018-01-10 09:59:20.221344,442.4,442.4,442.6,3759169.0
2018-01-10 09:59:22.293216,442.4,442.4,442.6,3759169.0
2018-01-10 09:59:23.691483,442.4,442.4,442.6,3759169.0
2018-01-10 09:59:25.531721,442.4,442.4,442.6,3759169.0
2018-01-10 09:59:27.476286,442.4,442.4,442.6,3759169.0
2018-01-10 09:59:29.907865,442.4,442.4,442.6,3761769.0
2018-01-10 09:59:31.928195,442.4,442.4,442.6,3761769.0
2018-01-10 09:59:33.814138,442.4,442.4,442.6,3761769.0
2018-01-10 09:59:35.913687,442.4,442.4,442.6,3761769.0
2018-01-10 09:59:38.089137,442.6,442.4,442.6,3768897.0
2018-01-10 09:59:39.602167,442.4,442.2,442.4,3782097.0
2018-01-10 09:59:41.695660,442.4,442.2,442.4,3782097.0
2018-01-10 09:59:43.787619,442.4,442.2,442.4,3782097.0
2018-01-10 09:59:45.807800,442.4,442.2,442.4,3782097.0
2018-01-10 09:59:47.621718,442.4,442.2,442.4,3782097.0
2018-01-10 09:59:49.684524,442.4,442.2,442.4,3782097.0
2018-01-10 09:59:51.284769,442.4,442.2,442.4,3782097.0
2018-01-10 09:59:53.344093,442.4,442.2,442.4,3782097.0
2018-01-10 09:59:55.224150,442.2,442.2,442.4,3789797.0
2018-01-10 09:59:57.393049,442.2,442.2,442.4,3789797.0
2018-01-10 09:59:59.341237,442.2,442.2,442.4,3789797.0
2018-01-10 10:00:01.081108,442.2,442.2,442.4,3789797.0
2018-01-10 10:00:03.106558,442.4,442.2,442.4,3791397.0
2018-01-10 10:00:04.862034,442.4,442.2,442.4,3791397.0
2018-01-10 10:00:06.743975,442.4,442.2,442.4,3791397.0
2018-01-10 10:00:08.830359,442.4,442.2,442.4,3791397.0
2018-01-10 10:00:10.775046,442.4,442.2,442.4,3791397.0
2018-01-10 10:00:12.726933,442.4,442.2,442.4,3794653.0
2018-01-10 10:00:15.026082,442.4,442.2,442.4,3794653.0
2018-01-10 10:00:17.483870,442.4,442.2,442.4,3794653.0
2018-01-10 10:00:20.153310,442.4,442.2,442.4,3794653.0
2018-01-10 10:00:22.755625,442.2,442.2,442.4,3816153.0
2018-01-10 10:00:25.499984,442.2,442.2,442.4,3816153.0
2018-01-10 10:00:27.615489,442.2,442.2,442.4,3816153.0
2018-01-10 10:00:30.016650,442.2,442.2,442.4,3816153.0
2018-01-10 10:00:32.137890,442.2,442.2,442.4,3816153.0
2018-01-10 10:00:34.313788,442.0,442.0,442.2,3821253.0
2018-01-10 10:00:36.762305,442.0,442.0,442.2,3821253.0
2018-01-10 10:00:38.957644,442.0,442.0,442.2,3823153.0
2018-01-10 10:00:41.514354,442.0,442.0,442.2,3823153.0
2018-01-10 10:00:43.905907,442.0,442.0,442.2,3823153.0
2018-01-10 10:00:46.041783,442.0,441.8,442.2,3839553.0
2018-01-10 10:00:48.424454,442.0,441.8,442.0,3842153.0
2018-01-10 10:00:51.182211,442.0,441.8,442.0,3845853.0
2018-01-10 10:00:53.318219,442.0,441.8,442.0,3845853.0
2018-01-10 10:00:55.779966,442.2,442.0,442.2,3860353.0
2018-01-10 10:00:58.135852,442.2,442.0,442.2,3860353.0
2018-01-10 10:01:00.477470,442.2,442.0,442.2,3860353.0
2018-01-10 10:01:02.874397,442.2,442.0,442.2,3860353.0
2018-01-10 10:01:05.442597,442.2,442.0,442.2,3860353.0
2018-01-10 10:01:09.439758,442.2,442.2,442.4,3872453.0
2018-01-10 10:01:11.437053,442.2,442.2,442.4,3876353.0
2018-01-10 10:01:13.923478,442.2,442.2,442.4,3876353.0
2018-01-10 10:01:16.109394,442.2,442.2,442.4,3883053.0
2018-01-10 10:01:18.599435,442.2,442.2,442.4,3883053.0
2018-01-10 10:01:21.092913,442.2,442.2,442.4,3883053.0
2018-01-10 10:01:22.733861,442.2,442.0,442.2,3889353.0
2018-01-10 10:01:25.148782,442.2,442.0,442.2,3889353.0
2018-01-10 10:01:27.448004,442.4,442.0,442.4,3896853.0
2018-01-10 10:01:29.954596,442.4,442.2,442.4,3929753.0
2018-01-10 10:01:32.330724,442.4,442.2,442.4,3937853.0
2018-01-10 10:01:34.857763,442.4,442.2,442.4,3937853.0
2018-01-10 10:01:37.242773,442.4,442.2,442.4,3937853.0
2018-01-10 10:01:39.388698,442.4,442.4,442.6,3957653.0
2018-01-10 10:01:41.901135,442.4,442.4,442.6,3959153.0
2018-01-10 10:01:44.168000,442.4,442.4,442.6,3959153.0
2018-01-10 10:01:46.748079,442.6,442.4,442.6,3960053.0
2018-01-10 10:01:49.560178,442.4,442.4,442.6,3962653.0
2018-01-10 10:01:52.008562,442.4,442.4,442.6,3962653.0
2018-01-10 10:01:54.154741,442.6,442.4,442.6,3995653.0
2018-01-10 10:01:56.397931,442.6,442.4,442.6,3995653.0
2018-01-10 10:01:57.896880,442.6,442.6,442.8,4006653.0
2018-01-10 10:01:59.657463,442.6,442.6,442.8,4012853.0
2018-01-10 10:02:01.772906,442.6,442.6,442.8,4012853.0
2018-01-10 10:02:03.830420,442.6,442.6,442.8,4012853.0
2018-01-10 10:02:05.815129,442.6,442.6,442.8,4012853.0
2018-01-10 10:02:07.858008,442.6,442.6,442.8,4012853.0
2018-01-10 10:02:09.916804,442.6,442.6,442.8,4012853.0
2018-01-10 10:02:12.060990,442.4,442.4,442.6,4016253.0
2018-01-10 10:02:13.987273,442.4,442.4,442.6,4016253.0
2018-01-10 10:02:16.310762,442.4,442.4,442.6,4016253.0
2018-01-10 10:02:18.135094,442.4,442.4,442.6,4016253.0
2018-01-10 10:02:20.122689,442.4,442.4,442.6,4016253.0
2018-01-10 10:02:21.782660,442.4,442.4,442.6,4019953.0
2018-01-10 10:02:23.268760,442.4,442.4,442.6,4019953.0
2018-01-10 10:02:25.202558,442.4,442.4,442.6,4019953.0
2018-01-10 10:02:27.001414,442.4,442.4,442.6,4019953.0
2018-01-10 10:02:28.530841,442.4,442.4,442.6,4019953.0
2018-01-10 10:02:30.574666,442.6,442.4,442.6,4024453.0
2018-01-10 10:02:32.649690,442.4,442.4,442.6,4034653.0
2018-01-10 10:02:34.550502,442.4,442.4,442.6,4034653.0
2018-01-10 10:02:36.696084,442.4,442.4,442.6,4034653.0
2018-01-10 10:02:38.794190,442.4,442.4,442.6,4034653.0
2018-01-10 10:02:40.732141,442.4,442.4,442.6,4034653.0
2018-01-10 10:02:42.753222,442.4,442.4,442.6,4034653.0
2018-01-10 10:02:44.822546,442.4,442.4,442.6,4034653.0
2018-01-10 10:02:46.781792,442.4,442.4,442.6,4034653.0
2018-01-10 10:02:48.932571,442.6,442.4,442.6,4036153.0
2018-01-10 10:02:50.829021,442.6,442.4,442.6,4036153.0
2018-01-10 10:02:53.046481,442.6,442.4,442.6,4036153.0
2018-01-10 10:02:55.008766,442.4,442.4,442.6,4039553.0
2018-01-10 10:02:56.859743,442.4,442.4,442.6,4039553.0
2018-01-10 10:02:58.921992,442.4,442.4,442.6,4039553.0
2018-01-10 10:03:00.497331,442.4,442.4,442.6,4039553.0
2018-01-10 10:03:02.630890,442.6,442.4,442.6,4043553.0
2018-01-10 10:03:04.828153,442.6,442.4,442.6,4043553.0
2018-01-10 10:03:06.904387,442.6,442.4,442.6,4043553.0
2018-01-10 10:03:08.788089,442.6,442.4,442.6,4043553.0
2018-01-10 10:03:11.026166,442.6,442.4,442.6,4043553.0
2018-01-10 10:03:13.379538,442.6,442.4,442.6,4043553.0
2018-01-10 10:03:15.064567,442.6,442.4,442.6,4043553.0
2018-01-10 10:03:16.944879,442.6,442.4,442.6,4043553.0
2018-01-10 10:03:18.948739,442.6,442.4,442.6,4043553.0
2018-01-10 10:03:21.268527,442.6,442.4,442.6,4044653.0
2018-01-10 10:03:23.221627,442.6,442.4,442.6,4044653.0
2018-01-10 10:03:24.770615,442.6,442.4,442.6,4044653.0
2018-01-10 10:03:26.296933,442.6,442.4,442.6,4044653.0
2018-01-10 10:03:28.453257,442.4,442.4,442.6,4054853.0
2018-01-10 10:03:30.467008,442.4,442.4,442.6,4054853.0
2018-01-10 10:03:31.938385,442.4,442.4,442.6,4054853.0
2018-01-10 10:03:33.926298,442.4,442.4,442.6,4054853.0
2018-01-10 10:03:35.652403,442.4,442.4,442.6,4054853.0
2018-01-10 10:03:37.089744,442.4,442.4,442.6,4054853.0
2018-01-10 10:03:39.250757,442.4,442.4,442.6,4054853.0
2018-01-10 10:03:41.446084,442.4,442.2,442.4,4062053.0
2018-01-10 10:03:43.598958,442.4,442.2,442.4,4062053.0
2018-01-10 10:03:45.487477,442.4,442.2,442.4,4062053.0
2018-01-10 10:03:47.788492,442.4,442.2,442.4,4062053.0
2018-01-10 10:03:49.937212,442.4,442.2,442.4,4062053.0
2018-01-10 10:03:52.087923,442.4,442.2,442.4,4062053.0
2018-01-10 10:03:54.008737,442.4,442.2,442.4,4062053.0
2018-01-10 10:03:56.118291,442.4,442.4,442.6,4066153.0
2018-01-10 10:03:57.988615,442.4,442.4,442.6,4066153.0
2018-01-10 10:03:59.970486,442.4,442.4,442.6,4066153.0
2018-01-10 10:04:02.262979,442.4,442.4,442.6,4066153.0
2018-01-10 10:04:04.429628,442.4,442.4,442.6,4066153.0
2018-01-10 10:04:06.222440,442.4,442.4,442.6,4068953.0
2018-01-10 10:04:07.546307,442.4,442.4,442.6,4068953.0
2018-01-10 10:04:09.117645,442.4,442.4,442.6,4068953.0
2018-01-10 10:04:10.536734,442.4,442.4,442.6,4070053.0
2018-01-10 10:04:12.169625,442.4,442.4,442.6,4070053.0
2018-01-10 10:04:14.294170,442.4,442.4,442.6,4070053.0
2018-01-10 10:04:16.205523,442.4,442.4,442.6,4070053.0
2018-01-10 10:04:18.161789,442.4,442.4,442.6,4070053.0
2018-01-10 10:04:19.613473,442.6,442.4,442.6,4073353.0
2018-01-10 10:04:21.903380,442.6,442.4,442.6,4073353.0
2018-01-10 10:04:24.343552,442.6,442.4,442.6,4073353.0
2018-01-10 10:04:26.388922,442.6,442.4,442.6,4073353.0
2018-01-10 10:04:28.585200,442.6,442.4,442.6,4073353.0
2018-01-10 10:04:30.952656,442.4,442.4,442.6,4074753.0
2018-01-10 10:04:33.641355,442.4,442.4,442.6,4074753.0
2018-01-10 10:04:36.016375,442.6,442.4,442.6,4077153.0
2018-01-10 10:04:37.966366,442.6,442.4,442.6,4077153.0
2018-01-10 10:04:40.535925,442.4,442.4,442.6,4077753.0
2018-01-10 10:04:42.920228,442.4,442.4,442.6,4077753.0
2018-01-10 10:04:45.084885,442.4,442.4,442.6,4077753.0
2018-01-10 10:04:46.575263,442.4,442.4,442.6,4078653.0
2018-01-10 10:04:49.609153,442.4,442.4,442.6,4078653.0
2018-01-10 10:04:51.140739,442.4,442.2,442.4,4090653.0
2018-01-10 10:04:53.718913,442.4,442.2,442.4,4090653.0
2018-01-10 10:04:56.065892,442.4,442.2,442.4,4090653.0
2018-01-10 10:04:58.553799,442.2,442.2,442.4,4093153.0
2018-01-10 10:05:00.806796,442.2,442.2,442.4,4093153.0
2018-01-10 10:05:03.228945,442.2,442.2,442.4,4093153.0
2018-01-10 10:05:05.625442,442.2,442.2,442.4,4093153.0
2018-01-10 10:05:08.004467,442.2,442.2,442.4,4094253.0
2018-01-10 10:05:10.235845,442.2,442.2,442.4,4094253.0
2018-01-10 10:05:15.776043,442.2,442.2,442.4,4095253.0
2018-01-10 10:05:18.282335,442.0,441.8,442.0,4144253.0
2018-01-10 10:05:20.634336,442.0,441.8,442.0,4144253.0
2018-01-10 10:05:22.404751,442.0,441.8,442.0,4144253.0
2018-01-10 10:05:24.578480,442.0,441.8,442.0,4144253.0
2018-01-10 10:05:26.897311,441.8,441.8,442.0,4147053.0
2018-01-10 10:05:29.203061,441.8,441.8,442.0,4147053.0
2018-01-10 10:05:31.323523,441.8,441.6,441.8,4157553.0
2018-01-10 10:05:32.859315,441.8,441.6,441.8,4157553.0
2018-01-10 10:05:34.491528,441.8,441.6,441.8,4157553.0
2018-01-10 10:05:36.857978,441.8,441.6,441.8,4157553.0
2018-01-10 10:05:38.700112,441.8,441.6,441.8,4157553.0
2018-01-10 10:05:41.470615,441.8,441.6,441.8,4157553.0
2018-01-10 10:05:42.870332,441.8,441.6,441.8,4173653.0
2018-01-10 10:05:44.834612,441.8,441.6,441.8,4173653.0
2018-01-10 10:05:47.113400,441.8,441.8,442.0,4177953.0
2018-01-10 10:05:49.450281,441.8,441.8,442.0,4177953.0
2018-01-10 10:05:50.994072,441.8,441.8,442.0,4177953.0
2018-01-10 10:05:53.242875,442.0,441.8,442.0,4179953.0
2018-01-10 10:05:55.338131,442.0,441.8,442.0,4179953.0
2018-01-10 10:05:57.231914,442.0,441.8,442.0,4179953.0
2018-01-10 10:05:59.353628,442.0,441.8,442.0,4179953.0
2018-01-10 10:06:00.967830,442.0,441.8,442.0,4179953.0
2018-01-10 10:06:03.142523,442.0,441.8,442.0,4179953.0
2018-01-10 10:06:05.231808,442.0,441.8,442.0,4179953.0
2018-01-10 10:06:07.385248,441.8,441.6,441.8,4185953.0
2018-01-10 10:06:09.476077,441.8,441.6,441.8,4185953.0
2018-01-10 10:06:10.626654,441.8,441.6,441.8,4185953.0
2018-01-10 10:06:12.656293,441.6,441.6,442.0,4196153.0
2018-01-10 10:06:14.655658,441.6,441.6,442.0,4196153.0
2018-01-10 10:06:16.517193,441.6,441.6,442.0,4196153.0
2018-01-10 10:06:17.774580,441.6,441.6,442.0,4196153.0
2018-01-10 10:06:19.089914,441.6,441.6,442.0,4196153.0
2018-01-10 10:06:21.208544,441.6,441.6,441.8,4199253.0
2018-01-10 10:06:23.322764,441.6,441.6,441.8,4199253.0
2018-01-10 10:06:25.147932,441.6,441.6,441.8,4199253.0
2018-01-10 10:06:26.474126,441.6,441.6,441.8,4202253.0
2018-01-10 10:06:28.309482,441.6,441.6,441.8,4202253.0
2018-01-10 10:06:30.315347,441.6,441.6,441.8,4202253.0
2018-01-10 10:06:32.302451,441.6,441.4,441.8,4210253.0
2018-01-10 10:06:34.172142,441.6,441.4,441.8,4210253.0
2018-01-10 10:06:36.404492,441.6,441.4,441.8,4210253.0
2018-01-10 10:06:38.737024,441.8,441.4,441.8,4213153.0
2018-01-10 10:06:40.303943,441.8,441.4,441.8,4213153.0
2018-01-10 10:06:41.867690,441.8,441.4,441.8,4213153.0
2018-01-10 10:06:43.907799,441.8,441.4,441.8,4213153.0
2018-01-10 10:06:45.785194,441.8,441.4,441.8,4213153.0
2018-01-10 10:06:47.712436,441.4,441.4,441.8,4214453.0
2018-01-10 10:06:49.554644,441.4,441.4,441.8,4214453.0
2018-01-10 10:06:51.824854,441.4,441.4,441.8,4214453.0
2018-01-10 10:06:54.021934,441.4,441.4,441.8,4214453.0
2018-01-10 10:06:56.714892,441.6,441.4,441.8,4218663.0
2018-01-10 10:06:58.902842,441.6,441.4,441.8,4218663.0
2018-01-10 10:07:01.985124,441.6,441.4,441.8,4218663.0
2018-01-10 10:07:06.338416,441.6,441.4,441.8,4218663.0
2018-01-10 10:07:09.563869,441.6,441.4,441.8,4218663.0
2018-01-10 10:07:11.935955,441.4,441.4,441.6,4220463.0
2018-01-10 10:07:13.705964,441.4,441.4,441.6,4220463.0
2018-01-10 10:07:16.187499,441.6,441.4,441.6,4221704.0
2018-01-10 10:07:18.286904,441.6,441.4,441.6,4221704.0
2018-01-10 10:07:20.585880,441.6,441.4,441.6,4221704.0
2018-01-10 10:07:22.538473,441.6,441.4,441.6,4221704.0
2018-01-10 10:07:23.889207,441.6,441.4,441.6,4221704.0
2018-01-10 10:07:25.663886,441.6,441.4,441.6,4224404.0
2018-01-10 10:07:27.967503,441.6,441.4,441.6,4226104.0
2018-01-10 10:07:29.915658,441.6,441.4,441.6,4226104.0
2018-01-10 10:07:31.821984,441.6,441.4,441.6,4226104.0
2018-01-10 10:07:33.467482,441.6,441.4,441.6,4226104.0
2018-01-10 10:07:35.681944,441.6,441.4,441.6,4226104.0
2018-01-10 10:07:37.556631,441.6,441.4,441.6,4226104.0
2018-01-10 10:07:39.497157,440.8,440.6,440.8,4308714.0
2018-01-10 10:07:41.031791,440.8,440.6,440.8,4308714.0
2018-01-10 10:07:43.017733,440.8,440.6,440.8,4308714.0
2018-01-10 10:07:44.997071,440.8,440.6,440.8,4376314.0
2018-01-10 10:07:47.101224,440.8,440.6,440.8,4388614.0
2018-01-10 10:07:48.827261,440.8,440.6,440.8,4388614.0
2018-01-10 10:07:50.811649,440.8,440.6,440.8,4388614.0
2018-01-10 10:07:52.720532,440.8,440.6,440.8,4388614.0
2018-01-10 10:07:54.635484,440.8,440.6,440.8,4388614.0
2018-01-10 10:07:56.243019,441.0,440.8,441.0,4398014.0
2018-01-10 10:07:58.552395,441.0,440.8,441.0,4398014.0
2018-01-10 10:08:00.587691,441.0,440.8,441.0,4398014.0
2018-01-10 10:08:02.521340,441.0,440.8,441.2,4556214.0
2018-01-10 10:08:04.014271,441.0,440.8,441.2,4556214.0
2018-01-10 10:08:06.166565,441.0,440.8,441.2,4556214.0
2018-01-10 10:08:08.149001,441.2,441.2,441.4,4563214.0
2018-01-10 10:08:10.006650,440.8,440.6,440.8,4599514.0
2018-01-10 10:08:11.912365,440.8,440.6,440.8,4599514.0
2018-01-10 10:08:14.164606,440.8,440.6,440.8,4599514.0
2018-01-10 10:08:16.570650,440.8,440.6,440.8,4599514.0
2018-01-10 10:08:28.973204,441.2,441.0,441.2,4608414.0
2018-01-10 10:08:30.659773,441.6,441.4,441.6,4617114.0
2018-01-10 10:08:32.753503,441.4,441.2,441.4,4626814.0
2018-01-10 10:08:50.122541,441.4,441.2,441.4,4629914.0
2018-01-10 10:08:52.404428,441.4,441.2,441.4,4629914.0
2018-01-10 10:08:54.711242,441.4,441.2,441.4,4632414.0
2018-01-10 10:08:56.597834,441.4,441.2,441.4,4632414.0
2018-01-10 10:08:58.510578,441.4,441.2,441.4,4651514.0
2018-01-10 10:09:00.670792,441.4,441.2,441.4,4651514.0
2018-01-10 10:09:02.529715,441.4,441.2,441.4,4651514.0
2018-01-10 10:09:04.343639,441.4,441.2,441.4,4654714.0
2018-01-10 10:09:06.357549,441.4,441.2,441.4,4654714.0
2018-01-10 10:09:08.206158,441.4,441.2,441.4,4654714.0
2018-01-10 10:09:10.149858,441.4,441.2,441.4,4654714.0
2018-01-10 10:09:12.056286,441.4,441.2,441.4,4656414.0
2018-01-10 10:09:13.543631,441.4,441.2,441.4,4656414.0
2018-01-10 10:09:15.464068,441.4,441.2,441.4,4656414.0
2018-01-10 10:09:17.380016,441.4,441.2,441.4,4656414.0
2018-01-10 10:09:19.363663,441.4,441.2,441.4,4656414.0
2018-01-10 10:09:21.415439,441.4,441.2,441.4,4656414.0
2018-01-10 10:09:22.728224,441.4,441.2,441.4,4656414.0
2018-01-10 10:09:24.037121,441.4,441.2,441.4,4656414.0
2018-01-10 10:09:25.602032,441.4,441.2,441.4,4659714.0
2018-01-10 10:09:27.547718,441.4,441.2,441.4,4659714.0
2018-01-10 10:09:29.698760,441.4,441.2,441.4,4659714.0
2018-01-10 10:09:31.102194,441.4,441.2,441.4,4659714.0
2018-01-10 10:09:33.140120,441.4,441.2,441.4,4659714.0
2018-01-10 10:09:34.235284,441.4,441.2,441.4,4661714.0
2018-01-10 10:09:36.237599,441.4,441.2,441.4,4661714.0
2018-01-10 10:09:38.272728,441.4,441.2,441.4,4661714.0
2018-01-10 10:09:40.264882,441.4,441.2,441.4,4663214.0
2018-01-10 10:09:42.370030,441.4,441.2,441.4,4663214.0
2018-01-10 10:09:44.601458,441.4,441.2,441.4,4663214.0
2018-01-10 10:09:46.909663,441.4,441.2,441.4,4663214.0
2018-01-10 10:09:48.976190,441.4,441.2,441.4,4663214.0
2018-01-10 10:09:51.061593,441.2,441.2,441.4,4669414.0
2018-01-10 10:09:53.216736,441.2,441.2,441.4,4669414.0
2018-01-10 10:09:55.351190,441.4,441.2,441.4,4677414.0
2018-01-10 10:09:57.300912,441.4,441.2,441.4,4677414.0
2018-01-10 10:09:59.417992,441.4,441.2,441.4,4677414.0
2018-01-10 10:10:01.492691,441.4,441.2,441.4,4677414.0
2018-01-10 10:10:08.089299,441.6,441.4,441.6,4681314.0
2018-01-10 10:10:10.520183,441.6,441.6,441.8,4693714.0
2018-01-10 10:10:14.540870,441.6,441.6,441.8,4696114.0
2018-01-10 10:10:16.809124,441.6,441.4,441.6,4717114.0
2018-01-10 10:10:19.186286,441.6,441.4,441.6,4717114.0
2018-01-10 10:10:21.573851,441.6,441.4,441.6,4717114.0
2018-01-10 10:10:23.667245,441.6,441.4,441.6,4718914.0
2018-01-10 10:10:25.833758,441.6,441.4,441.6,4718914.0
2018-01-10 10:10:28.373293,441.6,441.4,441.6,4718914.0
2018-01-10 10:10:31.469686,441.6,441.4,441.6,4718914.0
2018-01-10 10:10:33.606861,441.6,441.4,441.6,4718914.0
2018-01-10 10:10:35.927303,441.6,441.4,441.6,4718914.0
2018-01-10 10:10:38.359363,441.6,441.4,441.6,4720584.0
2018-01-10 10:10:40.519438,441.6,441.4,441.6,4720584.0
2018-01-10 10:10:43.034778,441.6,441.4,441.6,4720584.0
2018-01-10 10:10:45.785280,441.6,441.4,441.6,4720584.0
2018-01-10 10:10:48.159161,441.6,441.4,441.6,4720584.0
2018-01-10 10:10:49.956643,441.6,441.4,441.6,4720584.0
2018-01-10 10:10:52.336745,441.4,441.4,441.6,4722284.0
2018-01-10 10:10:55.102575,441.6,441.4,441.6,4723084.0
2018-01-10 10:10:56.718839,441.6,441.4,441.6,4723084.0
2018-01-10 10:10:58.390471,441.6,441.4,441.6,4723084.0
2018-01-10 10:11:00.563060,441.4,441.4,441.6,4727584.0
2018-01-10 10:11:03.183739,441.4,441.4,441.6,4727584.0
2018-01-10 10:11:05.346061,441.6,441.4,441.6,4731784.0
2018-01-10 10:11:08.750554,441.6,441.4,441.6,4731784.0
2018-01-10 10:11:11.428420,441.6,441.4,441.6,4737984.0
2018-01-10 10:11:13.999775,441.8,441.6,441.8,4741484.0
2018-01-10 10:11:18.803060,441.8,441.6,441.8,4744484.0
2018-01-10 10:11:21.260883,441.8,441.6,441.8,4744484.0
2018-01-10 10:11:23.958182,442.0,441.8,442.0,4760784.0
2018-01-10 10:11:26.432263,442.0,441.8,442.0,4760784.0
2018-01-10 10:11:29.217124,442.0,441.8,442.0,4760784.0
2018-01-10 10:11:30.851001,442.0,441.8,442.0,4760784.0
2018-01-10 10:11:33.436823,442.0,441.8,442.0,4760784.0
2018-01-10 10:11:34.940935,442.0,441.8,442.0,4760784.0
2018-01-10 10:11:37.143941,442.0,441.8,442.0,4760784.0
2018-01-10 10:11:39.072820,442.0,441.8,442.0,4760784.0
2018-01-10 10:11:40.634169,442.0,441.8,442.0,4760784.0
2018-01-10 10:11:43.217934,442.0,441.8,442.0,4760784.0
2018-01-10 10:11:45.932134,442.0,442.0,442.2,4775984.0
2018-01-10 10:11:48.584061,442.0,442.0,442.2,4775984.0
2018-01-10 10:11:51.130142,442.0,442.0,442.2,4784284.0
2018-01-10 10:11:52.660623,442.0,442.0,442.2,4788084.0
2018-01-10 10:11:54.544292,442.0,442.0,442.2,4788084.0
2018-01-10 10:11:57.062775,442.0,442.0,442.2,4788084.0
2018-01-10 10:11:58.697529,442.0,442.0,442.2,4788084.0
2018-01-10 10:12:01.246166,442.0,442.0,442.2,4788084.0
2018-01-10 10:12:05.251210,442.0,442.0,442.2,4788084.0
2018-01-10 10:12:09.986372,442.0,442.0,442.2,4811484.0
2018-01-10 10:12:12.558034,442.2,442.0,442.2,4813684.0
2018-01-10 10:12:14.232278,442.2,442.0,442.2,4813684.0
2018-01-10 10:12:16.538505,442.2,442.0,442.2,4813684.0
2018-01-10 10:12:18.892034,442.2,442.0,442.2,4813684.0
2018-01-10 10:12:21.510752,442.2,442.0,442.2,4813684.0
2018-01-10 10:12:22.848309,442.2,442.0,442.2,4813684.0
2018-01-10 10:12:25.243951,442.2,442.0,442.2,4830284.0
2018-01-10 10:12:27.046952,442.2,442.0,442.2,4837184.0
2018-01-10 10:12:29.428495,442.2,442.0,442.2,4837184.0
2018-01-10 10:12:32.007441,442.2,442.0,442.2,4837184.0
2018-01-10 10:12:34.472039,442.2,442.0,442.2,4837184.0
2018-01-10 10:12:37.203348,442.2,442.0,442.2,4837184.0
2018-01-10 10:12:40.014198,442.4,442.2,442.4,4845884.0
2018-01-10 10:12:42.417994,442.4,442.2,442.4,4847884.0
2018-01-10 10:12:44.011691,442.4,442.2,442.4,4847884.0
2018-01-10 10:12:46.143341,442.4,442.2,442.4,4847884.0
2018-01-10 10:12:48.351391,442.4,442.2,442.4,4847884.0
2018-01-10 10:12:50.513109,442.4,442.2,442.4,4847884.0
2018-01-10 10:12:53.107398,442.4,442.4,442.6,4862884.0
2018-01-10 10:12:54.796993,442.4,442.4,442.6,4862884.0
2018-01-10 10:12:57.329519,442.4,442.4,442.6,4862884.0
2018-01-10 10:12:59.644304,442.4,442.4,442.6,4862884.0
2018-01-10 10:13:02.634070,442.4,442.4,442.6,4876484.0
2018-01-10 10:13:05.795944,442.4,442.4,442.6,4876484.0
2018-01-10 10:13:07.440096,442.4,442.4,442.6,4883784.0
2018-01-10 10:13:09.565078,442.4,442.4,442.6,4883784.0
2018-01-10 10:13:11.703176,442.6,442.2,442.6,4885484.0
2018-01-10 10:13:13.737786,442.4,442.2,442.4,4891284.0
2018-01-10 10:13:15.296103,442.4,442.2,442.4,4891284.0
2018-01-10 10:13:17.233714,442.4,442.2,442.4,4892484.0
2018-01-10 10:13:19.292495,442.4,442.2,442.4,4892484.0
2018-01-10 10:13:21.562802,442.4,442.2,442.4,4892484.0
2018-01-10 10:13:23.587840,442.4,442.2,442.4,4892484.0
2018-01-10 10:13:25.365645,442.4,442.2,442.4,4892484.0
2018-01-10 10:13:27.888461,442.2,442.2,442.4,4894084.0
2018-01-10 10:13:30.206382,442.2,442.2,442.4,4894084.0
2018-01-10 10:13:32.620462,442.2,442.2,442.4,4894084.0
2018-01-10 10:13:34.129663,442.2,442.2,442.4,4894084.0
2018-01-10 10:13:36.521561,442.4,442.2,442.4,4900484.0
2018-01-10 10:13:38.642405,442.4,442.2,442.4,4900484.0
2018-01-10 10:13:41.026144,442.4,442.2,442.4,4900484.0
2018-01-10 10:13:43.358399,442.4,442.4,442.6,4904884.0
2018-01-10 10:13:45.535623,442.4,442.4,442.6,4904884.0
2018-01-10 10:13:47.990358,442.4,442.4,442.6,4906684.0
2018-01-10 10:13:50.410812,442.4,442.4,442.6,4906684.0
2018-01-10 10:13:52.710068,442.4,442.4,442.6,4906684.0
2018-01-10 10:13:55.213451,442.2,442.2,442.6,4915184.0
2018-01-10 10:13:57.584960,442.2,442.2,442.6,4915184.0
2018-01-10 10:13:59.751127,442.2,442.2,442.6,4915184.0
2018-01-10 10:14:01.075696,442.2,442.0,442.2,4922384.0
2018-01-10 10:14:02.932239,442.2,442.0,442.2,4922384.0
2018-01-10 10:14:05.155004,442.2,442.0,442.2,4922384.0
2018-01-10 10:14:06.932275,442.4,442.0,442.4,4930384.0
2018-01-10 10:14:08.325271,442.4,442.0,442.4,4930384.0
2018-01-10 10:14:09.711723,442.4,442.0,442.4,4930384.0
2018-01-10 10:14:11.643663,442.4,442.0,442.4,4930384.0
2018-01-10 10:14:13.851744,442.4,442.0,442.4,4930384.0
2018-01-10 10:14:15.932069,442.4,442.0,442.4,4930384.0
2018-01-10 10:14:17.275533,442.4,442.2,442.4,4933584.0
2018-01-10 10:14:19.225952,442.4,442.2,442.4,4933584.0
2018-01-10 10:14:21.219788,442.4,442.2,442.4,4933584.0
2018-01-10 10:14:23.218222,442.4,442.2,442.4,4933584.0
2018-01-10 10:14:25.394857,442.4,442.2,442.4,4933584.0
2018-01-10 10:14:27.737048,442.4,442.2,442.4,4933584.0
2018-01-10 10:14:29.854624,442.4,442.2,442.4,4933584.0
2018-01-10 10:14:32.051052,442.4,442.2,442.4,4933584.0
2018-01-10 10:14:34.210054,442.4,442.2,442.4,4933584.0
2018-01-10 10:14:36.699225,442.4,442.2,442.4,4933584.0
2018-01-10 10:14:38.748214,442.4,442.2,442.4,4938584.0
2018-01-10 10:14:40.774302,442.4,442.2,442.4,4938584.0
2018-01-10 10:14:43.193455,442.4,442.2,442.4,4938584.0
2018-01-10 10:14:45.105571,442.4,442.2,442.4,4938584.0
2018-01-10 10:14:47.105555,442.4,442.2,442.4,4938584.0
2018-01-10 10:14:48.936606,442.4,442.2,442.4,4940284.0
2018-01-10 10:14:51.033061,442.4,442.2,442.4,4940284.0
2018-01-10 10:14:53.102619,442.2,442.2,442.4,4947584.0
2018-01-10 10:14:55.023808,442.2,442.2,442.4,4947584.0
2018-01-10 10:14:56.940754,442.2,442.2,442.4,4947584.0
2018-01-10 10:14:58.832852,442.2,442.2,442.4,4947584.0
2018-01-10 10:15:00.801736,442.2,442.0,442.2,4953284.0
2018-01-10 10:15:03.077998,442.2,442.0,442.2,4953284.0
2018-01-10 10:15:05.266738,442.2,442.0,442.2,4953284.0
2018-01-10 10:15:06.915006,442.2,442.0,442.2,4953284.0
2018-01-10 10:15:08.766366,442.2,442.2,442.4,4956484.0
2018-01-10 10:15:10.333998,442.2,442.2,442.4,4956484.0
2018-01-10 10:15:12.739768,442.2,442.2,442.4,4956484.0
2018-01-10 10:15:14.716680,442.2,442.2,442.4,4956484.0
2018-01-10 10:15:16.627722,442.2,442.2,442.4,4956484.0
2018-01-10 10:15:17.888252,442.2,442.2,442.4,4956484.0
2018-01-10 10:15:19.849524,442.2,442.2,442.4,4956484.0
2018-01-10 10:15:21.832482,442.2,442.2,442.4,4959784.0
2018-01-10 10:15:23.965549,442.2,442.2,442.4,4968884.0
2018-01-10 10:15:26.401601,442.2,442.2,442.4,4968884.0
2018-01-10 10:15:28.366708,442.2,442.2,442.4,4968884.0
2018-01-10 10:15:30.582235,442.2,442.2,442.4,4968884.0
2018-01-10 10:15:32.912041,442.4,442.2,442.4,4970684.0
2018-01-10 10:15:34.402451,442.4,442.2,442.4,4970684.0
2018-01-10 10:15:36.206469,442.4,442.2,442.4,4970684.0
2018-01-10 10:15:38.489249,442.2,442.2,442.4,4985284.0
2018-01-10 10:15:40.581780,442.2,442.2,442.4,4985284.0
2018-01-10 10:15:42.973272,442.2,442.2,442.4,4985284.0
2018-01-10 10:15:45.726201,442.2,442.2,442.4,4985284.0
2018-01-10 10:15:47.867367,442.2,442.2,442.4,4985284.0
2018-01-10 10:15:50.009324,442.2,442.2,442.4,4985284.0
2018-01-10 10:15:51.884030,442.2,442.2,442.4,4989684.0
2018-01-10 10:15:53.561269,442.2,442.2,442.4,4989684.0
2018-01-10 10:15:55.706148,442.2,442.0,442.4,4993484.0
2018-01-10 10:15:57.648438,442.2,442.0,442.4,4993484.0
2018-01-10 10:16:00.652238,442.0,442.0,442.2,4995184.0
2018-01-10 10:16:02.769129,442.0,442.0,442.2,4995184.0
2018-01-10 10:16:05.394688,442.0,442.0,442.2,4995184.0
2018-01-10 10:16:07.850147,442.0,442.0,442.2,4995184.0
2018-01-10 10:16:10.360954,442.2,442.0,442.2,4995984.0
2018-01-10 10:16:15.322429,442.2,442.0,442.2,4995984.0
2018-01-10 10:16:19.159376,442.2,442.0,442.2,4995984.0
2018-01-10 10:16:21.507339,442.2,442.0,442.2,4995984.0
2018-01-10 10:16:23.919170,442.2,442.0,442.2,4995984.0
2018-01-10 10:16:25.543862,442.2,442.0,442.2,4997984.0
2018-01-10 10:16:27.548240,442.2,442.0,442.2,4997984.0
2018-01-10 10:16:29.520042,442.2,442.2,442.4,5002184.0
2018-01-10 10:16:31.603501,442.4,442.2,442.4,5011384.0
2018-01-10 10:16:33.942241,442.4,442.2,442.4,5011384.0
2018-01-10 10:16:36.432796,442.4,442.2,442.4,5011384.0
2018-01-10 10:16:38.618641,442.6,442.2,442.6,5024384.0
2018-01-10 10:16:39.965870,442.6,442.2,442.6,5024384.0
2018-01-10 10:16:42.088013,442.6,442.2,442.6,5024384.0
2018-01-10 10:16:44.129929,442.6,442.2,442.6,5024384.0
2018-01-10 10:16:46.153517,442.2,442.2,442.4,5029384.0
2018-01-10 10:16:48.221655,442.2,442.2,442.4,5029384.0
2018-01-10 10:16:50.268905,442.2,442.2,442.4,5029384.0
2018-01-10 10:16:52.231902,442.2,442.2,442.4,5029384.0
2018-01-10 10:16:54.292310,442.2,442.2,442.4,5029384.0
2018-01-10 10:16:56.439376,442.2,442.2,442.4,5029384.0
2018-01-10 10:16:58.494042,442.2,442.2,442.4,5029384.0
2018-01-10 10:17:00.742797,442.2,442.2,442.4,5029384.0
2018-01-10 10:17:02.958518,442.4,442.2,442.4,5033284.0
2018-01-10 10:17:04.970998,442.4,442.2,442.4,5033284.0
2018-01-10 10:17:09.399701,442.4,442.4,442.6,5034584.0
2018-01-10 10:17:11.863239,442.4,442.4,442.6,5034584.0
2018-01-10 10:17:13.766623,442.4,442.4,442.6,5034584.0
2018-01-10 10:17:16.061258,442.4,442.4,442.6,5034584.0
2018-01-10 10:17:18.366930,442.4,442.4,442.6,5034584.0
2018-01-10 10:17:20.697416,442.4,442.4,442.6,5034584.0
2018-01-10 10:17:22.272602,442.4,442.4,442.6,5034584.0
2018-01-10 10:17:24.755786,442.4,442.4,442.6,5034584.0
2018-01-10 10:17:26.853868,442.4,442.4,442.6,5034584.0
2018-01-10 10:17:28.951445,442.4,442.4,442.6,5034584.0
2018-01-10 10:17:31.101752,442.4,442.4,442.6,5034584.0
2018-01-10 10:17:33.677998,442.4,442.4,442.6,5034584.0
2018-01-10 10:17:35.381687,442.6,442.4,442.6,5035684.0
2018-01-10 10:17:37.636720,442.6,442.4,442.6,5035684.0
2018-01-10 10:17:39.114566,442.6,442.4,442.6,5035684.0
2018-01-10 10:17:41.528269,442.6,442.4,442.6,5035684.0
2018-01-10 10:17:43.792928,442.4,442.4,442.6,5037184.0
2018-01-10 10:17:45.539468,442.4,442.4,442.6,5037184.0
2018-01-10 10:17:47.710965,442.4,442.2,442.6,5050684.0
2018-01-10 10:17:49.956230,442.4,442.2,442.6,5050684.0
2018-01-10 10:17:52.396530,442.4,442.2,442.4,5052484.0
2018-01-10 10:17:54.861658,442.4,442.2,442.4,5052484.0
2018-01-10 10:17:56.576584,442.4,442.2,442.4,5052484.0
2018-01-10 10:17:58.446056,442.4,442.2,442.4,5052484.0
2018-01-10 10:18:01.188472,442.4,442.2,442.4,5057284.0
2018-01-10 10:18:03.433058,442.4,442.2,442.4,5057284.0
2018-01-10 10:18:06.880755,442.4,442.2,442.4,5058684.0
2018-01-10 10:18:08.504990,442.2,442.2,442.4,5059484.0
2018-01-10 10:18:14.716969,442.2,442.2,442.4,5059484.0
2018-01-10 10:18:16.906295,442.2,442.2,442.4,5060584.0
2018-01-10 10:18:20.540794,442.2,442.2,442.4,5060584.0
2018-01-10 10:18:23.145107,442.2,442.2,442.4,5060584.0
2018-01-10 10:18:24.706717,442.4,442.2,442.4,5064984.0
2018-01-10 10:18:26.242045,442.4,442.2,442.4,5064984.0
2018-01-10 10:18:28.649293,442.4,442.2,442.4,5064984.0
2018-01-10 10:18:31.118928,442.4,442.2,442.4,5064984.0
2018-01-10 10:18:32.596136,442.4,442.2,442.4,5064984.0
2018-01-10 10:18:35.083895,442.4,442.2,442.4,5064984.0
2018-01-10 10:18:37.395328,442.4,442.2,442.4,5064984.0
2018-01-10 10:18:39.014290,442.6,442.4,442.6,5066384.0
2018-01-10 10:18:41.188611,442.6,442.4,442.6,5066384.0
2018-01-10 10:18:43.907910,442.6,442.4,442.6,5066384.0
2018-01-10 10:18:46.198519,442.6,442.4,442.6,5066384.0
2018-01-10 10:18:47.819468,442.6,442.4,442.6,5067784.0
2018-01-10 10:18:50.120213,442.6,442.4,442.6,5067784.0
2018-01-10 10:18:51.667658,442.6,442.4,442.6,5080484.0
2018-01-10 10:18:53.554915,442.6,442.4,442.6,5080484.0
2018-01-10 10:18:55.657641,442.6,442.4,442.6,5080484.0
2018-01-10 10:18:57.855944,442.2,442.2,442.4,5114784.0
2018-01-10 10:19:00.199325,442.2,442.2,442.4,5116384.0
2018-01-10 10:19:02.509187,442.2,442.2,442.4,5116384.0
2018-01-10 10:19:04.904491,442.2,442.2,442.4,5116384.0
2018-01-10 10:19:08.484218,442.2,442.2,442.4,5116384.0
2018-01-10 10:19:11.144922,442.2,442.2,442.4,5118684.0
2018-01-10 10:19:13.207783,442.2,442.2,442.4,5118684.0
2018-01-10 10:19:15.035323,442.2,442.2,442.4,5118684.0
2018-01-10 10:19:17.067707,442.4,442.4,442.6,5122084.0
2018-01-10 10:19:18.948352,442.4,442.4,442.6,5122084.0
2018-01-10 10:19:20.672081,442.4,442.4,442.6,5122084.0
2018-01-10 10:19:22.934591,442.4,442.4,442.6,5122084.0
2018-01-10 10:19:25.071635,442.4,442.4,442.6,5122084.0
2018-01-10 10:19:26.398607,442.4,442.4,442.6,5122084.0
2018-01-10 10:19:28.182526,442.4,442.4,442.6,5122084.0
2018-01-10 10:19:30.070543,442.6,442.4,442.6,5123984.0
2018-01-10 10:19:31.459654,442.6,442.4,442.6,5123984.0
2018-01-10 10:19:33.713348,442.6,442.4,442.6,5123984.0
2018-01-10 10:19:35.824411,442.6,442.4,442.6,5123984.0
2018-01-10 10:19:37.882360,442.6,442.4,442.6,5123984.0
2018-01-10 10:19:40.105205,442.6,442.4,442.6,5126184.0
2018-01-10 10:19:42.139604,442.6,442.4,442.6,5126184.0
2018-01-10 10:19:44.498764,442.6,442.4,442.6,5126184.0
2018-01-10 10:19:46.310269,442.6,442.4,442.6,5158105.0
2018-01-10 10:19:48.300270,442.6,442.4,442.6,5158105.0
2018-01-10 10:19:50.666643,442.6,442.4,442.6,5158105.0
2018-01-10 10:19:52.596737,442.6,442.4,442.6,5158105.0
2018-01-10 10:19:54.519386,442.6,442.4,442.6,5158105.0
2018-01-10 10:19:56.541278,442.6,442.4,442.6,5158105.0
2018-01-10 10:19:58.587333,442.6,442.4,442.6,5158105.0
2018-01-10 10:20:00.477362,442.6,442.4,442.6,5158105.0
2018-01-10 10:20:02.556882,442.6,442.6,442.8,5162805.0
2018-01-10 10:20:04.430393,442.6,442.6,442.8,5162805.0
2018-01-10 10:20:06.611636,442.6,442.6,442.8,5162805.0
2018-01-10 10:20:08.788809,442.6,442.6,442.8,5162805.0
2018-01-10 10:20:10.918194,442.6,442.6,442.8,5162805.0
2018-01-10 10:20:12.791734,442.6,442.6,442.8,5162805.0
2018-01-10 10:20:14.943056,442.6,442.6,442.8,5162805.0
2018-01-10 10:20:16.491793,442.6,442.6,442.8,5162805.0
2018-01-10 10:20:18.581990,442.8,442.6,442.8,5164805.0
2018-01-10 10:20:20.653850,442.8,442.6,442.8,5164805.0
2018-01-10 10:20:22.200486,442.8,442.6,442.8,5164805.0
2018-01-10 10:20:24.009982,442.6,442.6,442.8,5166367.0
2018-01-10 10:20:25.951325,442.6,442.6,442.8,5166367.0
2018-01-10 10:20:27.368658,442.6,442.6,442.8,5166367.0
2018-01-10 10:20:28.961448,442.6,442.6,442.8,5166367.0
2018-01-10 10:20:30.933631,442.6,442.6,442.8,5166367.0
2018-01-10 10:20:33.357860,442.4,442.4,442.8,5192067.0
2018-01-10 10:20:35.492677,442.4,442.4,442.8,5192067.0
2018-01-10 10:20:36.883733,442.4,442.4,442.8,5192067.0
2018-01-10 10:20:39.141875,442.4,442.4,442.8,5192067.0
2018-01-10 10:20:41.256365,442.4,442.4,442.8,5192067.0
2018-01-10 10:20:43.137267,442.4,442.4,442.6,5195067.0
2018-01-10 10:20:44.871530,442.4,442.4,442.6,5195067.0
2018-01-10 10:20:46.945919,442.4,442.2,442.6,5202267.0
2018-01-10 10:20:49.275652,442.4,442.2,442.6,5202267.0
2018-01-10 10:20:51.444478,442.4,442.2,442.6,5202267.0
2018-01-10 10:20:53.685973,442.4,442.2,442.6,5202267.0
2018-01-10 10:20:55.780961,442.6,442.4,442.6,5207767.0
2018-01-10 10:20:57.956706,442.6,442.4,442.6,5207767.0
2018-01-10 10:21:00.234755,442.6,442.4,442.6,5207767.0
2018-01-10 10:21:02.528056,442.4,442.4,442.6,5209167.0
2018-01-10 10:21:06.117599,442.4,442.4,442.6,5209167.0
2018-01-10 10:21:08.467380,442.4,442.4,442.6,5211167.0
2018-01-10 10:21:10.627814,442.4,442.4,442.6,5211167.0
2018-01-10 10:21:12.659046,442.4,442.4,442.6,5211167.0
2018-01-10 10:21:18.151759,442.4,442.4,442.6,5211167.0
2018-01-10 10:21:20.273362,442.4,442.4,442.6,5211167.0
2018-01-10 10:21:22.798885,442.4,442.4,442.6,5211167.0
2018-01-10 10:21:24.951646,442.4,442.4,442.6,5211167.0
2018-01-10 10:21:26.950437,442.2,442.2,442.6,5235567.0
2018-01-10 10:21:29.192930,442.2,442.2,442.6,5235567.0
2018-01-10 10:21:30.737154,442.6,442.2,442.6,5246567.0
2018-01-10 10:21:32.858190,442.6,442.2,442.6,5246567.0
2018-01-10 10:21:35.503373,442.6,442.2,442.6,5246567.0
2018-01-10 10:21:38.888996,442.6,442.2,442.6,5247867.0
2018-01-10 10:21:41.466483,442.6,442.6,442.8,5253267.0
2018-01-10 10:21:43.665356,442.6,442.6,442.8,5253267.0
2018-01-10 10:21:46.124692,442.6,442.6,442.8,5253267.0
2018-01-10 10:21:48.570709,442.6,442.6,442.8,5273967.0
2018-01-10 10:21:51.186071,442.6,442.6,442.8,5273967.0
2018-01-10 10:21:52.738520,442.6,442.6,442.8,5273967.0
2018-01-10 10:21:55.339891,442.6,442.6,442.8,5273967.0
2018-01-10 10:21:57.798165,442.6,442.6,442.8,5273967.0
2018-01-10 10:21:59.332084,442.6,442.6,442.8,5273967.0
2018-01-10 10:22:02.043524,442.6,442.6,442.8,5273967.0
2018-01-10 10:22:05.250570,442.8,442.6,442.8,5279167.0
2018-01-10 10:22:10.372216,442.8,442.6,442.8,5279167.0
2018-01-10 10:22:12.879069,442.8,442.6,442.8,5279167.0
2018-01-10 10:22:15.377771,442.8,442.6,442.8,5279167.0
2018-01-10 10:22:17.866645,442.8,442.6,442.8,5279167.0
2018-01-10 10:22:20.527781,442.8,442.6,442.8,5279167.0
2018-01-10 10:22:22.478403,442.8,442.6,442.8,5280367.0
2018-01-10 10:22:24.858663,442.8,442.6,442.8,5280367.0
2018-01-10 10:22:26.529272,442.8,442.6,442.8,5280367.0
2018-01-10 10:22:29.232811,442.8,442.6,442.8,5280367.0
2018-01-10 10:22:31.826082,442.8,442.6,442.8,5280367.0
2018-01-10 10:22:34.306092,442.8,442.6,442.8,5280367.0
2018-01-10 10:22:36.967322,442.6,442.6,442.8,5283767.0
2018-01-10 10:22:39.273150,442.6,442.6,442.8,5283767.0
2018-01-10 10:22:41.086503,442.6,442.6,442.8,5286067.0
2018-01-10 10:22:43.360850,442.6,442.6,442.8,5286067.0
2018-01-10 10:22:45.467671,442.6,442.6,442.8,5289867.0
2018-01-10 10:22:47.414911,442.6,442.6,442.8,5304367.0
2018-01-10 10:22:49.419148,442.6,442.6,442.8,5304367.0
2018-01-10 10:22:51.940342,442.6,442.6,442.8,5304367.0
2018-01-10 10:22:54.286091,442.6,442.6,442.8,5304367.0
2018-01-10 10:22:56.732311,442.6,442.6,442.8,5304367.0
2018-01-10 10:22:59.270979,442.4,442.4,442.6,5308267.0
2018-01-10 10:23:02.038385,442.4,442.4,442.6,5308267.0
2018-01-10 10:23:03.948955,442.4,442.4,442.6,5308267.0
2018-01-10 10:23:05.914619,442.4,442.4,442.6,5308267.0
2018-01-10 10:23:09.306632,442.4,442.4,442.6,5308267.0
2018-01-10 10:23:11.803605,442.4,442.4,442.6,5308267.0
2018-01-10 10:23:13.382917,442.4,442.4,442.6,5308267.0
2018-01-10 10:23:15.770917,442.6,442.4,442.6,5310567.0
2018-01-10 10:23:18.575072,442.6,442.4,442.6,5310567.0
2018-01-10 10:23:20.229544,442.6,442.4,442.6,5310567.0
2018-01-10 10:23:21.959694,442.6,442.4,442.6,5310567.0
2018-01-10 10:23:24.694292,442.6,442.4,442.6,5310567.0
2018-01-10 10:23:27.158529,442.6,442.4,442.6,5310567.0
2018-01-10 10:23:29.535072,442.6,442.4,442.6,5310567.0
2018-01-10 10:23:31.784354,442.6,442.4,442.6,5310567.0
2018-01-10 10:23:34.228759,442.6,442.6,442.8,5318867.0
2018-01-10 10:23:35.946691,442.6,442.6,442.8,5341767.0
2018-01-10 10:23:38.519142,442.6,442.6,442.8,5341767.0
2018-01-10 10:23:40.796847,442.8,442.6,442.8,5370567.0
2018-01-10 10:23:42.389180,442.8,442.6,442.8,5370567.0
2018-01-10 10:23:44.331916,442.8,442.6,442.8,5370567.0
2018-01-10 10:23:45.870904,442.8,442.6,442.8,5370567.0
2018-01-10 10:23:48.180522,442.8,442.6,442.8,5370567.0
2018-01-10 10:23:50.373123,442.8,442.6,442.8,5374767.0
2018-01-10 10:23:52.068405,442.8,442.6,442.8,5374767.0
2018-01-10 10:23:54.169483,442.8,442.6,442.8,5374767.0
2018-01-10 10:23:57.550791,442.8,442.6,442.8,5374767.0
2018-01-10 10:23:59.679365,442.8,442.6,442.8,5374767.0
2018-01-10 10:24:05.121076,442.8,442.6,442.8,5374767.0
2018-01-10 10:24:07.584646,442.8,442.6,442.8,5374767.0
2018-01-10 10:24:10.999492,442.8,442.6,442.8,5374767.0
2018-01-10 10:24:12.951758,442.8,442.6,442.8,5374767.0
2018-01-10 10:24:15.067525,442.8,442.8,443.0,5375867.0
2018-01-10 10:24:17.226350,442.8,442.8,443.0,5375867.0
2018-01-10 10:24:19.243930,442.8,442.8,443.0,5375867.0
2018-01-10 10:24:21.040161,442.8,442.8,443.0,5375867.0
2018-01-10 10:24:23.647470,442.8,442.8,443.0,5375867.0
2018-01-10 10:24:25.813188,442.8,442.8,443.0,5375867.0
2018-01-10 10:24:27.845856,442.8,442.8,443.0,5375867.0
2018-01-10 10:24:30.638580,442.8,442.8,443.0,5375867.0
2018-01-10 10:24:32.415015,442.8,442.8,443.0,5375867.0
2018-01-10 10:24:34.752878,442.8,442.8,443.0,5375867.0
2018-01-10 10:24:36.982152,442.8,442.8,443.0,5375867.0
2018-01-10 10:24:39.300454,443.0,442.8,443.0,5380267.0
2018-01-10 10:24:41.770854,443.0,442.8,443.0,5380267.0
2018-01-10 10:24:43.741226,443.0,442.8,443.0,5382067.0
2018-01-10 10:24:45.768667,443.0,442.8,443.0,5382067.0
2018-01-10 10:24:47.461442,443.0,442.8,443.0,5382067.0
2018-01-10 10:24:48.961306,443.0,442.8,443.0,5382067.0
2018-01-10 10:24:51.084049,443.0,442.8,443.0,5382067.0
2018-01-10 10:24:53.021965,442.8,442.8,443.0,5383167.0
2018-01-10 10:24:55.071109,442.8,442.8,443.0,5383167.0
2018-01-10 10:24:58.862372,442.8,442.8,443.0,5383167.0
2018-01-10 10:25:01.180300,442.8,442.8,443.0,5383167.0
2018-01-10 10:25:02.484244,442.8,442.8,443.0,5383167.0
2018-01-10 10:25:04.679278,442.8,442.8,443.0,5383167.0
2018-01-10 10:25:07.100154,442.8,442.8,443.0,5383167.0
2018-01-10 10:25:10.520871,442.8,442.8,443.0,5383167.0
2018-01-10 10:25:13.128750,442.8,442.8,443.0,5383167.0
2018-01-10 10:25:14.986275,442.8,442.8,443.0,5397273.0
2018-01-10 10:25:17.508414,442.8,442.8,443.0,5397273.0
2018-01-10 10:25:20.190578,442.8,442.8,443.0,5404073.0
2018-01-10 10:25:22.351028,442.8,442.8,443.0,5404073.0
2018-01-10 10:25:24.933179,442.8,442.8,443.0,5404073.0
2018-01-10 10:25:27.904251,442.8,442.8,443.0,5404073.0
2018-01-10 10:25:30.356358,442.8,442.8,443.0,5404073.0
2018-01-10 10:25:32.000518,442.8,442.8,443.0,5404073.0
2018-01-10 10:25:34.661715,442.8,442.8,443.0,5404073.0
2018-01-10 10:25:36.987922,442.8,442.8,443.0,5404073.0
2018-01-10 10:25:39.423227,442.8,442.8,443.0,5419873.0
2018-01-10 10:25:42.151747,442.8,442.8,443.0,5432473.0
2018-01-10 10:25:43.832958,442.8,442.8,443.0,5432473.0
2018-01-10 10:25:46.074804,442.8,442.8,443.0,5453473.0
2018-01-10 10:25:48.450145,442.8,442.8,443.0,5453473.0
2018-01-10 10:25:50.619231,442.8,442.8,443.0,5453473.0
2018-01-10 10:25:52.510962,442.8,442.8,443.0,5455673.0
2018-01-10 10:25:54.331333,442.8,442.8,443.0,5455673.0
2018-01-10 10:25:55.950942,442.8,442.8,443.0,5455673.0
2018-01-10 10:25:58.029347,442.8,442.8,443.0,5455673.0
2018-01-10 10:25:59.975483,442.8,442.8,443.0,5455673.0
2018-01-10 10:26:01.802432,442.8,442.8,443.0,5455673.0
2018-01-10 10:26:03.484248,442.8,442.8,443.0,5455673.0
2018-01-10 10:26:05.377915,442.8,442.8,443.0,5459773.0
2018-01-10 10:26:06.732553,442.8,442.8,443.0,5459773.0
2018-01-10 10:26:08.476251,442.8,442.8,443.0,5459773.0
2018-01-10 10:26:10.874902,442.8,442.8,443.0,5459773.0
2018-01-10 10:26:13.012558,442.8,442.8,443.0,5459773.0
2018-01-10 10:26:14.850592,442.8,442.8,443.0,5463673.0
2018-01-10 10:26:16.742136,442.8,442.8,443.0,5463673.0
2018-01-10 10:26:18.646364,442.8,442.8,443.0,5463673.0
2018-01-10 10:26:20.895886,442.8,442.8,443.0,5463673.0
2018-01-10 10:26:23.049238,442.8,442.8,443.0,5463673.0
2018-01-10 10:26:25.041607,442.8,442.8,443.0,5463673.0
2018-01-10 10:26:27.444513,442.8,442.8,443.0,5463673.0
2018-01-10 10:26:29.652427,442.8,442.8,443.0,5463673.0
2018-01-10 10:26:31.492505,442.8,442.8,443.0,5463673.0
2018-01-10 10:26:32.971833,443.0,442.8,443.0,5467773.0
2018-01-10 10:26:34.281070,443.0,442.8,443.0,5467773.0
2018-01-10 10:26:36.162672,443.0,442.8,443.0,5467773.0
2018-01-10 10:26:37.635055,443.0,442.8,443.0,5467773.0
2018-01-10 10:26:39.676735,443.0,442.8,443.0,5467773.0
2018-01-10 10:26:41.954272,442.8,442.8,443.0,5469073.0
2018-01-10 10:26:44.067098,442.8,442.8,443.0,5469073.0
2018-01-10 10:26:46.255885,443.0,442.8,443.0,5486773.0
2018-01-10 10:26:48.334700,443.0,442.8,443.0,5492573.0
2018-01-10 10:26:50.560949,443.0,442.8,443.2,5506073.0
2018-01-10 10:26:52.477309,443.0,442.8,443.2,5506073.0
2018-01-10 10:26:54.164629,443.0,442.8,443.2,5506073.0
2018-01-10 10:26:55.854358,443.0,442.8,443.2,5506073.0
2018-01-10 10:26:57.880309,443.0,442.8,443.2,5506073.0
2018-01-10 10:26:59.655384,443.0,442.8,443.2,5506073.0
2018-01-10 10:27:02.161683,443.0,442.8,443.2,5506073.0
2018-01-10 10:27:03.737319,443.0,442.8,443.2,5506073.0
2018-01-10 10:27:06.024909,443.0,442.8,443.2,5506073.0
2018-01-10 10:27:08.152824,443.0,443.0,443.2,5508973.0
2018-01-10 10:27:10.183808,443.0,443.0,443.2,5508973.0
2018-01-10 10:27:12.150727,443.0,443.0,443.2,5508973.0
2018-01-10 10:27:14.110304,443.0,443.0,443.2,5508973.0
2018-01-10 10:27:16.248099,443.0,442.8,443.2,5545473.0
2018-01-10 10:27:18.332221,443.0,442.8,443.2,5545473.0
2018-01-10 10:27:20.231992,443.0,442.8,443.2,5545473.0
2018-01-10 10:27:21.534308,443.0,442.8,443.0,5548473.0
2018-01-10 10:27:23.665286,443.0,442.8,443.0,5548473.0
2018-01-10 10:27:25.688238,443.0,443.0,443.2,5554073.0
2018-01-10 10:27:27.787452,443.0,443.0,443.2,5554073.0
2018-01-10 10:27:29.630988,443.0,443.0,443.2,5554073.0
2018-01-10 10:27:31.727231,443.0,443.0,443.2,5554073.0
2018-01-10 10:27:33.794690,443.0,443.0,443.2,5554073.0
2018-01-10 10:27:35.808660,443.0,443.0,443.2,5554073.0
2018-01-10 10:27:37.911946,443.2,443.0,443.2,5558073.0
2018-01-10 10:27:39.927816,443.2,443.0,443.2,5558073.0
2018-01-10 10:27:42.044695,443.2,443.0,443.2,5558073.0
2018-01-10 10:27:44.353711,443.2,443.0,443.2,5558073.0
2018-01-10 10:27:46.383198,443.2,443.0,443.2,5558073.0
2018-01-10 10:27:48.083397,443.2,443.0,443.2,5560873.0
2018-01-10 10:27:49.824275,443.2,443.0,443.2,5560873.0
2018-01-10 10:27:51.640045,443.2,443.0,443.2,5560873.0
2018-01-10 10:27:53.995666,443.2,443.0,443.2,5560873.0
2018-01-10 10:27:56.650223,443.2,443.0,443.2,5560873.0
2018-01-10 10:27:59.131311,443.2,443.0,443.2,5560873.0
2018-01-10 10:28:01.337621,443.2,443.0,443.2,5569073.0
2018-01-10 10:28:03.943696,443.2,443.0,443.2,5569073.0
2018-01-10 10:28:10.093811,443.2,443.0,443.2,5569073.0
2018-01-10 10:28:12.600418,443.0,443.0,443.2,5572298.0
2018-01-10 10:28:14.918476,443.0,443.0,443.2,5572298.0
2018-01-10 10:28:17.230648,443.0,443.0,443.2,5574598.0
2018-01-10 10:28:19.363623,443.0,443.0,443.2,5574598.0
2018-01-10 10:28:21.723521,443.0,443.0,443.2,5574598.0
2018-01-10 10:28:24.274802,443.0,443.0,443.2,5574598.0
2018-01-10 10:28:26.663205,443.0,443.0,443.2,5575998.0
2018-01-10 10:28:29.282331,443.0,443.0,443.2,5575998.0
2018-01-10 10:28:31.054577,443.0,443.0,443.2,5575998.0
2018-01-10 10:28:33.547414,443.0,443.0,443.2,5575998.0
2018-01-10 10:28:35.511963,443.0,443.0,443.2,5575998.0
2018-01-10 10:28:38.075369,443.0,443.0,443.2,5575998.0
2018-01-10 10:28:39.810443,443.0,443.0,443.2,5575998.0
2018-01-10 10:28:42.103334,443.0,443.0,443.2,5578898.0
2018-01-10 10:28:43.654957,443.0,443.0,443.2,5578898.0
2018-01-10 10:28:46.029443,443.0,443.0,443.2,5578898.0
2018-01-10 10:28:48.495184,443.0,443.0,443.2,5578898.0
2018-01-10 10:28:50.993875,443.0,443.0,443.2,5578898.0
2018-01-10 10:28:52.767836,443.0,443.0,443.2,5578898.0
2018-01-10 10:28:54.997174,443.0,443.0,443.2,5578898.0
2018-01-10 10:28:57.517285,443.0,443.0,443.2,5578898.0
2018-01-10 10:28:59.956302,443.0,443.0,443.2,5578898.0
2018-01-10 10:29:02.048053,443.2,443.0,443.2,5580798.0
2018-01-10 10:29:04.168301,443.2,443.0,443.2,5580798.0
2018-01-10 10:29:08.491389,443.2,443.0,443.2,5580798.0
2018-01-10 10:29:11.299590,443.0,443.0,443.2,5581598.0
2018-01-10 10:29:15.292307,443.0,443.0,443.2,5581598.0
2018-01-10 10:29:16.884369,443.0,442.8,443.0,5613898.0
2018-01-10 10:29:18.765752,443.0,442.8,443.0,5613898.0
2018-01-10 10:29:21.108496,443.0,442.8,443.0,5613898.0
2018-01-10 10:29:23.462282,443.0,442.8,443.0,5621598.0
2018-01-10 10:29:25.700558,443.0,442.8,443.0,5621598.0
2018-01-10 10:29:27.607921,443.0,442.8,443.0,5621598.0
2018-01-10 10:29:29.096994,443.0,443.0,443.2,5640798.0
2018-01-10 10:29:31.395494,443.0,443.0,443.2,5640798.0
2018-01-10 10:29:33.733518,443.0,443.0,443.2,5640798.0
2018-01-10 10:29:35.065922,443.0,443.0,443.2,5640798.0
2018-01-10 10:29:37.426028,443.0,443.0,443.2,5640798.0
2018-01-10 10:29:39.902266,443.0,443.0,443.2,5642098.0
2018-01-10 10:29:41.620842,443.0,443.0,443.2,5642098.0
2018-01-10 10:29:44.233763,443.0,443.0,443.2,5642098.0
2018-01-10 10:29:46.540495,443.0,443.0,443.2,5642098.0
2018-01-10 10:29:48.800750,443.0,443.0,443.2,5642098.0
2018-01-10 10:29:51.329594,443.2,443.0,443.2,5647298.0
2018-01-10 10:29:53.807768,443.2,443.0,443.2,5647298.0
2018-01-10 10:29:55.446094,443.2,443.0,443.2,5690598.0
2018-01-10 10:29:58.273747,443.2,443.0,443.2,5690598.0
2018-01-10 10:30:00.723724,443.2,443.0,443.2,5690598.0
2018-01-10 10:30:02.038677,443.2,443.0,443.2,5690598.0
2018-01-10 10:30:03.865126,443.2,443.0,443.2,5690598.0
2018-01-10 10:30:05.983015,443.2,443.0,443.2,5690598.0
2018-01-10 10:30:07.872882,443.2,443.0,443.2,5690598.0
2018-01-10 10:30:09.842426,443.2,443.0,443.2,5695898.0
2018-01-10 10:30:11.963970,443.2,443.0,443.2,5695898.0
2018-01-10 10:30:13.966506,443.2,443.0,443.2,5695898.0
2018-01-10 10:30:15.892845,443.2,443.0,443.2,5695898.0
2018-01-10 10:30:18.201614,443.2,443.0,443.2,5695898.0
2018-01-10 10:30:20.015003,443.2,443.0,443.2,5695898.0
2018-01-10 10:30:21.861551,443.2,443.0,443.2,5695898.0
2018-01-10 10:30:23.728776,443.2,443.0,443.2,5695898.0
2018-01-10 10:30:25.751053,443.2,443.0,443.2,5695898.0
2018-01-10 10:30:27.851485,443.2,443.0,443.2,5695898.0
2018-01-10 10:30:29.848192,443.2,443.0,443.2,5709398.0
2018-01-10 10:30:31.668629,443.2,443.0,443.2,5709398.0
2018-01-10 10:30:33.835495,443.2,443.0,443.2,5709398.0
2018-01-10 10:30:36.079109,443.2,443.0,443.2,5709398.0
2018-01-10 10:30:38.250032,443.2,443.0,443.2,5711098.0
2018-01-10 10:30:40.225025,443.2,443.0,443.2,5713098.0
2018-01-10 10:30:42.192519,443.2,443.0,443.2,5713098.0
2018-01-10 10:30:44.189883,443.2,443.0,443.2,5713098.0
2018-01-10 10:30:45.667104,443.2,443.0,443.2,5716698.0
2018-01-10 10:30:47.992915,443.2,443.0,443.2,5716698.0
2018-01-10 10:30:49.848480,443.2,443.0,443.2,5716698.0
2018-01-10 10:30:51.942082,443.2,443.0,443.2,5716698.0
2018-01-10 10:30:54.072978,443.2,443.0,443.2,5716698.0
2018-01-10 10:30:55.953140,443.2,443.0,443.2,5716698.0
2018-01-10 10:30:58.125567,443.2,443.0,443.2,5716698.0
2018-01-10 10:30:59.992751,443.2,443.0,443.2,5716698.0
2018-01-10 10:31:01.873544,443.2,443.0,443.2,5716698.0
2018-01-10 10:31:03.325980,443.2,443.0,443.2,5719498.0
2018-01-10 10:31:05.272277,443.2,443.0,443.2,5719498.0
2018-01-10 10:31:07.184762,443.2,443.0,443.2,5719498.0
2018-01-10 10:31:09.471870,443.2,443.0,443.2,5719498.0
2018-01-10 10:31:11.385289,443.2,443.0,443.2,5719498.0
2018-01-10 10:31:13.426079,443.2,443.0,443.2,5719498.0
2018-01-10 10:31:15.642286,443.2,443.0,443.2,5720598.0
2018-01-10 10:31:17.759577,443.2,443.0,443.2,5720598.0
2018-01-10 10:31:20.289052,443.2,443.0,443.2,5720598.0
2018-01-10 10:31:22.469764,443.2,443.0,443.2,5720598.0
2018-01-10 10:31:24.349884,443.2,443.0,443.2,5720598.0
2018-01-10 10:31:27.014533,443.2,443.0,443.2,5720598.0
2018-01-10 10:31:29.461533,443.2,443.0,443.2,5720598.0
2018-01-10 10:31:31.711197,443.0,443.0,443.2,5721698.0
2018-01-10 10:31:34.072043,443.0,443.0,443.2,5721698.0
2018-01-10 10:31:36.176489,443.0,443.0,443.2,5721698.0
2018-01-10 10:31:38.073103,443.0,443.0,443.2,5721698.0
2018-01-10 10:31:39.950805,443.0,443.0,443.2,5721698.0
2018-01-10 10:31:41.927450,443.0,443.0,443.2,5721698.0
2018-01-10 10:31:44.499458,443.0,443.0,443.2,5725398.0
2018-01-10 10:31:46.760430,443.0,443.0,443.2,5725398.0
2018-01-10 10:31:48.903228,443.0,443.0,443.2,5725398.0
2018-01-10 10:31:50.945603,443.0,443.0,443.2,5725398.0
2018-01-10 10:31:52.935282,443.0,443.0,443.2,5725398.0
2018-01-10 10:31:55.032846,443.0,443.0,443.2,5725398.0
2018-01-10 10:31:56.960202,443.0,443.0,443.2,5727323.0
2018-01-10 10:31:58.969722,443.0,443.0,443.2,5730323.0
2018-01-10 10:32:00.829704,443.0,443.0,443.2,5750223.0
2018-01-10 10:32:02.884096,443.0,443.0,443.2,5752823.0
2018-01-10 10:32:05.513492,443.0,443.0,443.2,5752823.0
2018-01-10 10:32:06.958693,443.0,443.0,443.2,5752823.0
2018-01-10 10:32:09.162265,443.0,443.0,443.2,5752823.0
2018-01-10 10:32:11.256307,443.2,443.0,443.2,5756523.0
2018-01-10 10:32:13.119690,443.2,443.0,443.2,5756523.0
2018-01-10 10:32:15.196112,443.2,443.0,443.2,5756523.0
2018-01-10 10:32:17.085354,443.2,443.0,443.2,5756523.0
2018-01-10 10:32:19.200711,443.2,443.0,443.2,5756523.0
2018-01-10 10:32:21.427576,443.2,443.0,443.2,5756523.0
2018-01-10 10:32:23.966334,443.2,443.0,443.2,5773053.0
2018-01-10 10:32:26.139649,443.2,443.0,443.2,5773053.0
2018-01-10 10:32:28.226407,443.2,443.0,443.2,5773053.0
2018-01-10 10:32:29.529129,443.0,443.0,443.2,5776053.0
2018-01-10 10:32:31.150222,443.0,443.0,443.2,5776053.0
2018-01-10 10:32:33.235385,443.0,443.0,443.2,5776053.0
2018-01-10 10:32:35.151585,443.0,443.0,443.2,5776053.0
2018-01-10 10:32:36.833808,443.0,443.0,443.2,5791453.0
2018-01-10 10:32:39.184551,443.0,443.0,443.2,5791453.0
2018-01-10 10:32:41.221587,443.2,443.0,443.2,5799753.0
2018-01-10 10:32:43.270016,443.2,443.0,443.2,5799753.0
2018-01-10 10:32:45.165649,443.2,443.0,443.2,5799753.0
2018-01-10 10:32:47.182647,443.2,443.0,443.2,5799753.0
2018-01-10 10:32:49.314751,443.2,443.0,443.2,5809853.0
2018-01-10 10:32:51.326679,443.2,443.0,443.2,5809853.0
2018-01-10 10:32:52.979746,443.2,443.0,443.2,5809853.0
2018-01-10 10:32:54.877849,443.2,443.0,443.2,5809853.0
2018-01-10 10:32:56.366141,443.2,443.0,443.2,5809853.0
2018-01-10 10:32:58.449509,443.2,443.0,443.2,5809853.0
2018-01-10 10:33:00.347664,443.2,443.0,443.2,5809853.0
2018-01-10 10:33:02.073333,443.2,443.0,443.2,5814753.0
2018-01-10 10:33:03.970764,443.2,443.0,443.2,5814753.0
2018-01-10 10:33:05.874355,443.2,443.0,443.2,5814753.0
2018-01-10 10:33:07.966514,443.2,443.0,443.2,5814753.0
2018-01-10 10:33:09.950090,443.2,443.0,443.2,5814753.0
2018-01-10 10:33:11.888058,443.0,443.0,443.2,5816653.0
2018-01-10 10:33:13.961801,443.0,443.0,443.2,5816653.0
2018-01-10 10:33:15.636661,443.0,443.0,443.2,5816653.0
2018-01-10 10:33:19.188232,443.0,443.0,443.2,5816653.0
2018-01-10 10:33:21.370743,443.0,443.0,443.2,5816653.0
2018-01-10 10:33:24.030993,443.2,443.0,443.2,5819453.0
2018-01-10 10:33:25.612194,443.2,443.0,443.2,5819453.0
2018-01-10 10:33:28.115252,443.2,443.0,443.2,5819453.0
2018-01-10 10:33:29.722070,443.2,443.0,443.2,5819453.0
2018-01-10 10:33:31.906504,443.2,443.0,443.2,5819453.0
2018-01-10 10:33:34.760989,443.2,443.0,443.2,5819453.0
2018-01-10 10:33:36.468941,443.2,443.0,443.2,5820553.0
2018-01-10 10:33:39.165946,443.2,443.0,443.2,5820553.0
2018-01-10 10:33:41.577143,443.2,443.0,443.2,5820553.0
2018-01-10 10:33:43.843662,443.0,443.0,443.2,5821253.0
2018-01-10 10:33:45.977022,443.0,443.0,443.2,5821253.0
2018-01-10 10:33:48.516065,443.0,443.0,443.2,5821253.0
2018-01-10 10:33:50.328917,443.0,443.0,443.2,5821253.0
2018-01-10 10:33:52.468623,443.0,443.0,443.2,5821253.0
2018-01-10 10:33:54.796292,443.0,443.0,443.2,5821253.0
2018-01-10 10:33:57.625972,443.0,443.0,443.2,5821253.0
2018-01-10 10:33:59.306766,443.0,443.0,443.2,5852253.0
2018-01-10 10:34:01.758724,443.0,443.0,443.2,5852253.0
2018-01-10 10:34:04.136026,443.0,443.0,443.2,5852253.0
2018-01-10 10:34:06.196942,443.0,442.8,443.0,5855453.0
2018-01-10 10:34:08.860824,443.0,442.8,443.0,5855453.0
2018-01-10 10:34:12.920588,443.0,442.8,443.0,5855453.0
2018-01-10 10:34:15.558356,443.0,442.8,443.0,5860053.0
2018-01-10 10:34:17.949484,443.0,442.8,443.0,5860053.0
2018-01-10 10:34:20.547672,443.0,442.8,443.0,5860053.0
2018-01-10 10:34:23.008412,443.0,442.8,443.0,5860053.0
2018-01-10 10:34:25.195613,443.0,442.8,443.0,5860053.0
2018-01-10 10:34:27.684667,443.0,442.8,443.0,5860053.0
2018-01-10 10:34:29.586349,443.0,442.8,443.0,5860053.0
2018-01-10 10:34:31.727174,443.0,442.8,443.0,5860053.0
2018-01-10 10:34:34.352807,443.0,442.8,443.0,5860053.0
2018-01-10 10:34:35.925902,443.0,442.8,443.0,5860053.0
2018-01-10 10:34:38.206114,442.8,442.8,443.0,5861153.0
2018-01-10 10:34:40.552656,442.8,442.8,443.0,5861153.0
2018-01-10 10:34:42.684971,442.8,442.8,443.0,5862653.0
2018-01-10 10:34:45.423132,442.8,442.8,443.0,5862653.0
2018-01-10 10:34:47.033355,442.8,442.8,443.0,5862653.0
2018-01-10 10:34:49.358851,442.8,442.8,443.0,5862653.0
2018-01-10 10:34:51.586178,442.8,442.8,443.0,5865753.0
2018-01-10 10:34:54.206177,443.0,442.8,443.0,5866953.0
2018-01-10 10:34:56.459190,443.0,442.8,443.0,5866953.0
2018-01-10 10:34:58.873442,443.0,442.8,443.0,5866953.0
2018-01-10 10:35:00.423307,443.0,442.8,443.0,5866953.0
2018-01-10 10:35:02.936051,442.8,442.8,443.0,5887253.0
2018-01-10 10:35:05.071424,442.8,442.8,443.0,5887253.0
2018-01-10 10:35:07.262455,442.8,442.8,443.0,5891753.0
2018-01-10 10:35:09.991982,442.8,442.8,443.0,5893453.0
2018-01-10 10:35:12.356676,442.8,442.8,443.0,5893453.0
2018-01-10 10:35:17.090124,442.8,442.8,443.0,5893453.0
2018-01-10 10:35:19.679883,442.8,442.6,442.8,5910153.0
2018-01-10 10:35:21.246587,442.6,442.6,442.8,5917553.0
2018-01-10 10:35:23.761004,442.6,442.6,442.8,5917553.0
2018-01-10 10:35:26.167372,442.6,442.6,442.8,5917553.0
2018-01-10 10:35:28.065546,442.6,442.6,442.8,5917553.0
2018-01-10 10:35:30.516259,442.6,442.6,442.8,5917553.0
2018-01-10 10:35:33.117384,442.6,442.6,442.8,5917553.0
2018-01-10 10:35:35.248939,442.8,442.6,442.8,5918453.0
2018-01-10 10:35:36.844574,442.8,442.6,442.8,5918453.0
2018-01-10 10:35:39.222294,442.8,442.6,442.8,5918453.0
2018-01-10 10:35:41.246286,442.8,442.6,442.8,5918453.0
2018-01-10 10:35:42.764771,442.8,442.6,442.8,5918453.0
2018-01-10 10:35:45.099870,442.6,442.6,442.8,5919753.0
2018-01-10 10:35:47.495086,442.6,442.6,442.8,5919753.0
2018-01-10 10:35:49.980365,442.6,442.6,442.8,5919753.0
2018-01-10 10:35:52.489016,442.6,442.6,442.8,5919753.0
2018-01-10 10:35:54.619923,442.6,442.6,442.8,5919753.0
2018-01-10 10:35:57.299626,442.6,442.6,442.8,5919753.0
2018-01-10 10:35:59.796153,442.6,442.6,442.8,5919753.0
2018-01-10 10:36:02.556269,442.6,442.6,442.8,5919753.0
2018-01-10 10:36:07.216059,442.6,442.6,442.8,5919753.0
2018-01-10 10:36:09.952402,442.6,442.6,442.8,5920653.0
2018-01-10 10:36:12.420873,442.6,442.6,442.8,5920653.0
2018-01-10 10:36:13.943338,442.6,442.6,442.8,5920653.0
2018-01-10 10:36:16.666410,442.6,442.6,442.8,5922153.0
2018-01-10 10:36:18.835884,442.6,442.6,442.8,5922153.0
2018-01-10 10:36:20.862679,442.6,442.6,442.8,5928853.0
2018-01-10 10:36:23.715108,442.6,442.6,442.8,5928853.0
2018-01-10 10:36:26.022615,442.6,442.6,442.8,5928853.0
2018-01-10 10:36:28.371735,442.6,442.6,442.8,5928853.0
2018-01-10 10:36:30.716659,442.6,442.6,442.8,5928853.0
2018-01-10 10:36:32.830617,442.6,442.6,442.8,5928853.0
2018-01-10 10:36:36.418751,442.6,442.6,442.8,5958953.0
2018-01-10 10:36:38.835543,442.6,442.6,442.8,5958953.0
2018-01-10 10:36:41.249393,442.6,442.6,442.8,5966653.0
2018-01-10 10:36:44.250455,442.6,442.6,442.8,5966653.0
2018-01-10 10:36:46.659700,442.6,442.6,442.8,5966653.0
2018-01-10 10:36:49.279498,442.6,442.6,442.8,5966653.0
2018-01-10 10:36:51.936653,442.6,442.6,442.8,5966653.0
2018-01-10 10:36:54.410550,442.6,442.6,442.8,5966653.0
2018-01-10 10:36:56.708333,442.8,442.6,442.8,5994453.0
2018-01-10 10:36:59.134792,442.8,442.6,442.8,5994453.0
2018-01-10 10:37:01.829934,442.8,442.6,442.8,5994453.0
2018-01-10 10:37:04.261603,442.8,442.6,442.8,5994453.0
2018-01-10 10:37:06.066810,442.8,442.6,442.8,5994453.0
2018-01-10 10:37:08.549845,442.6,442.6,442.8,6002309.0
2018-01-10 10:37:10.441821,442.6,442.6,442.8,6002309.0
2018-01-10 10:37:12.487284,442.6,442.6,442.8,6006809.0
2018-01-10 10:37:15.130080,442.6,442.6,442.8,6006809.0
2018-01-10 10:37:18.010096,442.6,442.6,442.8,6006809.0
2018-01-10 10:37:19.790444,442.6,442.6,442.8,6006809.0
2018-01-10 10:37:21.516552,442.6,442.6,442.8,6006809.0
2018-01-10 10:37:23.834290,442.6,442.6,442.8,6006809.0
2018-01-10 10:37:25.695333,442.6,442.6,442.8,6006809.0
2018-01-10 10:37:28.422139,442.6,442.6,442.8,6006809.0
2018-01-10 10:37:30.197218,442.6,442.6,442.8,6006809.0
2018-01-10 10:37:32.844740,442.6,442.6,442.8,6006809.0
2018-01-10 10:37:34.529600,442.6,442.6,442.8,6006809.0
2018-01-10 10:37:36.892650,442.6,442.4,442.6,6031509.0
2018-01-10 10:37:39.232559,442.6,442.4,442.6,6031509.0
2018-01-10 10:37:41.482818,442.6,442.4,442.6,6031509.0
2018-01-10 10:37:43.536569,442.6,442.4,442.8,6042009.0
2018-01-10 10:37:45.722678,442.6,442.4,442.8,6042009.0
2018-01-10 10:37:47.468574,442.6,442.4,442.8,6042009.0
2018-01-10 10:37:49.875907,442.6,442.4,442.8,6042009.0
2018-01-10 10:37:51.456457,442.6,442.4,442.8,6042009.0
2018-01-10 10:37:54.269844,442.6,442.4,442.8,6042009.0
2018-01-10 10:37:56.188757,442.6,442.4,442.8,6042009.0
2018-01-10 10:37:58.365398,442.6,442.4,442.8,6042009.0
2018-01-10 10:38:00.554043,442.6,442.4,442.8,6042009.0
2018-01-10 10:38:02.642055,442.8,442.6,442.8,6045009.0
2018-01-10 10:38:06.683412,442.8,442.6,442.8,6045009.0
2018-01-10 10:38:09.157676,442.8,442.6,442.8,6045009.0
2018-01-10 10:38:12.428692,442.8,442.6,442.8,6045009.0
2018-01-10 10:38:14.885794,442.8,442.6,442.8,6045009.0
2018-01-10 10:38:18.131328,442.6,442.4,442.6,6066509.0
2018-01-10 10:38:20.476147,442.6,442.4,442.6,6066509.0
2018-01-10 10:38:22.392316,442.6,442.4,442.6,6066509.0
2018-01-10 10:38:23.854508,442.6,442.4,442.6,6066509.0
2018-01-10 10:38:26.239941,442.6,442.4,442.6,6066509.0
2018-01-10 10:38:28.774599,442.6,442.4,442.6,6066509.0
2018-01-10 10:38:31.596866,442.6,442.4,442.6,6066509.0
2018-01-10 10:38:34.107885,442.6,442.4,442.6,6073109.0
2018-01-10 10:38:36.579398,442.4,442.4,442.6,6088809.0
2018-01-10 10:38:38.901006,442.4,442.4,442.6,6088809.0
2018-01-10 10:38:41.367528,442.4,442.4,442.6,6093809.0
2018-01-10 10:38:43.551346,442.4,442.4,442.6,6093809.0
2018-01-10 10:38:45.251281,442.4,442.4,442.6,6094709.0
2018-01-10 10:38:47.580448,442.4,442.4,442.6,6094709.0
2018-01-10 10:38:48.997662,442.4,442.4,442.6,6094709.0
2018-01-10 10:38:50.805536,442.4,442.4,442.6,6094709.0
2018-01-10 10:38:53.171026,442.4,442.4,442.6,6094709.0
2018-01-10 10:38:55.349477,442.4,442.4,442.6,6094709.0
2018-01-10 10:38:57.950638,442.4,442.4,442.6,6094709.0
2018-01-10 10:39:00.154429,442.4,442.4,442.6,6094709.0
2018-01-10 10:39:05.324014,442.4,442.4,442.6,6094709.0
2018-01-10 10:39:08.108675,442.4,442.4,442.6,6094709.0
2018-01-10 10:39:10.559591,442.4,442.2,442.4,6103109.0
2018-01-10 10:39:12.872769,442.4,442.2,442.4,6103109.0
2018-01-10 10:39:15.610586,442.4,442.2,442.4,6103109.0
2018-01-10 10:39:18.113391,442.4,442.2,442.4,6103109.0
2018-01-10 10:39:20.660504,442.4,442.4,442.6,6128209.0
2018-01-10 10:39:22.926919,442.4,442.4,442.6,6128209.0
2018-01-10 10:39:24.812271,442.4,442.4,442.6,6128209.0
2018-01-10 10:39:27.164226,442.4,442.4,442.6,6158909.0
2018-01-10 10:39:29.612671,442.4,442.4,442.6,6158909.0
2018-01-10 10:39:31.742368,442.4,442.4,442.6,6158909.0
2018-01-10 10:39:33.955860,442.6,442.4,442.6,6163209.0
2018-01-10 10:39:37.131462,442.6,442.4,442.6,6163209.0
2018-01-10 10:39:39.518882,442.6,442.4,442.6,6163209.0
2018-01-10 10:39:41.286091,442.6,442.4,442.6,6163209.0
2018-01-10 10:39:43.452855,442.6,442.4,442.6,6163209.0
2018-01-10 10:39:45.840480,442.6,442.4,442.6,6163209.0
2018-01-10 10:39:48.634806,442.6,442.4,442.6,6163209.0
2018-01-10 10:39:50.977530,442.6,442.4,442.6,6163209.0
2018-01-10 10:39:53.534542,442.4,442.4,442.6,6164124.0
2018-01-10 10:39:55.438994,442.4,442.4,442.6,6164124.0
2018-01-10 10:39:57.044466,442.4,442.4,442.6,6164124.0
2018-01-10 10:39:59.427746,442.4,442.4,442.6,6164124.0
2018-01-10 10:40:01.904769,442.4,442.4,442.6,6164124.0
2018-01-10 10:40:03.559996,442.4,442.2,442.4,6168124.0
2018-01-10 10:40:06.511404,442.4,442.2,442.4,6168124.0
2018-01-10 10:40:08.981706,442.4,442.2,442.4,6168124.0
2018-01-10 10:40:14.563535,442.4,442.2,442.4,6169124.0
2018-01-10 10:40:21.686410,442.4,442.2,442.4,6169124.0
2018-01-10 10:40:24.251171,442.4,442.2,442.4,6169124.0
2018-01-10 10:40:26.525912,442.4,442.2,442.4,6169124.0
2018-01-10 10:40:27.835984,442.4,442.2,442.4,6169124.0
2018-01-10 10:40:30.123258,442.4,442.2,442.4,6169124.0
2018-01-10 10:40:32.304813,442.4,442.2,442.4,6169124.0
2018-01-10 10:40:34.697299,442.4,442.2,442.4,6169124.0
2018-01-10 10:40:37.068451,442.4,442.2,442.4,6176624.0
