time,price,bid,ask,volume
2018-01-29 09:37:49.752352,475.0,475.0,475.4,3110720.0
2018-01-29 09:37:51.737384,475.0,475.0,475.4,3110720.0
2018-01-29 09:37:53.073382,475.0,475.0,475.2,3113520.0
2018-01-29 09:37:54.461828,475.0,475.0,475.2,3113520.0
2018-01-29 09:37:56.318853,475.0,475.0,475.2,3113520.0
2018-01-29 09:37:58.384981,475.0,474.8,475.0,3128720.0
2018-01-29 09:37:59.678784,,,,
2018-01-29 09:38:01.091043,475.0,474.8,475.0,3129520.0
2018-01-29 09:38:03.074488,475.0,474.8,475.0,3129520.0
2018-01-29 09:38:04.925950,475.0,474.8,475.0,3131620.0
2018-01-29 09:38:06.509673,475.0,474.8,475.0,3136920.0
2018-01-29 09:38:07.831093,475.0,474.8,475.0,3131620.0
2018-01-29 09:38:08.944583,475.0,474.8,475.0,3136920.0
2018-01-29 09:38:10.000635,475.0,474.8,475.0,3136920.0
2018-01-29 09:38:11.882945,475.0,474.8,475.0,3136920.0
2018-01-29 09:38:13.488400,474.8,474.8,475.0,3158420.0
2018-01-29 09:38:14.584480,475.0,474.8,475.0,3161320.0
2018-01-29 09:38:17.572802,474.8,474.8,475.0,3163020.0
2018-01-29 09:38:18.844021,474.8,474.8,475.0,3163020.0
2018-01-29 09:38:20.116488,475.0,474.6,474.8,3161320.0
2018-01-29 09:38:21.757210,474.8,474.6,474.8,3167120.0
2018-01-29 09:38:22.928698,474.8,474.6,474.8,3167120.0
2018-01-29 09:38:24.146033,474.8,474.6,474.8,3167120.0
2018-01-29 09:38:25.242551,474.8,474.6,474.8,3168820.0
2018-01-29 09:38:26.947552,474.8,474.6,474.8,3168820.0
2018-01-29 09:38:28.128431,474.8,474.6,474.8,3172920.0
2018-01-29 09:38:29.330821,474.8,474.6,474.8,3172920.0
2018-01-29 09:38:30.621691,474.8,474.6,474.8,3172920.0
2018-01-29 09:38:31.820620,474.8,474.6,474.8,3172920.0
2018-01-29 09:38:32.960543,474.8,474.6,474.8,3172920.0
2018-01-29 09:38:34.366035,474.8,474.6,474.8,3179620.0
2018-01-29 09:38:35.973818,474.8,474.6,474.8,3172920.0
2018-01-29 09:38:37.237707,474.8,474.6,474.8,3172920.0
2018-01-29 09:38:40.088437,474.8,474.6,474.8,3179620.0
2018-01-29 09:38:42.147771,474.8,474.6,474.8,3180120.0
2018-01-29 09:38:44.131665,475.0,474.6,475.0,3213120.0
2018-01-29 09:38:46.169973,475.0,474.6,475.0,3213120.0
2018-01-29 09:38:47.844020,474.8,474.8,475.0,3216420.0
2018-01-29 09:38:49.586320,474.8,474.8,475.0,3216420.0
2018-01-29 09:38:51.475562,474.8,474.8,475.0,3216420.0
2018-01-29 09:38:53.311288,474.6,474.6,475.0,3231920.0
2018-01-29 09:38:55.466419,474.6,474.6,475.0,3230120.0
2018-01-29 09:38:57.573926,474.6,474.6,475.0,3230120.0
2018-01-29 09:38:59.433543,475.0,474.6,475.0,3236120.0
2018-01-29 09:39:01.270107,474.6,474.6,474.8,3243120.0
2018-01-29 09:39:03.234185,474.8,474.6,474.8,3243720.0
2018-01-29 09:39:05.837115,474.6,474.6,474.8,3243120.0
2018-01-29 09:39:07.911196,474.8,474.6,474.8,3248920.0
2018-01-29 09:39:09.682537,474.8,474.8,475.0,3248920.0
2018-01-29 09:39:11.789566,474.8,474.8,475.0,3251920.0
2018-01-29 09:39:13.850660,474.8,474.4,474.6,3251920.0
2018-01-29 09:39:15.698932,474.4,474.6,474.8,3256720.0
2018-01-29 09:39:17.288086,474.4,474.6,474.8,3256720.0
2018-01-29 09:39:19.090111,474.4,474.4,474.6,3256720.0
2018-01-29 09:39:20.885413,474.4,474.4,474.6,3267720.0
2018-01-29 09:39:22.625428,474.4,474.2,474.4,3273420.0
2018-01-29 09:39:24.362650,474.4,474.2,474.4,3273420.0
2018-01-29 09:39:26.200108,474.6,474.2,474.6,3273920.0
2018-01-29 09:39:27.947004,474.6,474.2,474.6,3273920.0
2018-01-29 09:39:29.697348,474.2,474.2,474.4,3279420.0
2018-01-29 09:39:31.426803,474.4,474.2,474.4,3278220.0
2018-01-29 09:39:33.215374,474.2,474.2,474.4,3279420.0
2018-01-29 09:39:35.091121,474.2,474.2,474.4,3282220.0
2018-01-29 09:39:36.933490,474.4,474.2,474.4,3282820.0
2018-01-29 09:39:38.762124,474.4,474.0,474.4,3282820.0
2018-01-29 09:39:40.897275,474.2,474.0,474.4,3296020.0
2018-01-29 09:39:42.735761,474.2,474.0,474.2,3298040.0
2018-01-29 09:39:44.589611,474.2,474.0,474.2,3314040.0
2018-01-29 09:39:46.438726,474.2,474.0,474.2,3314040.0
2018-01-29 09:39:49.295557,474.0,474.0,474.2,3319340.0
2018-01-29 09:39:51.306822,474.2,474.0,474.2,3320840.0
2018-01-29 09:39:53.283483,474.0,474.0,474.2,3353040.0
2018-01-29 09:39:54.930188,473.8,473.8,474.0,3370140.0
2018-01-29 09:39:56.033320,473.8,473.8,474.0,3370140.0
2018-01-29 09:39:56.964247,473.8,473.8,474.0,3398440.0
2018-01-29 09:39:57.823511,473.8,473.8,474.0,3398440.0
2018-01-29 09:39:58.965444,473.8,473.8,474.0,3398440.0
2018-01-29 09:39:59.914876,473.8,473.6,474.0,3398440.0
2018-01-29 09:40:00.915296,473.6,473.6,473.8,3415940.0
2018-01-29 09:40:02.040957,473.6,473.6,473.8,3430840.0
2018-01-29 09:40:02.878152,473.6,473.8,474.0,3430740.0
2018-01-29 09:40:03.739728,473.6,473.6,473.8,3430740.0
2018-01-29 09:40:04.565028,473.4,473.2,473.6,3477340.0
2018-01-29 09:40:05.410800,473.4,473.2,473.6,3477340.0
2018-01-29 09:40:06.544348,473.4,473.2,473.6,3477340.0
2018-01-29 09:40:07.493579,473.4,473.2,473.6,3477340.0
2018-01-29 09:40:08.443921,473.2,473.2,473.6,3477540.0
2018-01-29 09:40:09.447119,473.2,473.2,473.6,3477540.0
2018-01-29 09:40:10.373533,473.2,473.2,473.6,3477540.0
2018-01-29 09:40:11.195002,473.4,473.2,473.6,3477340.0
2018-01-29 09:40:12.377576,473.4,473.6,473.8,3477340.0
2018-01-29 09:40:13.544217,473.4,473.4,473.8,3491140.0
2018-01-29 09:40:14.785497,473.4,473.4,473.6,3491140.0
2018-01-29 09:40:16.028045,473.6,473.4,473.8,3492540.0
2018-01-29 09:40:17.388598,473.4,473.4,473.8,3491140.0
2018-01-29 09:40:18.515725,473.4,473.4,473.6,3491140.0
2018-01-29 09:40:19.955726,473.2,473.4,473.6,3495640.0
2018-01-29 09:40:21.054280,473.2,473.2,473.4,3496240.0
2018-01-29 09:40:22.177408,473.4,473.2,473.4,3501440.0
2018-01-29 09:40:23.714557,473.4,473.2,473.4,3501440.0
2018-01-29 09:40:24.828148,473.4,473.2,473.4,3501440.0
2018-01-29 09:40:25.990485,473.4,473.2,473.4,3501440.0
2018-01-29 09:40:27.211188,473.4,473.2,473.4,3501440.0
2018-01-29 09:40:28.370664,473.4,473.2,473.4,3501440.0
2018-01-29 09:40:29.649770,473.2,473.2,473.4,3505340.0
2018-01-29 09:40:31.098475,473.2,473.2,473.4,3505340.0
2018-01-29 09:40:32.299125,473.2,473.0,473.4,3515640.0
2018-01-29 09:40:33.382411,473.2,473.0,473.4,3516140.0
2018-01-29 09:40:35.895935,473.2,473.0,473.4,3530340.0
2018-01-29 09:40:37.435507,473.2,473.0,473.2,3538340.0
2018-01-29 09:40:38.951155,473.2,473.0,473.2,3539340.0
2018-01-29 09:40:40.353656,473.2,473.0,473.2,3539340.0
2018-01-29 09:40:42.082959,473.2,473.0,473.2,3539340.0
2018-01-29 09:40:43.807845,473.2,473.0,473.2,3539340.0
2018-01-29 09:40:45.303174,473.0,473.0,473.2,3546340.0
2018-01-29 09:40:47.834496,473.0,473.0,473.2,3546340.0
2018-01-29 09:40:49.520629,473.0,473.0,473.2,3588640.0
2018-01-29 09:40:50.631221,472.8,472.8,473.0,3608340.0
2018-01-29 09:40:51.705920,472.8,472.8,473.0,3608340.0
2018-01-29 09:40:53.234844,472.8,472.6,472.8,3612040.0
2018-01-29 09:40:54.553330,472.6,472.6,472.8,3612540.0
2018-01-29 09:40:55.810537,472.6,472.6,472.8,3612540.0
2018-01-29 09:40:57.085873,473.0,472.6,473.0,3617540.0
2018-01-29 09:40:58.356518,473.0,472.6,473.0,3617540.0
2018-01-29 09:40:59.651698,472.6,472.6,473.0,3620540.0
2018-01-29 09:41:01.381505,473.0,472.6,473.0,3621540.0
2018-01-29 09:41:02.750251,473.0,472.6,473.0,3621540.0
2018-01-29 09:41:04.296032,473.0,472.6,473.0,3621540.0
2018-01-29 09:41:05.668897,472.6,472.4,472.6,3622940.0
2018-01-29 09:41:07.221627,472.6,472.4,472.6,3622940.0
2018-01-29 09:41:08.693820,472.6,472.4,472.6,3625640.0
2018-01-29 09:41:09.665722,472.6,472.4,472.6,3625640.0
2018-01-29 09:41:10.603541,472.6,472.6,472.8,3634340.0
2018-01-29 09:41:12.205026,472.6,472.6,472.8,3634340.0
2018-01-29 09:41:13.405106,472.8,472.6,472.8,3639840.0
2018-01-29 09:41:14.412905,472.8,472.6,472.8,3640340.0
2018-01-29 09:41:15.531873,472.8,472.6,472.8,3639840.0
2018-01-29 09:41:16.848371,472.8,472.6,472.8,3640340.0
2018-01-29 09:41:18.402231,472.8,472.6,472.8,3639840.0
2018-01-29 09:41:19.611738,472.8,472.6,472.8,3640340.0
2018-01-29 09:41:20.781174,472.8,472.6,472.8,3640340.0
2018-01-29 09:41:23.398559,472.8,472.6,472.8,3640340.0
2018-01-29 09:41:24.830795,472.8,472.6,472.8,3649960.0
2018-01-29 09:41:26.166750,472.8,472.6,473.0,3652960.0
2018-01-29 09:41:27.393571,473.0,472.8,473.0,3659660.0
2018-01-29 09:41:28.830637,472.8,472.8,473.0,3667360.0
2018-01-29 09:41:30.361500,472.8,472.8,473.0,3662660.0
2018-01-29 09:41:31.540197,472.8,472.6,472.8,3667360.0
2018-01-29 09:41:32.649550,472.6,472.6,472.8,3668360.0
2018-01-29 09:41:33.818170,472.8,472.6,472.8,3667360.0
2018-01-29 09:41:35.120630,472.8,472.6,472.8,3667360.0
2018-01-29 09:41:36.108087,472.6,472.4,472.6,3668360.0
2018-01-29 09:41:37.111001,472.6,472.6,472.8,3668360.0
2018-01-29 09:41:38.176614,472.6,472.4,472.6,3668360.0
2018-01-29 09:41:39.434461,472.4,472.4,472.6,3673860.0
2018-01-29 09:41:40.766162,472.6,472.4,472.6,3675460.0
2018-01-29 09:41:42.168735,472.4,472.4,472.6,3673860.0
2018-01-29 09:41:43.325843,472.6,472.4,472.6,3675460.0
2018-01-29 09:41:44.358580,472.6,472.4,472.6,3675460.0
2018-01-29 09:41:45.356609,472.6,472.4,472.6,3680660.0
2018-01-29 09:41:46.875783,472.6,472.4,472.6,3680660.0
2018-01-29 09:41:48.199137,472.6,472.4,472.6,3683660.0
2018-01-29 09:41:49.251477,472.6,472.4,472.6,3683660.0
2018-01-29 09:41:50.530551,472.6,472.4,472.6,3683660.0
2018-01-29 09:41:51.933374,472.6,472.4,472.6,3683660.0
2018-01-29 09:41:53.318763,472.4,472.4,472.6,3685210.0
2018-01-29 09:41:54.643305,472.4,472.4,472.6,3685210.0
2018-01-29 09:41:56.036674,472.4,472.4,472.6,3685210.0
2018-01-29 09:41:57.352041,472.4,472.4,472.6,3685210.0
2018-01-29 09:41:58.481426,472.4,472.4,472.6,3685210.0
2018-01-29 09:41:59.837711,472.4,472.4,472.6,3685210.0
2018-01-29 09:42:01.168544,472.4,472.4,472.6,3688010.0
2018-01-29 09:42:02.513000,472.4,472.4,472.6,3688010.0
2018-01-29 09:42:03.685436,472.4,472.4,472.6,3696810.0
2018-01-29 09:42:04.936522,472.4,472.4,472.6,3696810.0
2018-01-29 09:42:06.183758,472.4,472.4,472.6,3696810.0
2018-01-29 09:42:07.402888,472.4,472.4,472.6,3696810.0
2018-01-29 09:42:08.372980,472.4,472.2,472.4,3696810.0
2018-01-29 09:42:09.616070,472.4,472.2,472.4,3717710.0
2018-01-29 09:42:11.050415,472.0,472.2,472.6,3762210.0
2018-01-29 09:42:12.515625,471.8,471.8,472.0,3776810.0
2018-01-29 09:42:13.791891,471.8,471.8,472.0,3776810.0
2018-01-29 09:42:14.980468,471.8,471.8,472.0,3778110.0
2018-01-29 09:42:16.276501,471.8,471.8,472.0,3778910.0
2018-01-29 09:42:17.397067,471.8,471.8,472.0,3778910.0
2018-01-29 09:42:18.512832,471.8,471.8,472.0,3781210.0
2018-01-29 09:42:20.041060,471.8,471.8,472.0,3781210.0
2018-01-29 09:42:21.327337,472.0,471.8,472.0,3784810.0
2018-01-29 09:42:22.604644,472.2,471.8,472.2,3793910.0
2018-01-29 09:42:23.970286,472.2,471.8,472.2,3793910.0
2018-01-29 09:42:25.460053,472.2,472.0,472.4,3799010.0
2018-01-29 09:42:27.350363,472.2,472.0,472.2,3799010.0
2018-01-29 09:42:28.740387,472.2,472.0,472.4,3799910.0
2018-01-29 09:42:30.324541,472.2,472.0,472.4,3799910.0
2018-01-29 09:42:31.573668,472.2,472.0,472.4,3799010.0
2018-01-29 09:42:33.000436,472.4,472.0,472.4,3805510.0
2018-01-29 09:42:34.172860,472.4,472.0,472.4,3805510.0
2018-01-29 09:42:35.551625,472.4,472.0,472.4,3805510.0
2018-01-29 09:42:36.662001,472.4,472.0,472.4,3805510.0
2018-01-29 09:42:37.732219,472.4,472.0,472.4,3805510.0
2018-01-29 09:42:39.388536,472.2,472.0,472.2,3806710.0
2018-01-29 09:42:40.740611,472.2,472.0,472.2,3806710.0
2018-01-29 09:42:41.878403,472.2,472.0,472.2,3806710.0
2018-01-29 09:42:43.112771,472.2,472.0,472.2,3806710.0
2018-01-29 09:42:44.329720,472.2,472.0,472.2,3806710.0
2018-01-29 09:42:45.782478,472.2,472.0,472.2,3807910.0
2018-01-29 09:42:47.582188,472.2,472.0,472.2,3807910.0
2018-01-29 09:42:48.727427,472.2,472.0,472.2,3807910.0
2018-01-29 09:42:49.848173,472.2,472.0,472.2,3807910.0
2018-01-29 09:42:51.109434,472.2,472.0,472.2,3807910.0
2018-01-29 09:42:52.296337,472.2,472.0,472.2,3807910.0
2018-01-29 09:42:53.719956,472.2,472.0,472.2,3807910.0
2018-01-29 09:42:55.059993,472.2,472.0,472.2,3807910.0
2018-01-29 09:42:56.518991,472.2,472.0,472.2,3807910.0
2018-01-29 09:42:57.725499,472.2,472.0,472.2,3809510.0
2018-01-29 09:42:59.012593,472.0,472.0,472.2,3818810.0
2018-01-29 09:43:00.643987,472.0,472.0,472.2,3818810.0
2018-01-29 09:43:02.216371,472.0,472.0,472.2,3818810.0
2018-01-29 09:43:04.175055,472.0,472.0,472.2,3818810.0
2018-01-29 09:43:05.234450,472.0,472.0,472.2,3818810.0
2018-01-29 09:43:06.387978,472.0,472.0,472.2,3818810.0
2018-01-29 09:43:07.532164,472.0,472.0,472.2,3818810.0
2018-01-29 09:43:08.680387,472.2,472.0,472.2,3822910.0
2018-01-29 09:43:09.982907,472.2,472.0,472.2,3823010.0
2018-01-29 09:43:11.716761,472.2,472.0,472.2,3822910.0
2018-01-29 09:43:12.685928,472.2,472.0,472.2,3822910.0
2018-01-29 09:43:14.105129,472.2,472.0,472.2,3822910.0
2018-01-29 09:43:15.137795,472.2,472.0,472.2,3822910.0
2018-01-29 09:43:16.592443,472.2,472.0,472.2,3822910.0
2018-01-29 09:43:18.062365,472.2,472.0,472.2,3832910.0
2018-01-29 09:43:19.359584,472.2,472.0,472.2,3832610.0
2018-01-29 09:43:20.558493,472.2,472.0,472.2,3832910.0
2018-01-29 09:43:21.786313,472.2,472.0,472.2,3832910.0
2018-01-29 09:43:23.032768,472.2,472.2,472.4,3836710.0
2018-01-29 09:43:24.377150,472.2,472.2,472.4,3839110.0
2018-01-29 09:43:25.870610,472.2,472.2,472.4,3836710.0
2018-01-29 09:43:27.404235,472.2,472.2,472.4,3839110.0
2018-01-29 09:43:28.916081,472.0,472.0,472.2,3840910.0
2018-01-29 09:43:29.982596,472.0,472.0,472.2,3841610.0
2018-01-29 09:43:31.307322,472.0,472.0,472.2,3841610.0
2018-01-29 09:43:32.810249,472.0,472.0,472.2,3841610.0
2018-01-29 09:43:33.867657,472.0,472.0,472.2,3850410.0
2018-01-29 09:43:34.953493,472.0,472.0,472.2,3850410.0
2018-01-29 09:43:36.228896,472.0,472.0,472.2,3850410.0
2018-01-29 09:43:37.401637,472.0,472.0,472.2,3850410.0
2018-01-29 09:43:38.404596,472.0,471.8,472.2,3872724.0
2018-01-29 09:43:39.529795,472.0,471.8,472.2,3872724.0
2018-01-29 09:43:40.628008,472.0,471.8,472.2,3872724.0
2018-01-29 09:43:41.879990,472.0,471.8,472.2,3872724.0
2018-01-29 09:43:43.099761,472.0,471.8,472.2,3872724.0
2018-01-29 09:43:44.320392,472.0,471.8,472.2,3872724.0
2018-01-29 09:43:45.666921,472.0,471.8,472.2,3875024.0
2018-01-29 09:43:46.983656,472.0,471.8,472.2,3875024.0
2018-01-29 09:43:48.333976,472.0,471.8,472.2,3875024.0
2018-01-29 09:43:49.812638,472.0,471.8,472.2,3875124.0
2018-01-29 09:43:50.789869,472.0,471.8,472.4,3886624.0
2018-01-29 09:43:52.244690,472.0,472.2,472.4,3886624.0
2018-01-29 09:43:53.275585,472.4,472.2,472.4,3894224.0
2018-01-29 09:43:54.339810,472.4,472.2,472.4,3892924.0
2018-01-29 09:43:55.522137,472.4,472.2,472.4,3892924.0
2018-01-29 09:43:57.036356,472.2,472.2,472.4,3898724.0
2018-01-29 09:43:58.614136,472.4,472.2,472.6,3898824.0
2018-01-29 09:43:59.798478,472.2,472.2,472.6,3898724.0
2018-01-29 09:44:01.322560,472.4,472.2,472.6,3898824.0
2018-01-29 09:44:02.395181,472.2,472.2,472.6,3898724.0
2018-01-29 09:44:03.849331,472.2,472.2,472.6,3900224.0
2018-01-29 09:44:05.187208,472.4,472.2,472.6,3898824.0
2018-01-29 09:44:07.148323,472.2,472.2,472.6,3900224.0
2018-01-29 09:44:08.652991,472.2,472.2,472.6,3900224.0
2018-01-29 09:44:09.994126,472.6,472.4,472.6,3902624.0
2018-01-29 09:44:10.985750,472.6,472.4,472.6,3902624.0
2018-01-29 09:44:11.952560,472.2,472.4,472.6,3900724.0
2018-01-29 09:44:13.019043,472.6,472.4,472.6,3902624.0
2018-01-29 09:44:14.114091,472.6,472.4,472.6,3902624.0
2018-01-29 09:44:14.946071,472.4,472.4,472.6,3903224.0
2018-01-29 09:44:16.118794,472.6,472.4,472.6,3902624.0
2018-01-29 09:44:17.201987,472.8,472.8,473.0,3909624.0
2018-01-29 09:44:18.359553,472.8,472.6,472.8,3909624.0
2018-01-29 09:44:19.171443,473.0,472.6,473.2,3922924.0
2018-01-29 09:44:20.128471,473.0,472.6,473.2,3922924.0
2018-01-29 09:44:21.307743,472.8,472.8,473.2,3930024.0
2018-01-29 09:44:22.353346,473.0,472.8,473.0,3924824.0
2018-01-29 09:44:23.182250,473.0,472.8,473.2,3924824.0
2018-01-29 09:44:24.381294,473.0,472.8,473.0,3924824.0
2018-01-29 09:44:25.306268,473.0,472.8,473.0,3924824.0
2018-01-29 09:44:26.529262,473.0,472.8,473.2,3924824.0
2018-01-29 09:44:27.586130,473.0,472.8,473.2,3924824.0
2018-01-29 09:44:28.682867,472.8,472.8,473.0,3930024.0
2018-01-29 09:44:29.460821,473.0,473.0,473.2,3930624.0
2018-01-29 09:44:30.638916,472.8,473.0,473.2,3930024.0
2018-01-29 09:44:31.847345,473.0,472.8,473.2,3930624.0
2018-01-29 09:44:32.803221,472.8,472.8,473.2,3930024.0
2018-01-29 09:44:34.003277,473.0,473.0,473.2,3933524.0
2018-01-29 09:44:35.218992,472.8,472.8,473.0,3933924.0
2018-01-29 09:44:36.426319,473.0,473.0,473.2,3933524.0
2018-01-29 09:44:37.443266,473.0,473.0,473.2,3933524.0
2018-01-29 09:44:38.781776,472.8,473.0,473.2,3933924.0
2018-01-29 09:44:39.774190,472.8,472.8,473.0,3933924.0
2018-01-29 09:44:40.742004,472.8,473.0,473.2,3933924.0
2018-01-29 09:44:41.943519,473.0,473.0,473.2,3933524.0
2018-01-29 09:44:43.038365,473.0,472.8,473.0,3941624.0
2018-01-29 09:44:44.077115,473.0,472.8,473.0,3941324.0
2018-01-29 09:44:45.016276,473.0,472.8,473.0,3941324.0
2018-01-29 09:44:46.022541,473.0,472.8,473.0,3941624.0
2018-01-29 09:44:47.112265,473.0,472.8,473.0,3941324.0
2018-01-29 09:44:48.117194,473.0,472.8,473.0,3941624.0
2018-01-29 09:44:49.303583,473.0,472.8,473.0,3941624.0
2018-01-29 09:44:50.227763,473.0,472.8,473.0,3948324.0
2018-01-29 09:44:51.135523,473.0,472.8,473.0,3948324.0
2018-01-29 09:44:52.369019,473.0,472.8,473.0,3948624.0
2018-01-29 09:44:53.271463,473.0,472.8,473.0,3948324.0
2018-01-29 09:44:54.577563,473.0,472.8,473.0,3948624.0
2018-01-29 09:44:55.733262,472.8,472.8,473.0,3950024.0
2018-01-29 09:44:57.010642,472.8,472.8,473.0,3950024.0
2018-01-29 09:44:58.068849,472.8,472.8,473.0,3950024.0
2018-01-29 09:44:59.135810,472.8,472.8,473.0,3950024.0
2018-01-29 09:45:00.123423,472.8,472.8,473.0,3950024.0
2018-01-29 09:45:00.978388,472.8,472.8,473.0,3950024.0
2018-01-29 09:45:02.363824,472.8,472.8,473.0,3950024.0
2018-01-29 09:45:03.620957,,,,
2018-01-29 09:45:05.012202,472.8,472.8,473.0,3950024.0
2018-01-29 09:45:06.236049,472.8,472.8,473.0,3950024.0
2018-01-29 09:45:07.970722,472.8,472.8,473.0,3950024.0
2018-01-29 09:45:09.391904,472.8,472.8,473.0,3950024.0
2018-01-29 09:45:11.342550,473.0,472.8,473.0,3952799.0
2018-01-29 09:45:12.431620,472.8,472.8,473.0,3950024.0
2018-01-29 09:45:13.629995,473.0,472.8,473.0,3952799.0
2018-01-29 09:45:14.863062,473.0,472.8,473.2,3957699.0
2018-01-29 09:45:16.070455,473.0,473.0,473.2,3958699.0
2018-01-29 09:45:17.011224,473.0,473.0,473.2,3963999.0
2018-01-29 09:45:18.597990,473.0,473.0,473.2,3958699.0
2018-01-29 09:45:19.723172,473.0,473.0,473.2,3963999.0
2018-01-29 09:45:20.900596,473.0,473.0,473.2,3963999.0
2018-01-29 09:45:23.009385,473.0,473.0,473.2,3963999.0
2018-01-29 09:45:24.266660,473.0,472.8,473.0,3963999.0
2018-01-29 09:45:25.683341,472.8,472.8,473.0,3967499.0
2018-01-29 09:45:26.841870,472.8,472.8,473.0,3969199.0
2018-01-29 09:45:28.386478,472.8,472.8,473.0,3967499.0
2018-01-29 09:45:29.659153,472.8,472.8,473.0,3969199.0
2018-01-29 09:45:30.600331,472.8,472.6,472.8,3982294.0
2018-01-29 09:45:31.734184,472.8,472.8,473.0,3982294.0
2018-01-29 09:45:32.741453,472.8,472.6,472.8,3978794.0
2018-01-29 09:45:34.571140,472.8,472.6,472.8,3978794.0
2018-01-29 09:45:35.512452,472.8,472.8,473.0,3982294.0
2018-01-29 09:45:37.438585,472.8,472.6,472.8,3982294.0
2018-01-29 09:45:38.515025,472.8,472.8,473.0,3982294.0
2018-01-29 09:45:39.926901,472.8,472.6,472.8,3982294.0
2018-01-29 09:45:41.351806,472.8,472.6,472.8,3988194.0
2018-01-29 09:45:42.799251,472.8,472.8,473.0,3988194.0
2018-01-29 09:45:44.040790,473.0,472.6,472.8,3986794.0
2018-01-29 09:45:45.504645,472.8,472.6,472.8,3988194.0
2018-01-29 09:45:47.291570,473.0,472.8,473.0,3986794.0
2018-01-29 09:45:48.654800,472.8,472.6,472.8,3989394.0
2018-01-29 09:45:49.937061,472.8,472.6,472.8,3989394.0
2018-01-29 09:45:51.110220,472.8,472.6,472.8,3989394.0
2018-01-29 09:45:53.118391,472.8,472.6,472.8,3989394.0
2018-01-29 09:45:54.486194,472.8,472.6,472.8,3995894.0
2018-01-29 09:45:56.083144,472.8,472.6,472.8,3995894.0
2018-01-29 09:45:57.244105,472.8,472.6,472.8,3995894.0
2018-01-29 09:45:58.315868,472.8,472.6,472.8,3995894.0
2018-01-29 09:45:59.382326,472.8,472.6,472.8,3995894.0
2018-01-29 09:46:00.835473,472.8,472.6,472.8,3995894.0
2018-01-29 09:46:01.933000,472.8,472.6,472.8,3995894.0
2018-01-29 09:46:03.894933,472.8,472.6,472.8,3995894.0
2018-01-29 09:46:05.242620,472.8,472.6,472.8,3995894.0
2018-01-29 09:46:06.398866,472.8,472.6,472.8,3995894.0
2018-01-29 09:46:07.413825,472.8,472.6,472.8,3995894.0
2018-01-29 09:46:08.625321,472.8,472.6,472.8,3995894.0
2018-01-29 09:46:10.118416,472.8,472.6,472.8,4003769.0
2018-01-29 09:46:11.140940,472.8,472.6,472.8,4005869.0
2018-01-29 09:46:12.383448,472.8,472.6,472.8,4008669.0
2018-01-29 09:46:13.671383,472.8,472.6,472.8,4009869.0
2018-01-29 09:46:15.079656,472.8,472.6,472.8,4011569.0
2018-01-29 09:46:16.658802,472.8,472.6,472.8,4011569.0
2018-01-29 09:46:17.959884,472.8,472.6,472.8,4016369.0
2018-01-29 09:46:19.322069,472.8,472.6,472.8,4011569.0
2018-01-29 09:46:20.803990,472.8,472.6,472.8,4016369.0
2018-01-29 09:46:22.496746,472.8,472.6,472.8,4011569.0
2018-01-29 09:46:23.828735,472.8,472.6,472.8,4016369.0
2018-01-29 09:46:25.064441,472.6,472.6,472.8,4018469.0
2018-01-29 09:46:26.354415,472.8,472.6,472.8,4019469.0
2018-01-29 09:46:27.614633,472.8,472.6,472.8,4019469.0
2018-01-29 09:46:29.263936,472.6,472.6,472.8,4018469.0
2018-01-29 09:46:30.294982,472.6,472.6,472.8,4018469.0
2018-01-29 09:46:31.484635,472.6,472.6,472.8,4018469.0
2018-01-29 09:46:32.997366,472.6,472.6,472.8,4018469.0
2018-01-29 09:46:34.280221,472.6,472.6,472.8,4020769.0
2018-01-29 09:46:35.514865,472.8,472.6,472.8,4019469.0
2018-01-29 09:46:37.023143,472.8,472.6,472.8,4019469.0
2018-01-29 09:46:38.080112,472.6,472.6,472.8,4020769.0
2018-01-29 09:46:39.681072,472.8,472.6,472.8,4019469.0
2018-01-29 09:46:40.880916,472.6,472.6,472.8,4020769.0
2018-01-29 09:46:42.010743,472.6,472.6,472.8,4020769.0
2018-01-29 09:46:43.073429,472.6,472.6,472.8,4020769.0
2018-01-29 09:46:44.606666,472.8,472.6,472.8,4019469.0
2018-01-29 09:46:46.020410,472.6,472.6,472.8,4021869.0
2018-01-29 09:46:47.123656,472.8,472.6,472.8,4021569.0
2018-01-29 09:46:48.258003,472.6,472.6,472.8,4021869.0
2018-01-29 09:46:50.260645,472.6,472.6,472.8,4021869.0
2018-01-29 09:46:51.563851,472.8,472.6,472.8,4029669.0
2018-01-29 09:46:52.834275,472.6,472.6,472.8,4050169.0
2018-01-29 09:46:53.842828,472.6,472.6,472.8,4050169.0
2018-01-29 09:46:55.060502,472.6,472.4,472.6,4054169.0
2018-01-29 09:46:56.440003,472.4,472.4,472.6,4061069.0
2018-01-29 09:46:57.846673,472.6,472.4,472.6,4054169.0
2018-01-29 09:46:58.999831,472.4,472.4,472.6,4060969.0
2018-01-29 09:47:00.236915,472.4,472.4,472.6,4060969.0
2018-01-29 09:47:02.271077,472.4,472.4,472.6,4061069.0
2018-01-29 09:47:04.116284,472.4,472.4,472.6,4060969.0
2018-01-29 09:47:05.792513,472.4,472.2,472.6,4064469.0
2018-01-29 09:47:06.782766,472.4,472.2,472.6,4064269.0
2018-01-29 09:47:08.272115,472.4,472.2,472.6,4064469.0
2018-01-29 09:47:09.538060,472.4,472.2,472.4,4064269.0
2018-01-29 09:47:10.895007,472.2,472.2,472.4,4067769.0
2018-01-29 09:47:12.426792,472.2,472.2,472.4,4067769.0
2018-01-29 09:47:14.026851,472.2,472.2,472.4,4067769.0
2018-01-29 09:47:14.981448,472.2,472.2,472.4,4067769.0
2018-01-29 09:47:16.150800,472.2,472.2,472.4,4067769.0
2018-01-29 09:47:17.315646,472.2,472.2,472.4,4067769.0
2018-01-29 09:47:19.022968,472.2,472.2,472.4,4067769.0
2018-01-29 09:47:20.204922,472.4,472.2,472.4,4070869.0
2018-01-29 09:47:21.415684,472.4,472.2,472.4,4070869.0
2018-01-29 09:47:22.597031,472.4,472.2,472.4,4070869.0
2018-01-29 09:47:24.068649,472.4,472.2,472.4,4070869.0
2018-01-29 09:47:25.319562,472.4,472.2,472.4,4086169.0
2018-01-29 09:47:26.608031,472.4,472.2,472.4,4086069.0
2018-01-29 09:47:28.096326,472.4,472.2,472.4,4086069.0
2018-01-29 09:47:29.211396,472.4,472.6,472.8,4086169.0
2018-01-29 09:47:30.858621,472.8,472.6,472.8,4101969.0
2018-01-29 09:47:32.648845,472.8,472.6,472.8,4101969.0
2018-01-29 09:47:34.383597,472.8,472.6,472.8,4101969.0
2018-01-29 09:47:35.564902,472.8,472.6,472.8,4101969.0
2018-01-29 09:47:36.995266,472.8,472.8,473.0,4110669.0
2018-01-29 09:47:37.991134,472.8,472.6,473.0,4110669.0
2018-01-29 09:47:38.912386,473.0,472.6,473.0,4126669.0
2018-01-29 09:47:40.145099,473.0,472.6,473.0,4126669.0
2018-01-29 09:47:41.395129,472.6,472.6,473.0,4137769.0
2018-01-29 09:47:42.932030,472.6,472.6,473.0,4137769.0
2018-01-29 09:47:44.137013,472.6,472.6,473.0,4137769.0
2018-01-29 09:47:45.395412,472.6,472.6,473.0,4137769.0
2018-01-29 09:47:46.429141,472.6,472.6,473.0,4137769.0
2018-01-29 09:47:48.290294,472.6,472.6,473.0,4137769.0
2018-01-29 09:47:50.062927,472.6,472.6,473.0,4137769.0
2018-01-29 09:47:51.557899,472.4,472.2,472.6,4143669.0
2018-01-29 09:47:52.771450,472.4,472.2,472.6,4143669.0
2018-01-29 09:47:54.035601,472.4,472.2,472.6,4143669.0
2018-01-29 09:47:55.443545,472.4,472.2,472.6,4143669.0
2018-01-29 09:47:57.034161,472.6,472.2,472.6,4145069.0
2018-01-29 09:47:58.559771,472.6,472.2,472.6,4145069.0
2018-01-29 09:48:00.284288,472.6,472.2,472.6,4145069.0
2018-01-29 09:48:01.677851,472.2,472.2,472.6,4144969.0
2018-01-29 09:48:03.568024,472.4,472.2,472.4,4147269.0
2018-01-29 09:48:05.416710,472.4,472.2,472.4,4147269.0
2018-01-29 09:48:06.972294,472.4,472.2,472.4,4147269.0
2018-01-29 09:48:08.148146,472.4,472.2,472.4,4149469.0
2018-01-29 09:48:09.393711,472.4,472.4,472.6,4151769.0
2018-01-29 09:48:10.674765,472.4,472.4,472.6,4151769.0
2018-01-29 09:48:12.491408,472.4,472.4,472.6,4151769.0
2018-01-29 09:48:13.392002,472.4,472.4,472.6,4151769.0
2018-01-29 09:48:15.250018,472.4,472.4,472.6,4151769.0
2018-01-29 09:48:16.671112,472.4,472.4,472.6,4151769.0
2018-01-29 09:48:17.843771,472.4,472.4,472.6,4151769.0
2018-01-29 09:48:18.852018,472.4,472.4,472.6,4151769.0
2018-01-29 09:48:20.137480,472.4,472.4,472.6,4151769.0
2018-01-29 09:48:22.005336,472.4,472.4,472.6,4151769.0
2018-01-29 09:48:23.836421,472.4,472.4,472.6,4151769.0
2018-01-29 09:48:25.824503,472.4,472.2,472.6,4153869.0
2018-01-29 09:48:27.481844,472.4,472.4,472.6,4151769.0
2018-01-29 09:48:28.946210,472.4,472.2,472.4,4153869.0
2018-01-29 09:48:30.595144,472.4,472.2,472.4,4154169.0
2018-01-29 09:48:32.413212,472.4,472.2,472.4,4154169.0
2018-01-29 09:48:33.391490,472.4,472.2,472.6,4156269.0
2018-01-29 09:48:34.744886,472.4,472.4,472.6,4156452.0
2018-01-29 09:48:35.871808,472.4,472.4,472.6,4156452.0
2018-01-29 09:48:37.606660,472.4,472.4,472.6,4156452.0
2018-01-29 09:48:38.712562,472.4,472.4,472.6,4157952.0
2018-01-29 09:48:40.055185,472.4,472.4,472.6,4157952.0
2018-01-29 09:48:41.279462,472.6,472.2,472.6,4168552.0
2018-01-29 09:48:42.350797,472.6,472.2,472.6,4168552.0
2018-01-29 09:48:44.125848,472.6,472.2,472.6,4168552.0
2018-01-29 09:48:45.436129,472.6,472.2,472.6,4168552.0
2018-01-29 09:48:46.519055,472.6,472.2,472.6,4168552.0
2018-01-29 09:48:47.828060,472.6,472.2,472.6,4168552.0
2018-01-29 09:48:49.752464,472.6,472.2,472.6,4168552.0
2018-01-29 09:48:51.137406,472.6,472.2,472.4,4168552.0
2018-01-29 09:48:53.075535,472.2,472.2,472.4,4171952.0
2018-01-29 09:48:54.823024,472.2,472.2,472.4,4171952.0
2018-01-29 09:48:56.065544,472.2,472.2,472.4,4171952.0
2018-01-29 09:48:57.260566,472.2,472.2,472.4,4171952.0
2018-01-29 09:48:59.104210,472.4,472.2,472.4,4176452.0
2018-01-29 09:49:00.483632,472.4,472.2,472.4,4176252.0
2018-01-29 09:49:01.999088,472.4,472.2,472.4,4176452.0
2018-01-29 09:49:03.787223,472.4,472.2,472.4,4176452.0
2018-01-29 09:49:04.941252,472.4,472.2,472.4,4176252.0
2018-01-29 09:49:06.338108,472.4,472.2,472.4,4176452.0
2018-01-29 09:49:08.399284,472.4,472.2,472.4,4176452.0
2018-01-29 09:49:09.571985,472.4,472.2,472.4,4176252.0
2018-01-29 09:49:10.607099,472.4,472.2,472.4,4176452.0
2018-01-29 09:49:11.696980,472.4,472.2,472.4,4176252.0
2018-01-29 09:49:13.604565,472.4,472.2,472.4,4180252.0
2018-01-29 09:49:14.792316,472.4,472.2,472.4,4180352.0
2018-01-29 09:49:15.999348,472.4,472.2,472.4,4180352.0
2018-01-29 09:49:17.264149,472.2,472.2,472.4,4181352.0
2018-01-29 09:49:18.770997,472.2,472.2,472.4,4181352.0
2018-01-29 09:49:19.986000,472.2,472.2,472.4,4181352.0
2018-01-29 09:49:21.241905,472.2,472.2,472.4,4181352.0
2018-01-29 09:49:22.700205,472.2,472.2,472.4,4181352.0
2018-01-29 09:49:24.086617,472.4,472.2,472.4,4191352.0
2018-01-29 09:49:25.385571,472.4,472.2,472.4,4191352.0
2018-01-29 09:49:26.645548,472.4,472.2,472.4,4191352.0
2018-01-29 09:49:28.161169,472.4,472.2,472.6,4190252.0
2018-01-29 09:49:29.367166,472.4,472.2,472.4,4191352.0
2018-01-29 09:49:30.635481,472.4,472.2,472.4,4191352.0
2018-01-29 09:49:31.980673,472.4,472.2,472.6,4190252.0
2018-01-29 09:49:33.356318,472.4,472.2,472.4,4191352.0
2018-01-29 09:49:34.722833,472.4,472.2,472.6,4191352.0
2018-01-29 09:49:35.734777,472.4,472.2,472.6,4191352.0
2018-01-29 09:49:36.756983,472.4,472.2,472.4,4196255.0
2018-01-29 09:49:37.952815,472.4,472.2,472.4,4196255.0
2018-01-29 09:49:39.065827,472.4,472.2,472.4,4191352.0
2018-01-29 09:49:40.396465,472.4,472.2,472.4,4196255.0
2018-01-29 09:49:41.918999,472.4,472.2,472.4,4196355.0
2018-01-29 09:49:43.420249,472.4,472.2,472.4,4196355.0
2018-01-29 09:49:44.497103,472.4,472.2,472.4,4196255.0
2018-01-29 09:49:45.714326,472.4,472.2,472.4,4196255.0
2018-01-29 09:49:46.989462,472.4,472.2,472.4,4196255.0
2018-01-29 09:49:48.083193,472.4,472.2,472.4,4196355.0
2018-01-29 09:49:49.180012,472.4,472.2,472.4,4196355.0
2018-01-29 09:49:50.221443,472.4,472.2,472.4,4208355.0
2018-01-29 09:49:51.581476,472.4,472.2,472.4,4208355.0
2018-01-29 09:49:52.583211,472.4,472.2,472.4,4207255.0
2018-01-29 09:49:53.721045,472.4,472.2,472.4,4207255.0
2018-01-29 09:49:55.223780,472.4,472.2,472.4,4207255.0
2018-01-29 09:49:56.487321,472.4,472.2,472.4,4207255.0
2018-01-29 09:49:57.760015,472.4,472.2,472.4,4208355.0
2018-01-29 09:49:58.834315,472.4,472.2,472.4,4208355.0
2018-01-29 09:49:59.957050,472.4,472.2,472.4,4207255.0
2018-01-29 09:50:01.655686,472.4,472.2,472.4,4207255.0
2018-01-29 09:50:03.036563,472.6,472.2,472.4,4215555.0
2018-01-29 09:50:04.266649,472.6,472.4,472.6,4216055.0
2018-01-29 09:50:05.486951,472.6,472.4,472.6,4216055.0
2018-01-29 09:50:06.805073,472.6,472.4,472.6,4216055.0
2018-01-29 09:50:08.617820,472.6,472.4,472.6,4215555.0
2018-01-29 09:50:10.043195,472.6,472.4,472.6,4216055.0
2018-01-29 09:50:11.138495,472.6,472.6,473.0,4216055.0
2018-01-29 09:50:12.219001,472.6,472.4,472.6,4216055.0
2018-01-29 09:50:13.468514,473.0,472.4,472.6,4220355.0
2018-01-29 09:50:14.685342,472.8,472.8,473.0,4220455.0
2018-01-29 09:50:15.904589,473.0,472.8,473.0,4220355.0
2018-01-29 09:50:18.003463,472.8,472.6,473.0,4220455.0
2018-01-29 09:50:19.279101,472.8,472.8,473.0,4220455.0
2018-01-29 09:50:21.015396,472.8,472.6,472.8,4220455.0
2018-01-29 09:50:22.378273,472.8,472.8,473.0,4220455.0
2018-01-29 09:50:23.885257,472.6,472.8,473.0,4225555.0
2018-01-29 09:50:25.137146,472.6,472.6,472.8,4225655.0
2018-01-29 09:50:27.141546,472.6,472.6,473.0,4225655.0
2018-01-29 09:50:28.190905,472.6,472.6,472.8,4225655.0
2018-01-29 09:50:29.349129,472.6,472.6,473.0,4225655.0
2018-01-29 09:50:30.682003,472.6,472.6,472.8,4225555.0
2018-01-29 09:50:31.872703,472.6,472.6,472.8,4225655.0
2018-01-29 09:50:33.921617,472.6,472.6,472.8,4225655.0
2018-01-29 09:50:35.180792,472.8,472.6,472.8,4234555.0
2018-01-29 09:50:36.511986,472.8,472.6,472.8,4234555.0
2018-01-29 09:50:38.015816,472.8,472.6,472.8,4234555.0
2018-01-29 09:50:39.557265,472.8,472.6,472.8,4234555.0
2018-01-29 09:50:41.007819,472.8,472.6,472.8,4234555.0
2018-01-29 09:50:42.213669,472.8,472.6,472.8,4234555.0
2018-01-29 09:50:43.945733,472.8,472.6,472.8,4236555.0
2018-01-29 09:50:45.400960,472.8,472.6,472.8,4236755.0
2018-01-29 09:50:46.783485,472.8,472.6,473.0,4239555.0
2018-01-29 09:50:48.014256,472.8,472.6,473.0,4239555.0
2018-01-29 09:50:49.885368,472.8,472.6,473.0,4239555.0
2018-01-29 09:50:51.327567,472.8,472.6,473.0,4239555.0
2018-01-29 09:50:53.094491,473.0,472.6,473.0,4240155.0
2018-01-29 09:50:54.570175,472.8,472.6,473.0,4239555.0
2018-01-29 09:50:55.842122,472.8,472.6,473.0,4239555.0
2018-01-29 09:50:57.088279,472.8,472.6,473.0,4239555.0
2018-01-29 09:50:59.458881,472.8,472.6,473.0,4239555.0
2018-01-29 09:51:01.056616,473.0,472.6,473.0,4240155.0
2018-01-29 09:51:02.179362,472.8,472.6,473.0,4239555.0
2018-01-29 09:51:03.883061,473.0,472.6,473.0,4241455.0
2018-01-29 09:51:05.546978,473.0,472.8,473.0,4241455.0
2018-01-29 09:51:07.419102,473.0,472.8,473.0,4241455.0
2018-01-29 09:51:08.891244,473.0,472.8,473.0,4241455.0
2018-01-29 09:51:10.434445,473.0,472.8,473.0,4241855.0
2018-01-29 09:51:12.205855,473.0,472.8,473.0,4241455.0
2018-01-29 09:51:13.527890,473.0,472.8,473.0,4241455.0
2018-01-29 09:51:14.788109,473.0,472.8,473.0,4242855.0
2018-01-29 09:51:16.810170,473.0,472.8,473.0,4242855.0
2018-01-29 09:51:18.194181,473.0,472.8,473.0,4242855.0
2018-01-29 09:51:19.518399,472.8,472.8,473.0,4245755.0
2018-01-29 09:51:21.157696,472.8,472.8,473.0,4245755.0
2018-01-29 09:51:22.517200,472.8,472.8,473.0,4248755.0
2018-01-29 09:51:23.564228,472.8,472.8,473.0,4249155.0
2018-01-29 09:51:25.551044,472.8,472.8,473.0,4249155.0
2018-01-29 09:51:26.760236,473.0,472.8,473.0,4255255.0
2018-01-29 09:51:28.331501,473.0,472.8,473.0,4253755.0
2018-01-29 09:51:29.536907,472.8,472.8,473.0,4259155.0
2018-01-29 09:51:30.639235,472.8,472.8,473.0,4259155.0
2018-01-29 09:51:32.493499,472.8,472.8,473.0,4258155.0
2018-01-29 09:51:33.942534,472.6,472.6,472.8,4266155.0
2018-01-29 09:51:35.199058,472.6,472.6,472.8,4266155.0
2018-01-29 09:51:36.390601,472.8,472.6,472.8,4265155.0
2018-01-29 09:51:37.630999,472.8,472.6,472.8,4265155.0
2018-01-29 09:51:39.556330,472.6,472.6,472.8,4266155.0
2018-01-29 09:51:41.157273,472.6,472.6,472.8,4266155.0
2018-01-29 09:51:42.437403,472.6,472.6,472.8,4266155.0
2018-01-29 09:51:43.714234,472.4,472.4,472.8,4270655.0
2018-01-29 09:51:45.171106,472.4,472.4,472.8,4270655.0
2018-01-29 09:51:46.457823,472.4,472.4,472.8,4270655.0
2018-01-29 09:51:47.927210,472.4,472.4,472.8,4270655.0
2018-01-29 09:51:49.165554,472.6,472.4,472.8,4272055.0
2018-01-29 09:51:50.473343,472.6,472.6,472.8,4272055.0
2018-01-29 09:51:51.924255,472.8,472.6,472.8,4272255.0
2018-01-29 09:51:53.228793,472.8,472.6,472.8,4272255.0
2018-01-29 09:51:54.614792,472.8,472.6,472.8,4272255.0
2018-01-29 09:51:56.238387,472.6,472.6,472.8,4272055.0
2018-01-29 09:51:57.767650,472.6,472.6,472.8,4272055.0
2018-01-29 09:51:59.304123,472.8,472.6,472.8,4272255.0
2018-01-29 09:52:00.877822,472.4,472.4,472.6,4275455.0
2018-01-29 09:52:02.407575,472.4,472.4,472.6,4278955.0
2018-01-29 09:52:03.891061,472.6,472.4,472.6,4282455.0
2018-01-29 09:52:05.160615,472.4,472.4,472.6,4278955.0
2018-01-29 09:52:06.672304,472.4,472.4,472.6,4278955.0
2018-01-29 09:52:08.220845,472.6,472.4,472.6,4282455.0
2018-01-29 09:52:09.748891,472.6,472.4,472.6,4282455.0
2018-01-29 09:52:11.241026,472.6,472.4,472.6,4287055.0
2018-01-29 09:52:12.507907,472.6,472.4,472.6,4287455.0
2018-01-29 09:52:13.814632,472.6,472.4,472.6,4287055.0
2018-01-29 09:52:16.641332,472.6,472.4,472.6,4287055.0
2018-01-29 09:52:18.635944,472.6,472.4,472.6,4287055.0
2018-01-29 09:52:21.208398,472.6,472.4,472.6,4292455.0
2018-01-29 09:52:23.291966,472.4,472.4,472.6,4293355.0
2018-01-29 09:52:25.945550,472.6,472.4,472.6,4292455.0
2018-01-29 09:52:28.702274,472.6,472.4,472.6,4295255.0
2018-01-29 09:52:30.608983,472.6,472.4,472.6,4294855.0
2018-01-29 09:52:32.697965,472.6,472.4,472.6,4295255.0
2018-01-29 09:52:34.487317,472.6,472.4,472.6,4297596.0
2018-01-29 09:52:36.611050,472.6,472.4,472.6,4299296.0
2018-01-29 09:52:38.340691,472.6,472.6,472.8,4299296.0
2018-01-29 09:52:40.034244,472.6,472.4,472.6,4299296.0
2018-01-29 09:52:41.828397,472.6,472.4,472.6,4302296.0
2018-01-29 09:52:43.646587,472.6,472.6,472.8,4302596.0
2018-01-29 09:52:45.524504,472.6,472.6,472.8,4302296.0
2018-01-29 09:52:47.496874,472.8,472.6,472.8,4307696.0
2018-01-29 09:52:50.095722,472.8,472.6,472.8,4307696.0
2018-01-29 09:52:52.151441,472.8,472.6,472.8,4307596.0
2018-01-29 09:52:54.158963,472.8,472.6,472.8,4307696.0
2018-01-29 09:52:55.793036,472.8,472.6,472.8,4307696.0
2018-01-29 09:52:57.634041,472.8,472.6,472.8,4309696.0
2018-01-29 09:53:00.195804,473.0,472.6,472.8,4321396.0
2018-01-29 09:53:03.805099,473.0,472.6,472.8,4321396.0
2018-01-29 09:53:06.881903,473.0,472.8,473.0,4327396.0
2018-01-29 09:53:09.951866,473.0,472.8,473.0,4327396.0
2018-01-29 09:53:13.945613,473.0,472.8,473.0,4327396.0
2018-01-29 09:53:17.198351,473.0,472.8,473.2,4330096.0
2018-01-29 09:58:33.814838,473.0,473.0,473.2,4549708.0
2018-01-29 09:58:35.251694,473.0,473.0,473.2,4549708.0
2018-01-29 09:58:36.719337,473.0,473.0,473.2,4549708.0
2018-01-29 09:58:37.978263,473.0,473.0,473.2,4549708.0
2018-01-29 09:58:39.304369,473.0,473.0,473.2,4551308.0
2018-01-29 09:58:40.834338,473.0,473.0,473.2,4549708.0
2018-01-29 09:58:41.876426,473.0,473.0,473.2,4551308.0
2018-01-29 09:58:43.068612,473.0,473.0,473.2,4551308.0
2018-01-29 09:58:44.319158,473.0,473.0,473.2,4551308.0
2018-01-29 09:58:45.506202,473.0,473.0,473.2,4551308.0
2018-01-29 09:58:46.738760,473.0,473.0,473.2,4551308.0
2018-01-29 09:58:48.012752,473.0,473.0,473.2,4554808.0
2018-01-29 09:58:49.575618,473.0,473.0,473.2,4554808.0
2018-01-29 09:58:51.506260,473.0,473.0,473.2,4555108.0
2018-01-29 09:58:52.486709,473.0,473.0,473.2,4555108.0
2018-01-29 09:58:53.706826,,,,
2018-01-29 09:58:55.220170,473.0,473.0,473.2,4554808.0
2018-01-29 09:58:57.556923,473.0,473.0,473.2,4556408.0
2018-01-29 09:58:59.107983,473.0,473.0,473.2,4556408.0
2018-01-29 09:59:00.462315,473.0,473.0,473.2,4556408.0
2018-01-29 09:59:02.068136,473.0,473.0,473.2,4556408.0
2018-01-29 09:59:03.793299,473.0,473.0,473.2,4556408.0
2018-01-29 09:59:05.141309,473.0,473.0,473.2,4556408.0
2018-01-29 09:59:06.123703,473.0,473.0,473.2,4557208.0
2018-01-29 09:59:07.332232,473.0,473.0,473.2,4556408.0
2018-01-29 09:59:08.462041,473.0,473.0,473.2,4557208.0
2018-01-29 09:59:10.110616,473.0,473.0,473.2,4556408.0
2018-01-29 09:59:11.059037,473.0,473.0,473.2,4566308.0
2018-01-29 09:59:12.606514,473.0,473.0,473.2,4566308.0
2018-01-29 09:59:13.582557,473.0,473.0,473.2,4566308.0
2018-01-29 09:59:14.837885,473.0,473.0,473.2,4566308.0
2018-01-29 09:59:15.877967,473.2,473.0,473.2,4567008.0
2018-01-29 09:59:17.510980,473.0,473.0,473.2,4566308.0
2018-01-29 09:59:18.844701,473.2,473.0,473.4,4587308.0
2018-01-29 09:59:20.321708,473.2,473.0,473.4,4587308.0
2018-01-29 09:59:21.622602,473.2,473.0,473.4,4587308.0
2018-01-29 09:59:22.823181,473.4,473.2,473.4,4596308.0
2018-01-29 09:59:24.191366,473.4,473.2,473.4,4596908.0
2018-01-29 09:59:25.374453,473.4,473.2,473.4,4596308.0
2018-01-29 09:59:29.819008,473.2,473.2,473.4,4600408.0
2018-01-29 09:59:30.796015,473.4,473.2,473.4,4604808.0
2018-01-29 09:59:31.762792,473.4,473.2,473.4,4604808.0
2018-01-29 09:59:33.163422,473.4,473.2,473.4,4604808.0
2018-01-29 09:59:34.333396,473.6,473.4,473.6,4612308.0
2018-01-29 09:59:35.699545,473.4,473.4,473.6,4612408.0
2018-01-29 09:59:36.794752,473.4,473.4,473.6,4612408.0
2018-01-29 09:59:37.867572,473.6,473.4,473.6,4612308.0
2018-01-29 09:59:38.878302,473.6,473.4,473.6,4612308.0
2018-01-29 09:59:40.194783,473.6,473.4,473.6,4612308.0
2018-01-29 09:59:41.791449,473.6,473.4,473.6,4612308.0
2018-01-29 09:59:43.147926,473.6,473.4,473.6,4612308.0
2018-01-29 09:59:44.199465,473.6,473.4,473.6,4612308.0
2018-01-29 09:59:45.086349,473.6,473.4,473.6,4617208.0
2018-01-29 09:59:46.636319,473.6,473.4,473.6,4617208.0
2018-01-29 09:59:48.742782,473.6,473.4,473.6,4617208.0
2018-01-29 09:59:49.774314,472.6,473.4,473.6,4701808.0
2018-01-29 09:59:51.161202,472.0,472.6,473.2,4785208.0
2018-01-29 09:59:52.493293,472.6,472.4,473.0,4805508.0
2018-01-29 09:59:53.689561,473.0,472.4,473.0,4806108.0
2018-01-29 09:59:55.344656,473.4,472.4,473.0,4822908.0
2018-01-29 09:59:56.594264,473.4,473.0,473.4,4822908.0
2018-01-29 09:59:58.675974,473.6,473.0,473.8,4826508.0
2018-01-29 10:00:00.078987,474.0,473.4,474.0,4830908.0
2018-01-29 10:00:01.860981,474.0,473.4,474.0,4836208.0
2018-01-29 10:00:03.550026,474.0,473.4,474.0,4836208.0
2018-01-29 10:00:04.780427,474.0,473.6,474.0,4843908.0
2018-01-29 10:00:06.016418,474.0,473.6,474.0,4843908.0
2018-01-29 10:00:07.239568,474.0,473.6,474.0,4843908.0
2018-01-29 10:00:09.157167,474.0,473.6,474.0,4843908.0
2018-01-29 10:00:10.591997,474.0,473.6,474.0,4848108.0
2018-01-29 10:00:11.730200,474.0,473.6,474.0,4848008.0
2018-01-29 10:00:13.550513,474.0,473.6,474.0,4848008.0
2018-01-29 10:00:14.624438,474.0,473.6,474.0,4848008.0
2018-01-29 10:00:16.118949,474.0,473.6,474.0,4848108.0
2018-01-29 10:00:17.842685,474.0,473.6,474.0,4848108.0
2018-01-29 10:00:19.601717,473.8,473.8,474.0,4877508.0
2018-01-29 10:00:20.739052,473.8,473.8,474.0,4877508.0
2018-01-29 10:00:21.986588,473.8,473.8,474.0,4877508.0
2018-01-29 10:00:23.498303,473.8,473.8,474.0,4877508.0
2018-01-29 10:00:25.534913,473.8,473.8,474.0,4877508.0
2018-01-29 10:00:27.269700,473.8,473.8,474.0,4877508.0
2018-01-29 10:00:28.793830,473.8,473.8,474.0,4877508.0
2018-01-29 10:00:30.357101,473.8,473.8,474.0,4877508.0
2018-01-29 10:00:31.464385,473.8,473.8,474.0,4877508.0
2018-01-29 10:00:32.553299,473.8,473.8,474.0,4877508.0
2018-01-29 10:00:34.455054,473.8,473.8,474.0,4877508.0
2018-01-29 10:00:35.490497,473.6,473.6,473.8,4882110.0
2018-01-29 10:00:36.735901,473.6,473.6,473.8,4882110.0
2018-01-29 10:00:37.732558,473.6,473.6,473.8,4882110.0
2018-01-29 10:00:39.537545,473.6,473.6,473.8,4882110.0
2018-01-29 10:00:41.379584,473.6,473.6,473.8,4882110.0
2018-01-29 10:00:42.541927,473.6,473.6,473.8,4882110.0
2018-01-29 10:00:43.918390,473.6,473.6,473.8,4882110.0
2018-01-29 10:00:45.242299,473.6,473.6,473.8,4882810.0
2018-01-29 10:00:47.319216,473.6,473.6,473.8,4882810.0
2018-01-29 10:00:49.202237,473.6,473.6,473.8,4882810.0
2018-01-29 10:00:50.804874,473.6,473.6,473.8,4882810.0
2018-01-29 10:00:52.294368,473.6,473.6,473.8,4882810.0
2018-01-29 10:00:53.420717,473.6,473.6,473.8,4882810.0
2018-01-29 10:00:54.946178,473.6,473.6,473.8,4882810.0
2018-01-29 10:00:56.498820,473.6,473.6,473.8,4882810.0
2018-01-29 10:00:57.878537,473.6,473.6,473.8,4882810.0
2018-01-29 10:00:59.832038,473.6,473.6,473.8,4882810.0
2018-01-29 10:01:01.166879,473.6,473.6,473.8,4882810.0
2018-01-29 10:01:02.229586,473.6,473.6,473.8,4882810.0
2018-01-29 10:01:03.662989,473.6,473.6,473.8,4890010.0
2018-01-29 10:01:04.877179,473.6,473.6,473.8,4890010.0
2018-01-29 10:01:06.203023,473.6,473.6,473.8,4890010.0
2018-01-29 10:01:07.831605,473.6,473.6,473.8,4890010.0
2018-01-29 10:01:09.754835,473.6,473.6,473.8,4890010.0
2018-01-29 10:01:11.114404,473.6,473.6,473.8,4890010.0
2018-01-29 10:01:12.219890,473.6,473.6,473.8,4890010.0
2018-01-29 10:01:13.553409,473.6,473.6,473.8,4890010.0
2018-01-29 10:01:14.800107,473.6,473.6,473.8,4890010.0
2018-01-29 10:01:16.554593,473.8,473.6,473.8,4891610.0
2018-01-29 10:01:18.060497,473.8,473.6,473.8,4891610.0
2018-01-29 10:01:19.121172,473.8,473.6,473.8,4891610.0
2018-01-29 10:01:20.714049,473.8,473.6,473.8,4891610.0
2018-01-29 10:01:22.467073,473.8,473.6,473.8,4892210.0
2018-01-29 10:01:24.062374,473.8,473.6,473.8,4892210.0
2018-01-29 10:01:25.251920,473.8,473.6,473.8,4892210.0
2018-01-29 10:01:26.510686,473.8,473.6,473.8,4892210.0
2018-01-29 10:01:27.860210,473.8,473.6,473.8,4892210.0
2018-01-29 10:01:29.616848,473.8,473.6,473.8,4892210.0
2018-01-29 10:01:31.022192,473.6,473.6,473.8,4895110.0
2018-01-29 10:01:33.122836,473.6,473.6,473.8,4895110.0
2018-01-29 10:01:34.698417,473.6,473.6,473.8,4895110.0
2018-01-29 10:01:35.916936,473.6,473.6,473.8,4895110.0
2018-01-29 10:01:37.402197,473.8,473.6,473.8,4901610.0
2018-01-29 10:01:39.159235,473.8,473.6,473.8,4901610.0
2018-01-29 10:01:40.637851,473.8,473.6,473.8,4901610.0
2018-01-29 10:01:42.443397,473.8,473.6,473.8,4901610.0
2018-01-29 10:01:44.073733,473.8,473.6,473.8,4905310.0
2018-01-29 10:01:45.832321,473.8,473.6,473.8,4905310.0
2018-01-29 10:01:47.145476,473.8,473.6,473.8,4905310.0
2018-01-29 10:01:48.310835,473.8,473.6,473.8,4905310.0
2018-01-29 10:01:49.510102,473.8,473.6,473.8,4905310.0
2018-01-29 10:01:50.929851,473.8,473.6,473.8,4905310.0
2018-01-29 10:01:52.176682,473.8,473.6,473.8,4905310.0
2018-01-29 10:01:53.527346,473.8,473.6,473.8,4905310.0
2018-01-29 10:01:54.911800,473.8,473.6,473.8,4905310.0
2018-01-29 10:01:56.465241,473.8,473.6,473.8,4905310.0
2018-01-29 10:01:57.422783,473.8,473.6,473.8,4905310.0
2018-01-29 10:01:59.234106,473.8,473.6,473.8,4905310.0
2018-01-29 10:02:00.457595,473.8,473.6,473.8,4907521.0
2018-01-29 10:02:01.519602,473.8,473.6,473.8,4907521.0
2018-01-29 10:02:03.421784,473.8,473.6,473.8,4907521.0
2018-01-29 10:02:05.378281,473.8,473.6,473.8,4907521.0
2018-01-29 10:02:06.401891,473.6,473.6,473.8,4909821.0
2018-01-29 10:02:07.755057,473.6,473.6,473.8,4909821.0
2018-01-29 10:02:09.058546,473.6,473.6,473.8,4909821.0
2018-01-29 10:02:10.632214,473.6,473.6,473.8,4909821.0
2018-01-29 10:02:11.839012,473.6,473.6,473.8,4909821.0
2018-01-29 10:02:13.226590,473.6,473.6,473.8,4909821.0
2018-01-29 10:02:14.935836,473.6,473.6,473.8,4909821.0
2018-01-29 10:02:16.759853,473.6,473.6,473.8,4909821.0
2018-01-29 10:02:18.550445,473.6,473.6,473.8,4911821.0
2018-01-29 10:02:20.171939,473.6,473.6,473.8,4911821.0
2018-01-29 10:02:21.696467,473.6,473.6,473.8,4911821.0
2018-01-29 10:02:22.902889,473.6,473.6,473.8,4911821.0
2018-01-29 10:02:24.784070,473.8,473.6,473.8,4919121.0
2018-01-29 10:02:26.585013,473.8,473.6,473.8,4919121.0
2018-01-29 10:02:28.415780,473.8,473.6,473.8,4918921.0
2018-01-29 10:02:29.479360,473.8,473.6,473.8,4919121.0
2018-01-29 10:02:31.024893,473.8,473.6,473.8,4926921.0
2018-01-29 10:02:32.250167,473.8,473.6,473.8,4926921.0
2018-01-29 10:02:33.674700,473.8,473.8,474.0,4933021.0
2018-01-29 10:02:34.892143,473.8,473.8,474.0,4933021.0
2018-01-29 10:02:36.246947,473.8,473.8,474.0,4933021.0
2018-01-29 10:02:37.452901,473.8,473.8,474.0,4933021.0
2018-01-29 10:02:38.838474,473.8,473.8,474.0,4933021.0
2018-01-29 10:02:40.732024,473.8,473.8,474.0,4933021.0
2018-01-29 10:02:41.950197,473.8,473.8,474.0,4933021.0
2018-01-29 10:02:43.221299,473.8,473.8,474.0,4933021.0
2018-01-29 10:02:44.721168,473.8,473.8,474.0,4933021.0
2018-01-29 10:02:45.776098,473.8,473.8,474.0,4938421.0
2018-01-29 10:02:46.990402,473.8,473.8,474.0,4938421.0
2018-01-29 10:02:48.935192,473.8,473.8,474.0,4938421.0
2018-01-29 10:02:50.856699,473.8,473.8,474.0,4938421.0
2018-01-29 10:02:52.022215,473.8,473.8,474.0,4938621.0
2018-01-29 10:02:53.547848,473.8,473.8,474.0,4946021.0
2018-01-29 10:02:54.641716,473.8,473.8,474.0,4946021.0
2018-01-29 10:02:56.147319,473.8,473.8,474.0,4945921.0
2018-01-29 10:02:57.411138,473.8,473.8,474.0,4946021.0
2018-01-29 10:02:58.657993,473.8,473.8,474.0,4945921.0
2018-01-29 10:02:59.627962,473.8,473.8,474.0,4946021.0
2018-01-29 10:03:01.460490,474.0,473.8,474.0,4948521.0
2018-01-29 10:03:02.456811,474.0,473.8,474.0,4948521.0
2018-01-29 10:03:03.589055,474.0,473.8,474.0,4948521.0
2018-01-29 10:03:04.869210,474.0,473.8,474.0,4948521.0
2018-01-29 10:03:06.119929,474.0,473.8,474.0,4948521.0
2018-01-29 10:03:07.614637,474.0,473.8,474.0,4948521.0
2018-01-29 10:03:08.936859,474.0,473.8,474.0,4948521.0
2018-01-29 10:03:10.277885,474.0,473.8,474.0,4948521.0
2018-01-29 10:03:11.367459,474.0,473.8,474.0,4948521.0
2018-01-29 10:03:12.488432,474.0,473.8,474.0,4948521.0
2018-01-29 10:03:14.517965,474.0,473.8,474.0,4948521.0
2018-01-29 10:03:16.123936,474.0,473.8,474.0,4948521.0
2018-01-29 10:03:17.522573,474.0,473.8,474.0,4948521.0
2018-01-29 10:03:18.807459,474.0,473.8,474.0,4949721.0
2018-01-29 10:03:20.345038,474.0,473.8,474.0,4949721.0
2018-01-29 10:03:21.904337,474.0,473.8,474.0,4968021.0
2018-01-29 10:03:23.571375,474.0,473.8,474.0,4968021.0
2018-01-29 10:03:24.751997,474.0,473.8,474.0,4968021.0
2018-01-29 10:03:25.794960,474.0,473.8,474.0,4968021.0
2018-01-29 10:03:26.896899,474.0,473.8,474.0,4968021.0
2018-01-29 10:03:28.361206,474.0,473.8,474.0,5001821.0
2018-01-29 10:03:29.495921,474.0,473.8,474.0,5001821.0
2018-01-29 10:03:31.269291,474.0,473.8,474.0,5001821.0
2018-01-29 10:03:32.649711,474.0,473.8,474.0,5001821.0
2018-01-29 10:03:34.195290,474.0,474.0,474.2,5083721.0
2018-01-29 10:03:35.291537,474.0,474.0,474.2,5083721.0
2018-01-29 10:03:36.583935,474.0,474.0,474.2,5083721.0
2018-01-29 10:03:37.633643,474.0,474.0,474.2,5083721.0
2018-01-29 10:03:38.574669,474.2,474.0,474.2,5089121.0
2018-01-29 10:03:39.593405,474.2,474.0,474.2,5089121.0
2018-01-29 10:03:40.981684,474.0,474.0,474.2,5083721.0
2018-01-29 10:03:42.062789,474.0,474.0,474.2,5089221.0
2018-01-29 10:03:43.187945,474.0,474.0,474.2,5089221.0
2018-01-29 10:03:44.228990,474.2,474.0,474.2,5089121.0
2018-01-29 10:03:45.846574,474.0,474.0,474.2,5089221.0
2018-01-29 10:03:47.087067,474.0,474.0,474.2,5089221.0
2018-01-29 10:03:48.502167,474.2,474.0,474.2,5093221.0
2018-01-29 10:03:49.629774,474.0,474.0,474.2,5089221.0
2018-01-29 10:03:50.882520,474.2,474.0,474.2,5093621.0
2018-01-29 10:03:51.909497,474.2,474.0,474.2,5093221.0
2018-01-29 10:03:53.083409,474.2,474.0,474.2,5093221.0
2018-01-29 10:03:54.151977,474.2,474.0,474.2,5093621.0
2018-01-29 10:03:55.462547,474.2,474.0,474.2,5093621.0
2018-01-29 10:03:56.939011,474.2,474.0,474.2,5093221.0
2018-01-29 10:03:58.127998,474.2,474.0,474.2,5093621.0
2018-01-29 10:03:59.475478,474.2,474.0,474.2,5096821.0
2018-01-29 10:04:00.737583,474.0,474.0,474.2,5096721.0
2018-01-29 10:04:02.034565,474.0,474.0,474.2,5096721.0
2018-01-29 10:04:03.475623,474.0,474.0,474.2,5096721.0
2018-01-29 10:04:04.787934,474.0,474.0,474.2,5096721.0
2018-01-29 10:04:05.906316,474.0,474.0,474.2,5096721.0
2018-01-29 10:04:07.528708,474.2,474.0,474.2,5096821.0
2018-01-29 10:04:08.684342,474.0,474.0,474.2,5102216.0
2018-01-29 10:04:09.733523,474.2,474.0,474.2,5102316.0
2018-01-29 10:04:10.944549,474.2,474.0,474.2,5102316.0
2018-01-29 10:04:12.384474,474.2,474.0,474.2,5102316.0
2018-01-29 10:04:14.283783,474.2,474.0,474.2,5102316.0
2018-01-29 10:04:16.123425,474.2,474.0,474.2,5102316.0
2018-01-29 10:04:17.445126,474.0,474.0,474.2,5102216.0
2018-01-29 10:04:18.732842,474.2,474.0,474.2,5102316.0
2018-01-29 10:04:19.797893,474.2,474.0,474.2,5102316.0
2018-01-29 10:04:20.871200,474.2,474.0,474.2,5112020.0
2018-01-29 10:04:22.089596,474.0,474.0,474.2,5104520.0
2018-01-29 10:04:23.338490,474.2,474.0,474.2,5112820.0
2018-01-29 10:04:24.708250,474.2,474.0,474.2,5122420.0
2018-01-29 10:04:26.079528,474.2,474.2,474.4,5125920.0
2018-01-29 10:04:27.576712,474.2,474.2,474.4,5127320.0
2018-01-29 10:04:28.946468,474.2,474.2,474.4,5125920.0
2018-01-29 10:04:30.333056,474.2,474.0,474.2,5125920.0
2018-01-29 10:04:31.728304,474.2,474.0,474.2,5125920.0
2018-01-29 10:04:33.133797,474.2,474.2,474.4,5125920.0
2018-01-29 10:04:34.196473,474.2,474.2,474.4,5127320.0
2018-01-29 10:04:35.433276,474.2,474.0,474.2,5125920.0
2018-01-29 10:04:36.863257,474.2,474.0,474.2,5127320.0
2018-01-29 10:04:38.175855,474.0,474.0,474.2,5174320.0
2018-01-29 10:04:39.481360,474.0,474.0,474.2,5174820.0
2018-01-29 10:04:40.842990,473.8,473.8,474.0,5219920.0
2018-01-29 10:04:41.878139,473.8,473.8,474.0,5220720.0
2018-01-29 10:04:43.086301,473.8,473.8,474.0,5219920.0
2018-01-29 10:04:44.145077,473.8,473.8,474.0,5219920.0
2018-01-29 10:04:45.569824,473.8,473.8,474.0,5220720.0
2018-01-29 10:04:46.764205,473.8,473.8,474.0,5220720.0
2018-01-29 10:04:47.849837,473.8,473.6,473.8,5226020.0
2018-01-29 10:04:49.694872,473.8,473.6,473.8,5226520.0
2018-01-29 10:04:50.766278,473.8,473.6,473.8,5226020.0
2018-01-29 10:04:51.805226,473.8,473.6,473.8,5226020.0
2018-01-29 10:04:53.597636,473.8,473.6,473.8,5226020.0
2018-01-29 10:04:54.758355,473.8,473.6,473.8,5226020.0
2018-01-29 10:04:55.841294,473.8,473.6,473.8,5226020.0
2018-01-29 10:04:57.218874,473.8,473.6,473.8,5226020.0
2018-01-29 10:04:58.589375,473.8,473.6,473.8,5226020.0
2018-01-29 10:05:00.063009,473.8,473.6,473.8,5226020.0
2018-01-29 10:05:01.280407,473.8,473.6,473.8,5226520.0
2018-01-29 10:05:02.507238,473.8,473.8,474.0,5226520.0
2018-01-29 10:05:04.061455,474.0,473.6,473.8,5234520.0
2018-01-29 10:05:05.346940,474.0,473.8,474.0,5234520.0
2018-01-29 10:05:06.544880,474.0,473.8,474.0,5234520.0
2018-01-29 10:05:07.818871,474.2,473.8,474.0,5235020.0
2018-01-29 10:05:09.592372,474.0,473.8,474.0,5234520.0
2018-01-29 10:05:10.937863,474.2,473.8,474.0,5235020.0
2018-01-29 10:05:12.788071,474.2,473.8,474.0,5239320.0
2018-01-29 10:05:14.596492,474.2,473.8,474.0,5239320.0
2018-01-29 10:05:15.648666,474.2,473.8,474.2,5239320.0
2018-01-29 10:05:17.100155,474.2,473.8,474.0,5239320.0
2018-01-29 10:05:18.440631,474.2,473.8,474.2,5239320.0
2018-01-29 10:05:20.314566,474.2,473.8,474.2,5235020.0
2018-01-29 10:05:21.706072,474.2,473.8,474.2,5239320.0
2018-01-29 10:05:22.954183,474.2,474.0,474.2,5240820.0
2018-01-29 10:05:24.265001,474.2,474.0,474.2,5240820.0
2018-01-29 10:05:25.309495,474.2,473.8,474.2,5239320.0
2018-01-29 10:05:26.737836,474.2,473.8,474.2,5239320.0
2018-01-29 10:05:28.262456,474.0,474.0,474.2,5243220.0
2018-01-29 10:05:29.808776,474.2,474.0,474.2,5240820.0
2018-01-29 10:05:31.012742,474.0,474.0,474.2,5243220.0
2018-01-29 10:05:32.280548,474.0,474.0,474.2,5243220.0
2018-01-29 10:05:33.689508,474.0,474.0,474.2,5243220.0
2018-01-29 10:05:35.116048,474.0,474.0,474.2,5243220.0
2018-01-29 10:05:36.589088,474.0,474.0,474.2,5243220.0
2018-01-29 10:05:37.840890,474.0,474.0,474.2,5243220.0
2018-01-29 10:05:39.000944,474.0,474.0,474.2,5243220.0
2018-01-29 10:05:40.452793,474.2,474.0,474.2,5243560.0
2018-01-29 10:05:41.460162,474.0,474.0,474.2,5243220.0
2018-01-29 10:05:43.190471,474.0,474.0,474.2,5243220.0
2018-01-29 10:05:44.202381,474.0,474.0,474.2,5245760.0
2018-01-29 10:05:45.451159,474.0,474.0,474.2,5245760.0
2018-01-29 10:05:46.641226,474.2,474.0,474.2,5243560.0
2018-01-29 10:05:48.155128,474.2,474.0,474.2,5243560.0
2018-01-29 10:05:49.818323,474.0,474.0,474.2,5245760.0
2018-01-29 10:05:50.984538,474.2,474.0,474.2,5243560.0
2018-01-29 10:05:53.030585,474.2,474.0,474.2,5243560.0
2018-01-29 10:05:54.310820,474.2,474.0,474.2,5243560.0
2018-01-29 10:05:55.756782,474.0,474.0,474.2,5245760.0
2018-01-29 10:05:57.222323,474.0,474.0,474.2,5245760.0
2018-01-29 10:05:58.369082,474.0,474.0,474.2,5245760.0
2018-01-29 10:05:59.419552,474.2,474.0,474.2,5247076.0
2018-01-29 10:06:01.208755,474.0,474.0,474.2,5245760.0
2018-01-29 10:06:02.398419,474.2,474.0,474.2,5247076.0
2018-01-29 10:06:04.367892,474.2,474.0,474.2,5247076.0
2018-01-29 10:06:06.024376,474.0,474.0,474.2,5245760.0
2018-01-29 10:06:07.407801,474.2,474.0,474.2,5247076.0
2018-01-29 10:06:08.713876,474.2,474.0,474.2,5249176.0
2018-01-29 10:06:10.735222,474.2,474.0,474.2,5249176.0
2018-01-29 10:06:12.014375,474.2,474.0,474.2,5249176.0
2018-01-29 10:06:13.784844,474.2,474.0,474.2,5249176.0
2018-01-29 10:06:15.759654,474.2,474.0,474.2,5249176.0
2018-01-29 10:06:17.778373,474.2,474.0,474.2,5258076.0
2018-01-29 10:06:19.411469,474.2,474.0,474.2,5258076.0
2018-01-29 10:06:21.137269,474.2,474.0,474.2,5258076.0
2018-01-29 10:06:22.853501,474.2,474.0,474.2,5258076.0
2018-01-29 10:06:25.181662,474.2,474.0,474.2,5258076.0
2018-01-29 10:06:26.328529,474.2,474.0,474.2,5258076.0
2018-01-29 10:06:28.224952,474.2,474.0,474.2,5259076.0
2018-01-29 10:06:29.488418,474.2,474.0,474.2,5259076.0
2018-01-29 10:06:30.911239,474.2,474.0,474.2,5258076.0
2018-01-29 10:06:32.180495,474.2,474.0,474.2,5259776.0
2018-01-29 10:06:33.581518,474.2,474.0,474.2,5259776.0
2018-01-29 10:06:35.290156,474.2,474.0,474.2,5259776.0
2018-01-29 10:06:36.859811,474.2,474.0,474.2,5259776.0
2018-01-29 10:06:38.552623,474.2,474.0,474.2,5259776.0
2018-01-29 10:06:40.159127,474.2,474.0,474.2,5259776.0
2018-01-29 10:06:41.380928,474.2,474.0,474.2,5259776.0
2018-01-29 10:06:43.288987,474.2,474.0,474.2,5259776.0
2018-01-29 10:06:44.801591,474.0,474.0,474.2,5260776.0
2018-01-29 10:06:46.642761,474.2,474.0,474.2,5259776.0
2018-01-29 10:06:47.776847,474.0,474.2,474.4,5260776.0
2018-01-29 10:06:49.429729,474.2,474.2,474.4,5274176.0
2018-01-29 10:06:51.190302,474.2,474.0,474.4,5274876.0
2018-01-29 10:06:52.716359,474.2,474.0,474.4,5274176.0
2018-01-29 10:06:54.362515,474.2,474.0,474.4,5274876.0
2018-01-29 10:06:55.725695,474.2,474.0,474.4,5274876.0
2018-01-29 10:06:57.269494,474.2,474.0,474.4,5274176.0
2018-01-29 10:06:58.588830,474.2,474.2,474.4,5277576.0
2018-01-29 10:07:00.306722,474.2,474.2,474.4,5277576.0
2018-01-29 10:07:01.593535,474.2,474.2,474.4,5277576.0
2018-01-29 10:07:03.173268,474.2,474.2,474.4,5277576.0
2018-01-29 10:07:04.591727,474.2,474.2,474.4,5277576.0
2018-01-29 10:07:06.127013,474.2,474.2,474.4,5277576.0
2018-01-29 10:07:07.469718,474.2,474.2,474.4,5277576.0
2018-01-29 10:07:08.807256,474.2,474.2,474.4,5277576.0
2018-01-29 10:07:10.214655,474.2,474.2,474.4,5277576.0
2018-01-29 10:07:11.436770,474.2,474.2,474.4,5277576.0
2018-01-29 10:07:12.968201,474.2,474.2,474.4,5277576.0
2018-01-29 10:07:14.923026,474.2,474.2,474.4,5281976.0
2018-01-29 10:07:16.765766,474.2,474.2,474.4,5281976.0
2018-01-29 10:07:17.909355,474.2,474.2,474.4,5281976.0
2018-01-29 10:07:19.381799,474.2,474.2,474.4,5281976.0
2018-01-29 10:07:20.893767,474.2,474.2,474.4,5281976.0
2018-01-29 10:07:22.142089,474.2,474.2,474.4,5281976.0
2018-01-29 10:07:23.472077,474.2,474.2,474.4,5281976.0
2018-01-29 10:07:25.192618,474.2,474.2,474.4,5281976.0
2018-01-29 10:07:26.904759,474.2,474.2,474.4,5281976.0
2018-01-29 10:07:28.175667,474.2,474.2,474.4,5284976.0
2018-01-29 10:07:29.671774,474.2,474.2,474.4,5284976.0
2018-01-29 10:07:33.007173,474.2,474.2,474.4,5284976.0
2018-01-29 10:07:35.399063,474.2,474.2,474.4,5286776.0
2018-01-29 10:07:38.161519,474.2,474.2,474.4,5286776.0
2018-01-29 10:07:41.029276,474.2,474.2,474.4,5286776.0
2018-01-29 10:07:43.452176,474.2,474.2,474.4,5286776.0
2018-01-29 10:07:46.349063,474.2,474.2,474.4,5286776.0
2018-01-29 10:07:48.609019,474.2,474.2,474.4,5289676.0
2018-01-29 10:07:50.816296,474.2,474.2,474.4,5289676.0
2018-01-29 10:07:53.023478,474.2,474.2,474.4,5289676.0
2018-01-29 10:07:55.365715,474.4,474.2,474.4,5292576.0
2018-01-29 10:07:57.965301,474.4,474.2,474.4,5292576.0
2018-01-29 10:08:00.691681,474.4,474.2,474.4,5300076.0
2018-01-29 10:08:03.559832,474.4,474.2,474.4,5300076.0
2018-01-29 10:08:04.710383,474.4,474.2,474.4,5300076.0
2018-01-29 10:08:07.123739,474.4,474.2,474.4,5300076.0
2018-01-29 10:08:08.413833,474.4,474.2,474.4,5300076.0
2018-01-29 10:08:10.211242,474.4,474.2,474.4,5300076.0
2018-01-29 10:08:11.983679,474.4,474.2,474.4,5300076.0
2018-01-29 10:08:13.455352,474.4,474.2,474.4,5303676.0
2018-01-29 10:08:14.771253,474.4,474.2,474.4,5303676.0
2018-01-29 10:08:16.348215,474.4,474.2,474.4,5312276.0
2018-01-29 10:08:17.702171,474.4,474.2,474.4,5312276.0
2018-01-29 10:08:18.823144,474.4,474.2,474.4,5312276.0
2018-01-29 10:08:19.965453,474.4,474.2,474.4,5312276.0
2018-01-29 10:08:21.220867,474.4,474.2,474.4,5312276.0
2018-01-29 10:08:23.238790,474.6,474.2,474.4,5320076.0
2018-01-29 10:08:24.490166,474.4,474.4,474.6,5312276.0
2018-01-29 10:08:25.796261,474.6,474.4,474.6,5320076.0
2018-01-29 10:08:27.388090,474.6,474.4,474.6,5321876.0
2018-01-29 10:08:28.576770,474.6,474.4,474.6,5321876.0
2018-01-29 10:08:29.467738,474.6,474.4,474.6,5321876.0
2018-01-29 10:08:30.740944,474.6,474.4,474.6,5321876.0
2018-01-29 10:08:32.125864,474.6,474.4,474.6,5321876.0
2018-01-29 10:08:33.413994,474.6,474.4,474.6,5320076.0
2018-01-29 10:08:35.084050,474.6,474.4,474.6,5320076.0
2018-01-29 10:08:36.297184,474.6,474.4,474.6,5321876.0
2018-01-29 10:08:37.623329,474.6,474.4,474.6,5321876.0
2018-01-29 10:08:39.247085,474.6,474.4,474.6,5321876.0
2018-01-29 10:08:40.584782,474.6,474.4,474.6,5323976.0
2018-01-29 10:08:42.279339,474.6,474.4,474.6,5323976.0
2018-01-29 10:08:43.593728,474.4,474.4,474.6,5323876.0
2018-01-29 10:08:44.951878,474.4,474.4,474.6,5323876.0
2018-01-29 10:08:46.636174,474.4,474.4,474.6,5323876.0
2018-01-29 10:08:47.996830,474.6,474.4,474.6,5323976.0
2018-01-29 10:08:49.310594,474.4,474.4,474.6,5334476.0
2018-01-29 10:08:50.680563,474.4,474.4,474.6,5333276.0
2018-01-29 10:08:51.653346,474.4,474.4,474.6,5334476.0
2018-01-29 10:08:53.305082,474.4,474.4,474.6,5334476.0
2018-01-29 10:08:55.084459,474.4,474.4,474.6,5333276.0
2018-01-29 10:08:56.216514,474.4,474.4,474.6,5334476.0
2018-01-29 10:08:57.506654,474.4,474.4,474.6,5333276.0
2018-01-29 10:08:58.861065,474.6,474.6,474.8,5336076.0
2018-01-29 10:09:00.600132,474.6,474.6,474.8,5347976.0
2018-01-29 10:09:02.218803,474.6,474.6,474.8,5347976.0
2018-01-29 10:09:03.587312,474.6,474.6,474.8,5348476.0
2018-01-29 10:09:04.725427,474.6,474.6,474.8,5348476.0
2018-01-29 10:09:05.886239,474.6,474.6,474.8,5347976.0
2018-01-29 10:09:08.009915,474.6,474.6,474.8,5347976.0
2018-01-29 10:09:09.374613,474.6,474.6,474.8,5347976.0
2018-01-29 10:09:10.892047,474.6,474.6,474.8,5348476.0
2018-01-29 10:09:12.164597,474.4,474.4,474.6,5350276.0
2018-01-29 10:09:14.252441,474.6,474.4,474.6,5353776.0
2018-01-29 10:09:15.750012,474.4,474.4,474.6,5350276.0
2018-01-29 10:09:16.960282,474.4,474.4,474.6,5350276.0
2018-01-29 10:09:17.962103,474.4,474.4,474.6,5350276.0
2018-01-29 10:09:19.477150,474.6,474.4,474.6,5353776.0
2018-01-29 10:09:20.656449,474.4,474.4,474.6,5350276.0
2018-01-29 10:09:22.531976,474.4,474.4,474.8,5350276.0
2018-01-29 10:09:23.567051,474.6,474.4,474.8,5371476.0
2018-01-29 10:09:25.320995,474.6,474.4,474.8,5371476.0
2018-01-29 10:09:26.396211,474.4,474.4,474.6,5381576.0
2018-01-29 10:09:27.788894,474.4,474.2,474.6,5389976.0
2018-01-29 10:09:29.551231,474.4,474.2,474.6,5389476.0
2018-01-29 10:09:31.426840,474.4,474.2,474.6,5389476.0
2018-01-29 10:09:32.708629,474.4,474.2,474.6,5389476.0
2018-01-29 10:09:33.855820,474.4,474.2,474.6,5389476.0
2018-01-29 10:09:35.145071,474.4,474.2,474.6,5389976.0
2018-01-29 10:09:36.870577,474.4,474.2,474.6,5389976.0
2018-01-29 10:09:38.151192,474.4,474.2,474.6,5389976.0
2018-01-29 10:09:40.027508,474.4,474.2,474.4,5393576.0
2018-01-29 10:09:41.780207,474.2,474.2,474.4,5393176.0
2018-01-29 10:09:43.104585,474.4,474.2,474.4,5393576.0
2018-01-29 10:09:44.986327,474.4,474.2,474.4,5393576.0
2018-01-29 10:09:46.517801,474.2,474.2,474.4,5394376.0
2018-01-29 10:09:48.053285,474.2,474.2,474.4,5394676.0
2018-01-29 10:09:49.618381,474.2,474.2,474.4,5394376.0
2018-01-29 10:09:51.286809,474.2,474.2,474.4,5394676.0
2018-01-29 10:09:52.742443,474.2,474.2,474.4,5394376.0
2018-01-29 10:09:54.203344,474.2,474.2,474.4,5394376.0
2018-01-29 10:09:55.561350,474.4,474.2,474.4,5396876.0
2018-01-29 10:09:57.122027,474.4,474.2,474.4,5396876.0
2018-01-29 10:09:58.460583,474.4,474.2,474.4,5396876.0
2018-01-29 10:09:59.767576,474.4,474.2,474.4,5397776.0
2018-01-29 10:10:01.266934,474.4,474.2,474.4,5397776.0
2018-01-29 10:10:02.729843,474.4,474.2,474.4,5396876.0
2018-01-29 10:10:04.369380,474.4,474.2,474.4,5397776.0
2018-01-29 10:10:05.838227,474.4,474.2,474.4,5397776.0
2018-01-29 10:10:07.531307,474.4,474.2,474.4,5397776.0
2018-01-29 10:10:09.052069,474.4,474.2,474.4,5396876.0
2018-01-29 10:10:10.572115,474.4,474.2,474.4,5396876.0
2018-01-29 10:10:12.091063,474.4,474.2,474.4,5396876.0
2018-01-29 10:10:13.723426,474.4,474.2,474.4,5397776.0
2018-01-29 10:10:15.168023,474.2,474.0,474.2,5413476.0
2018-01-29 10:10:16.647418,474.2,474.0,474.2,5413476.0
2018-01-29 10:10:17.636573,474.2,474.0,474.2,5412676.0
2018-01-29 10:10:19.124830,474.2,474.0,474.2,5412676.0
2018-01-29 10:10:20.226972,474.2,474.0,474.2,5413476.0
2018-01-29 10:10:21.348365,474.2,474.0,474.2,5413476.0
2018-01-29 10:10:22.792940,474.0,474.0,474.2,5416476.0
2018-01-29 10:10:24.113391,474.2,474.0,474.2,5413476.0
2018-01-29 10:10:25.305801,474.2,474.0,474.2,5413476.0
2018-01-29 10:10:26.566719,474.0,474.0,474.2,5416476.0
2018-01-29 10:10:27.838137,474.2,474.0,474.2,5417676.0
2018-01-29 10:10:29.809596,474.0,474.0,474.2,5416476.0
2018-01-29 10:10:31.600193,474.2,474.0,474.2,5417676.0
2018-01-29 10:10:32.675385,474.2,474.0,474.2,5417676.0
2018-01-29 10:10:34.197402,474.0,474.0,474.2,5416476.0
2018-01-29 10:10:35.637006,474.2,474.0,474.2,5417676.0
2018-01-29 10:10:36.682191,474.2,474.0,474.2,5417676.0
2018-01-29 10:10:37.828452,474.0,474.0,474.2,5418876.0
2018-01-29 10:10:38.831166,474.0,474.0,474.2,5420376.0
2018-01-29 10:10:40.354625,474.0,474.0,474.2,5420376.0
2018-01-29 10:10:41.431091,474.0,474.0,474.2,5418876.0
2018-01-29 10:10:42.809017,474.0,474.0,474.2,5420376.0
2018-01-29 10:10:44.893140,474.0,474.0,474.2,5420376.0
2018-01-29 10:10:46.985628,474.0,474.0,474.2,5420376.0
2018-01-29 10:10:48.057307,474.0,474.0,474.2,5426776.0
2018-01-29 10:10:49.577155,474.2,474.0,474.2,5429076.0
2018-01-29 10:10:50.838885,474.0,474.0,474.2,5439776.0
2018-01-29 10:10:52.058957,474.0,474.0,474.2,5437476.0
2018-01-29 10:10:53.034439,474.0,474.0,474.2,5439776.0
2018-01-29 10:10:54.240897,474.0,474.0,474.2,5439776.0
2018-01-29 10:10:55.574999,474.0,474.0,474.2,5437476.0
2018-01-29 10:10:56.638558,474.0,474.0,474.2,5442276.0
2018-01-29 10:10:57.687732,474.0,474.0,474.2,5442276.0
2018-01-29 10:10:58.815420,474.2,474.0,474.2,5442476.0
2018-01-29 10:11:00.332706,474.0,474.0,474.2,5442276.0
2018-01-29 10:11:01.567781,474.2,474.0,474.2,5442476.0
2018-01-29 10:11:02.754100,474.2,474.0,474.2,5442476.0
2018-01-29 10:11:04.402288,474.0,474.0,474.2,5442276.0
2018-01-29 10:11:06.381485,474.0,474.0,474.2,5442276.0
2018-01-29 10:11:08.381301,474.2,474.0,474.2,5450176.0
2018-01-29 10:11:10.377430,474.2,474.0,474.2,5450176.0
2018-01-29 10:11:12.524262,474.2,474.0,474.2,5450176.0
2018-01-29 10:11:14.251530,474.2,474.0,474.2,5450176.0
2018-01-29 10:11:15.460983,474.2,474.0,474.2,5450176.0
2018-01-29 10:11:16.429366,474.2,474.0,474.2,5450176.0
2018-01-29 10:11:17.810011,474.2,474.0,474.2,5450176.0
2018-01-29 10:11:19.348398,474.0,474.0,474.2,5455876.0
2018-01-29 10:11:20.545561,474.2,474.0,474.2,5454876.0
2018-01-29 10:11:21.899266,474.0,474.0,474.2,5455876.0
2018-01-29 10:11:23.663639,474.0,474.0,474.2,5455876.0
2018-01-29 10:11:24.725111,474.0,474.0,474.2,5455876.0
2018-01-29 10:11:25.820013,474.0,474.0,474.2,5457776.0
2018-01-29 10:11:26.995837,474.0,474.0,474.2,5455876.0
2018-01-29 10:11:28.091276,474.0,474.0,474.2,5455876.0
2018-01-29 10:11:29.231398,474.0,474.0,474.2,5455876.0
2018-01-29 10:11:30.829274,474.2,474.0,474.2,5458676.0
2018-01-29 10:11:32.271622,474.0,474.0,474.2,5457776.0
2018-01-29 10:11:33.526717,474.0,474.0,474.2,5457776.0
2018-01-29 10:11:34.799124,474.0,474.0,474.2,5457776.0
2018-01-29 10:11:36.113245,474.0,474.0,474.2,5457776.0
2018-01-29 10:11:37.493499,474.0,474.0,474.2,5457776.0
2018-01-29 10:11:39.163636,474.2,474.0,474.2,5458676.0
2018-01-29 10:11:40.269234,474.2,474.0,474.2,5458676.0
2018-01-29 10:11:41.396666,474.0,474.0,474.2,5464576.0
2018-01-29 10:11:42.537582,474.0,474.0,474.2,5464076.0
2018-01-29 10:11:43.860902,474.0,474.0,474.2,5464576.0
2018-01-29 10:11:45.136357,474.0,474.0,474.2,5464576.0
2018-01-29 10:11:46.579092,474.0,474.0,474.2,5464576.0
2018-01-29 10:11:47.810833,474.2,474.0,474.2,5465676.0
2018-01-29 10:11:49.380354,474.2,474.0,474.2,5468676.0
2018-01-29 10:11:50.859554,474.2,474.0,474.2,5465676.0
2018-01-29 10:11:52.758354,474.2,474.0,474.2,5473976.0
2018-01-29 10:11:54.302955,474.2,474.0,474.2,5473976.0
2018-01-29 10:11:55.458154,,,,
2018-01-29 10:11:56.867033,474.2,474.0,474.2,5473976.0
2018-01-29 10:11:58.011630,474.2,474.0,474.2,5473976.0
2018-01-29 10:11:59.333606,474.2,474.0,474.2,5473976.0
2018-01-29 10:12:00.751874,474.2,474.0,474.2,5473976.0
2018-01-29 10:12:02.391601,474.2,474.0,474.2,5473976.0
2018-01-29 10:12:03.767630,474.2,474.0,474.2,5473976.0
2018-01-29 10:12:05.367987,474.2,474.0,474.2,5473976.0
2018-01-29 10:12:07.189245,474.2,474.0,474.2,5473976.0
2018-01-29 10:12:08.694278,474.2,474.2,474.4,5493076.0
2018-01-29 10:12:10.626323,474.2,474.2,474.4,5493076.0
2018-01-29 10:12:11.933431,474.2,474.2,474.4,5493076.0
2018-01-29 10:12:13.944912,474.2,474.0,474.2,5501376.0
2018-01-29 10:12:15.655899,474.2,474.2,474.4,5506676.0
2018-01-29 10:12:17.477214,474.2,474.2,474.4,5506676.0
2018-01-29 10:12:19.114062,474.2,474.2,474.4,5506776.0
2018-01-29 10:12:20.457665,474.2,474.2,474.4,5506776.0
2018-01-29 10:12:22.096419,474.2,474.2,474.4,5506776.0
2018-01-29 10:12:23.304828,474.2,474.2,474.4,5506776.0
2018-01-29 10:12:24.641267,474.4,474.2,474.6,5518276.0
2018-01-29 10:12:26.201336,474.2,474.2,474.4,5519776.0
2018-01-29 10:12:27.564905,474.4,474.2,474.4,5518276.0
2018-01-29 10:12:29.017834,474.2,474.2,474.4,5526976.0
2018-01-29 10:12:31.044404,474.4,474.2,474.4,5521876.0
2018-01-29 10:12:32.433086,474.4,474.2,474.4,5521876.0
2018-01-29 10:12:34.129014,474.4,474.2,474.4,5521876.0
2018-01-29 10:12:35.400402,474.2,474.2,474.4,5526976.0
2018-01-29 10:12:37.279445,474.4,474.2,474.4,5521876.0
2018-01-29 10:12:38.789429,474.4,474.2,474.4,5527376.0
2018-01-29 10:12:39.921618,474.4,474.2,474.4,5527376.0
2018-01-29 10:12:41.802312,474.4,474.2,474.4,5527376.0
2018-01-29 10:12:42.998391,474.4,474.2,474.4,5528876.0
2018-01-29 10:12:44.186990,474.4,474.2,474.4,5528876.0
2018-01-29 10:12:45.471172,474.4,474.2,474.4,5528876.0
2018-01-29 10:12:46.880178,474.4,474.2,474.4,5528876.0
2018-01-29 10:12:48.651430,474.2,474.2,474.4,5530076.0
2018-01-29 10:12:50.229312,474.4,474.2,474.4,5535676.0
2018-01-29 10:12:51.673663,,,,
2018-01-29 10:12:52.917773,474.4,474.2,474.4,5535276.0
2018-01-29 10:12:54.550579,474.6,474.2,474.6,5539876.0
2018-01-29 10:12:55.570812,474.6,474.2,474.6,5539876.0
2018-01-29 10:12:56.916285,474.6,474.2,474.6,5539576.0
2018-01-29 10:12:58.684677,474.6,474.2,474.6,5539876.0
2018-01-29 10:13:00.544762,474.6,474.2,474.6,5539876.0
2018-01-29 10:13:02.387900,474.6,474.2,474.6,5539876.0
2018-01-29 10:13:03.859314,474.6,474.2,474.6,5540676.0
2018-01-29 10:13:05.460883,474.6,474.2,474.6,5540876.0
2018-01-29 10:13:07.250994,474.6,474.2,474.6,5540876.0
2018-01-29 10:13:09.214961,474.6,474.2,474.6,5540876.0
2018-01-29 10:13:10.957873,474.6,474.2,474.6,5540676.0
2018-01-29 10:13:12.250082,474.6,474.2,474.6,5540876.0
2018-01-29 10:13:13.523189,474.6,474.2,474.6,5540876.0
2018-01-29 10:13:14.892246,474.6,474.2,474.6,5540876.0
2018-01-29 10:13:16.334954,474.6,474.4,474.6,5540676.0
2018-01-29 10:13:17.642281,474.6,474.4,474.6,5544876.0
2018-01-29 10:13:19.563359,474.6,474.4,474.6,5544876.0
2018-01-29 10:13:21.067241,474.6,474.4,474.6,5544876.0
2018-01-29 10:13:22.251589,474.6,474.4,474.6,5544476.0
2018-01-29 10:13:23.508278,474.6,474.4,474.6,5544476.0
2018-01-29 10:13:24.704797,474.6,474.4,474.6,5544876.0
2018-01-29 10:13:26.761574,474.6,474.4,474.6,5544476.0
2018-01-29 10:13:27.871107,474.4,474.4,474.6,5550976.0
2018-01-29 10:13:29.400874,474.4,474.4,474.6,5550976.0
2018-01-29 10:13:30.804321,474.4,474.4,474.6,5549776.0
2018-01-29 10:13:32.465755,474.4,474.4,474.6,5550976.0
2018-01-29 10:13:34.446310,474.4,474.4,474.6,5550976.0
2018-01-29 10:13:35.877994,474.4,474.4,474.6,5550976.0
2018-01-29 10:13:37.169844,474.4,474.4,474.6,5550976.0
2018-01-29 10:13:38.557045,474.4,474.4,474.6,5549776.0
2018-01-29 10:13:39.837568,474.4,474.4,474.6,5550976.0
2018-01-29 10:13:41.321494,474.4,474.4,474.6,5550976.0
2018-01-29 10:13:43.039006,474.6,474.4,474.6,5555741.0
2018-01-29 10:13:44.095782,474.6,474.4,474.6,5552241.0
2018-01-29 10:13:45.593552,474.6,474.4,474.6,5555741.0
2018-01-29 10:13:46.666478,474.6,474.4,474.6,5555741.0
2018-01-29 10:13:47.981896,474.6,474.4,474.6,5555741.0
2018-01-29 10:13:49.045886,474.6,474.4,474.6,5555741.0
2018-01-29 10:13:50.915420,474.6,474.4,474.6,5555741.0
2018-01-29 10:13:52.047439,474.6,474.4,474.6,5555741.0
2018-01-29 10:13:53.561407,474.6,474.4,474.6,5558651.0
2018-01-29 10:13:55.229639,474.6,474.4,474.6,5558651.0
2018-01-29 10:13:56.843110,474.6,474.4,474.6,5558651.0
2018-01-29 10:13:59.008523,474.6,474.4,474.6,5558651.0
2018-01-29 10:14:00.637497,474.6,474.4,474.6,5558651.0
2018-01-29 10:14:01.780793,474.6,474.4,474.6,5558651.0
2018-01-29 10:14:03.347372,474.6,474.4,474.6,5558651.0
2018-01-29 10:14:04.814952,474.6,474.4,474.6,5558651.0
2018-01-29 10:14:06.497252,474.6,474.4,474.6,5558651.0
2018-01-29 10:14:08.107599,474.6,474.4,474.6,5558651.0
2018-01-29 10:14:09.486401,474.6,474.4,474.6,5558651.0
2018-01-29 10:14:10.815157,474.6,474.4,474.6,5558651.0
2018-01-29 10:14:12.418024,474.6,474.4,474.6,5558651.0
2018-01-29 10:14:14.256378,474.6,474.4,474.6,5558651.0
2018-01-29 10:14:16.103591,474.4,474.4,474.6,5560451.0
2018-01-29 10:14:17.652140,474.4,474.4,474.6,5560451.0
2018-01-29 10:14:19.341101,474.6,474.4,474.6,5565151.0
2018-01-29 10:14:21.153957,474.6,474.4,474.6,5565151.0
2018-01-29 10:14:22.672595,474.6,474.4,474.6,5565151.0
2018-01-29 10:14:24.303585,474.6,474.4,474.6,5565151.0
2018-01-29 10:14:25.702425,474.6,474.4,474.6,5565151.0
2018-01-29 10:14:27.307538,474.4,474.2,474.4,5568551.0
2018-01-29 10:14:28.466142,474.4,474.2,474.4,5568551.0
2018-01-29 10:14:29.933219,474.4,474.2,474.4,5568451.0
2018-01-29 10:14:31.525463,474.4,474.2,474.4,5568451.0
2018-01-29 10:14:33.033471,474.4,474.2,474.4,5568551.0
2018-01-29 10:14:34.973142,474.4,474.2,474.4,5568551.0
2018-01-29 10:14:36.245815,474.4,474.2,474.4,5568551.0
2018-01-29 10:14:37.521831,474.4,474.2,474.4,5568551.0
2018-01-29 10:14:39.035648,474.4,474.2,474.4,5568551.0
2018-01-29 10:14:40.502418,474.4,474.2,474.4,5570751.0
2018-01-29 10:14:42.492595,474.4,474.2,474.4,5570751.0
2018-01-29 10:14:43.776915,474.4,474.2,474.4,5570751.0
2018-01-29 10:14:45.132648,474.4,474.2,474.4,5570751.0
2018-01-29 10:14:46.631205,474.4,474.2,474.4,5570751.0
2018-01-29 10:14:47.814843,474.4,474.2,474.4,5570751.0
2018-01-29 10:14:49.041437,474.4,474.2,474.4,5570751.0
2018-01-29 10:14:50.754336,474.4,474.2,474.4,5570751.0
2018-01-29 10:14:52.219544,474.4,474.2,474.4,5573751.0
2018-01-29 10:14:53.799836,474.4,474.2,474.4,5573751.0
2018-01-29 10:14:55.271022,474.4,474.2,474.4,5573751.0
2018-01-29 10:14:57.087566,474.4,474.2,474.4,5573751.0
2018-01-29 10:14:58.667794,474.4,474.2,474.4,5573751.0
2018-01-29 10:14:59.935094,474.4,474.2,474.4,5573751.0
2018-01-29 10:15:01.241822,474.4,474.2,474.4,5573751.0
2018-01-29 10:15:02.324528,474.4,474.2,474.4,5587851.0
2018-01-29 10:15:03.609183,474.4,474.2,474.6,5587551.0
2018-01-29 10:15:04.885460,474.4,474.2,474.6,5587551.0
2018-01-29 10:15:06.287642,474.4,474.2,474.6,5587851.0
2018-01-29 10:15:07.482950,474.4,474.2,474.6,5587551.0
2018-01-29 10:15:09.245886,474.4,474.2,474.6,5587851.0
2018-01-29 10:15:10.650038,474.4,474.2,474.6,5587551.0
2018-01-29 10:15:11.767207,474.4,474.2,474.6,5587551.0
2018-01-29 10:15:12.924131,474.4,474.4,474.6,5601051.0
2018-01-29 10:15:14.172100,474.6,474.4,474.6,5603151.0
2018-01-29 10:15:15.636695,474.6,474.4,474.6,5603151.0
2018-01-29 10:15:17.144869,474.4,474.4,474.6,5605151.0
2018-01-29 10:15:18.548049,474.6,474.4,474.6,5603151.0
2018-01-29 10:15:19.515823,474.4,474.4,474.6,5611251.0
2018-01-29 10:15:20.803094,474.4,474.4,474.6,5611251.0
2018-01-29 10:15:22.155896,474.4,474.4,474.6,5611251.0
2018-01-29 10:15:23.863484,474.4,474.4,474.8,5611251.0
2018-01-29 10:15:25.327813,474.6,474.4,474.6,5613451.0
2018-01-29 10:15:26.516213,474.6,474.4,474.8,5613451.0
2018-01-29 10:15:27.971221,474.6,474.2,474.8,5613451.0
2018-01-29 10:15:30.594031,474.6,474.4,474.8,5613451.0
2018-01-29 10:15:31.889748,474.4,474.2,474.4,5615351.0
2018-01-29 10:15:32.937262,474.4,474.2,474.6,5615351.0
2018-01-29 10:15:34.088532,474.2,474.2,474.4,5615451.0
2018-01-29 10:15:35.317230,474.2,474.2,474.6,5615451.0
2018-01-29 10:15:36.516523,474.4,474.2,474.6,5615351.0
2018-01-29 10:15:37.610328,474.4,474.2,474.4,5615351.0
2018-01-29 10:15:38.656705,474.4,474.2,474.4,5615351.0
2018-01-29 10:15:39.902287,474.2,474.2,474.6,5615451.0
2018-01-29 10:15:41.124884,474.2,474.2,474.6,5615451.0
2018-01-29 10:15:42.848674,474.4,474.2,474.6,5617451.0
2018-01-29 10:15:43.878293,474.4,474.2,474.6,5617451.0
2018-01-29 10:15:45.136528,474.6,474.4,474.6,5618051.0
2018-01-29 10:15:47.141643,474.4,474.4,474.6,5617451.0
2018-01-29 10:15:48.196254,474.6,474.4,474.6,5618051.0
2018-01-29 10:15:49.427294,474.4,474.4,474.6,5617451.0
2018-01-29 10:15:50.402339,474.4,474.4,474.6,5617451.0
2018-01-29 10:15:51.546235,474.6,474.4,474.6,5619551.0
2018-01-29 10:15:53.484878,474.6,474.4,474.6,5619551.0
2018-01-29 10:15:54.646787,474.6,474.4,474.6,5619551.0
2018-01-29 10:15:56.170291,474.4,474.4,474.6,5619951.0
2018-01-29 10:15:57.603639,474.4,474.4,474.6,5619951.0
2018-01-29 10:15:58.637954,474.6,474.4,474.6,5619551.0
2018-01-29 10:15:59.906390,474.6,474.4,474.6,5619551.0
2018-01-29 10:16:01.077355,474.8,474.4,474.8,5623851.0
2018-01-29 10:16:02.607161,474.8,474.6,474.8,5653751.0
2018-01-29 10:16:04.077846,474.6,474.6,474.8,5656751.0
2018-01-29 10:16:05.404977,474.8,474.4,474.6,5653751.0
2018-01-29 10:16:06.427848,474.8,474.6,474.8,5653751.0
2018-01-29 10:16:07.532553,474.8,474.6,474.8,5653751.0
2018-01-29 10:16:09.126839,474.6,474.4,474.6,5656751.0
2018-01-29 10:16:10.632702,474.4,474.4,474.6,5657451.0
2018-01-29 10:16:12.045952,474.4,474.4,474.6,5657451.0
2018-01-29 10:16:13.277707,474.4,474.4,474.6,5657451.0
2018-01-29 10:16:14.981071,474.4,474.4,474.6,5657451.0
2018-01-29 10:16:16.149978,474.8,474.4,474.8,5669051.0
2018-01-29 10:16:17.145354,474.8,474.4,474.8,5669051.0
2018-01-29 10:16:19.375780,474.6,474.4,474.6,5664251.0
2018-01-29 10:16:20.787041,474.8,474.4,474.8,5669051.0
2018-01-29 10:16:22.310356,474.8,474.4,474.8,5669051.0
2018-01-29 10:16:23.801525,474.6,474.4,474.6,5664251.0
2018-01-29 10:16:25.084431,474.8,474.4,474.8,5669051.0
2018-01-29 10:16:26.287283,474.8,474.4,474.6,5669051.0
2018-01-29 10:16:27.725938,474.8,474.4,474.8,5669051.0
2018-01-29 10:16:28.842677,474.8,474.4,474.8,5669051.0
2018-01-29 10:16:30.129846,474.8,474.4,474.8,5671551.0
2018-01-29 10:16:31.206178,474.8,474.4,474.6,5671551.0
2018-01-29 10:16:32.719720,474.8,474.4,474.8,5671551.0
2018-01-29 10:16:33.998129,474.6,474.4,474.6,5672151.0
2018-01-29 10:16:35.166760,474.6,474.4,474.6,5672151.0
2018-01-29 10:16:36.256055,474.6,474.4,474.6,5672151.0
2018-01-29 10:16:37.631163,474.6,474.4,474.8,5672151.0
2018-01-29 10:16:38.884288,474.6,474.4,474.6,5672151.0
2018-01-29 10:16:40.121692,474.6,474.4,474.6,5673751.0
2018-01-29 10:16:41.623408,474.6,474.4,474.6,5674051.0
2018-01-29 10:16:43.071424,474.6,474.4,474.6,5674051.0
2018-01-29 10:16:44.693830,474.6,474.4,474.6,5674051.0
2018-01-29 10:16:45.683429,474.6,474.4,474.6,5673751.0
2018-01-29 10:16:47.641772,474.6,474.4,474.6,5674051.0
2018-01-29 10:16:48.919921,474.6,474.4,474.6,5674051.0
2018-01-29 10:16:50.423024,474.6,474.4,474.6,5677051.0
2018-01-29 10:16:52.149580,474.6,474.4,474.6,5677051.0
2018-01-29 10:16:53.526993,474.6,474.4,474.6,5677051.0
2018-01-29 10:16:55.218321,474.6,474.4,474.6,5677051.0
2018-01-29 10:16:57.044029,474.6,474.4,474.6,5675251.0
2018-01-29 10:16:58.739428,474.6,474.4,474.6,5681151.0
2018-01-29 10:17:00.566765,474.6,474.4,474.6,5681151.0
2018-01-29 10:17:02.063682,474.6,474.4,474.6,5681151.0
2018-01-29 10:17:03.609341,474.6,474.4,474.6,5681151.0
2018-01-29 10:17:04.693596,474.6,474.4,474.6,5681151.0
2018-01-29 10:17:05.886217,474.6,474.4,474.6,5681151.0
2018-01-29 10:17:07.366916,474.6,474.4,474.6,5680851.0
2018-01-29 10:17:08.646380,474.6,474.4,474.6,5680851.0
2018-01-29 10:17:10.284382,474.6,474.4,474.6,5680851.0
2018-01-29 10:17:11.758331,474.6,474.4,474.6,5680851.0
2018-01-29 10:17:13.206592,474.6,474.4,474.6,5681151.0
2018-01-29 10:17:14.445378,474.6,474.4,474.6,5680851.0
2018-01-29 10:17:15.969895,474.6,474.4,474.6,5681151.0
2018-01-29 10:17:17.020384,474.6,474.4,474.6,5681151.0
2018-01-29 10:17:18.855569,474.6,474.6,474.8,5684951.0
2018-01-29 10:17:20.299612,474.8,474.6,474.8,5685151.0
2018-01-29 10:17:21.959626,474.6,474.6,474.8,5684951.0
2018-01-29 10:17:23.123253,474.8,474.6,474.8,5685151.0
2018-01-29 10:17:24.706436,474.8,474.6,474.8,5685151.0
2018-01-29 10:17:25.880667,474.8,474.6,474.8,5685151.0
2018-01-29 10:17:27.337703,474.6,474.6,474.8,5686551.0
2018-01-29 10:17:29.411924,474.8,474.6,474.8,5685151.0
2018-01-29 10:17:30.686276,474.8,474.6,474.8,5685151.0
2018-01-29 10:17:31.714703,474.8,474.6,474.8,5685151.0
2018-01-29 10:17:33.426540,474.8,474.6,474.8,5685151.0
2018-01-29 10:17:34.479696,474.8,474.6,474.8,5685151.0
2018-01-29 10:17:35.723221,474.6,474.6,474.8,5686551.0
2018-01-29 10:17:37.712188,474.6,474.6,474.8,5686551.0
2018-01-29 10:17:38.881967,474.6,474.6,474.8,5686851.0
2018-01-29 10:17:40.295717,474.6,474.6,474.8,5686551.0
2018-01-29 10:17:41.625963,474.6,474.6,474.8,5686851.0
2018-01-29 10:17:43.423213,474.6,474.6,474.8,5686551.0
2018-01-29 10:17:44.628855,474.6,474.6,474.8,5686851.0
2018-01-29 10:17:46.652423,474.6,474.6,474.8,5686551.0
2018-01-29 10:17:48.212251,474.8,474.6,474.8,5687751.0
2018-01-29 10:17:50.035381,474.6,474.6,474.8,5686851.0
2018-01-29 10:17:51.125410,474.6,474.6,474.8,5686851.0
2018-01-29 10:17:52.280556,474.8,474.6,474.8,5687751.0
2018-01-29 10:17:53.753435,474.6,474.6,474.8,5686851.0
2018-01-29 10:17:54.826074,474.6,474.6,474.8,5700351.0
2018-01-29 10:17:55.991513,474.6,474.6,474.8,5700451.0
2018-01-29 10:17:57.493522,474.6,474.6,474.8,5700351.0
2018-01-29 10:17:59.499145,474.6,474.6,474.8,5700451.0
2018-01-29 10:18:00.759144,474.4,474.4,474.6,5704551.0
2018-01-29 10:18:02.326687,474.4,474.4,474.6,5704551.0
2018-01-29 10:18:03.667483,474.4,474.4,474.6,5704551.0
2018-01-29 10:18:04.663333,474.4,474.4,474.6,5704551.0
2018-01-29 10:18:06.021518,474.4,474.4,474.6,5704551.0
2018-01-29 10:18:07.819786,474.4,474.4,474.6,5706251.0
2018-01-29 10:18:09.097100,474.4,474.4,474.6,5706251.0
2018-01-29 10:18:10.347805,474.4,474.4,474.6,5706251.0
2018-01-29 10:18:11.825116,474.6,474.4,474.6,5712351.0
2018-01-29 10:18:13.343102,474.6,474.4,474.6,5713451.0
2018-01-29 10:18:15.245169,474.6,474.4,474.6,5714351.0
2018-01-29 10:18:16.843194,474.6,474.4,474.6,5714351.0
2018-01-29 10:18:17.971338,474.6,474.4,474.6,5714351.0
2018-01-29 10:18:19.055884,474.6,474.4,474.6,5713451.0
2018-01-29 10:18:20.405703,474.6,474.4,474.6,5714351.0
2018-01-29 10:18:21.776528,474.6,474.4,474.6,5714351.0
2018-01-29 10:18:23.175248,474.6,474.4,474.6,5713451.0
2018-01-29 10:18:24.627824,474.6,474.6,474.8,5716451.0
2018-01-29 10:18:25.942336,474.6,474.6,474.8,5716451.0
2018-01-29 10:18:26.986020,474.6,474.6,474.8,5717851.0
2018-01-29 10:18:28.242271,474.6,474.6,474.8,5717851.0
2018-01-29 10:18:29.675957,474.6,474.6,474.8,5716451.0
2018-01-29 10:18:31.259858,474.6,474.6,474.8,5717851.0
2018-01-29 10:18:33.120994,474.6,474.6,474.8,5716451.0
2018-01-29 10:18:34.600714,474.6,474.6,474.8,5716451.0
2018-01-29 10:18:36.237043,474.6,474.6,474.8,5716451.0
2018-01-29 10:18:37.710336,474.6,474.4,474.6,5717851.0
2018-01-29 10:18:38.861040,474.4,474.4,474.6,5719531.0
2018-01-29 10:18:40.031246,474.4,474.4,474.6,5719531.0
2018-01-29 10:18:41.538386,474.4,474.2,474.6,5727031.0
2018-01-29 10:18:42.968689,474.6,474.2,474.6,5730431.0
2018-01-29 10:18:44.325941,474.6,474.2,474.6,5730431.0
2018-01-29 10:18:45.356521,474.6,474.2,474.6,5730431.0
2018-01-29 10:18:46.588184,474.6,474.2,474.6,5734131.0
2018-01-29 10:18:47.897098,474.6,474.2,474.6,5734131.0
2018-01-29 10:18:48.814897,474.6,474.2,474.6,5734231.0
2018-01-29 10:18:50.194051,474.8,474.2,474.6,5740731.0
2018-01-29 10:18:51.553128,474.8,474.6,474.8,5740731.0
2018-01-29 10:18:52.732428,474.8,474.6,474.8,5740731.0
2018-01-29 10:18:53.982664,474.8,474.6,474.8,5740731.0
2018-01-29 10:18:55.416836,474.8,474.6,474.8,5740731.0
2018-01-29 10:18:56.594020,474.6,474.6,474.8,5747831.0
2018-01-29 10:18:57.999165,474.6,474.6,474.8,5747931.0
2018-01-29 10:18:59.228440,474.6,474.6,474.8,5747931.0
2018-01-29 10:19:00.691816,474.6,474.6,474.8,5747931.0
2018-01-29 10:19:01.838592,474.6,474.6,474.8,5747931.0
2018-01-29 10:19:03.774828,474.6,474.6,474.8,5747931.0
2018-01-29 10:19:05.027404,474.6,474.6,474.8,5747931.0
2018-01-29 10:19:06.843942,474.6,474.6,474.8,5747931.0
2018-01-29 10:19:08.684632,474.6,474.6,474.8,5747931.0
2018-01-29 10:19:10.547547,474.8,474.6,474.8,5749631.0
2018-01-29 10:19:12.003543,474.8,474.6,474.8,5749631.0
2018-01-29 10:19:13.794978,474.8,474.6,474.8,5749631.0
2018-01-29 10:19:14.941390,474.6,474.4,474.6,5755131.0
2018-01-29 10:19:16.171968,474.6,474.4,474.6,5755131.0
2018-01-29 10:19:17.612485,474.6,474.4,474.6,5755131.0
2018-01-29 10:19:19.110400,474.6,474.4,474.6,5755131.0
2018-01-29 10:19:20.679744,474.6,474.4,474.6,5755131.0
2018-01-29 10:19:22.093567,474.6,474.4,474.6,5755131.0
2018-01-29 10:19:23.213309,474.6,474.4,474.6,5755131.0
2018-01-29 10:19:24.463084,474.6,474.4,474.6,5755131.0
2018-01-29 10:19:25.669637,474.6,474.4,474.6,5755131.0
2018-01-29 10:19:27.704922,474.6,474.6,474.8,5755131.0
2018-01-29 10:19:29.272599,474.8,474.6,474.8,5757731.0
2018-01-29 10:19:30.811344,474.8,474.6,474.8,5757731.0
2018-01-29 10:19:32.082041,474.8,474.6,474.8,5757731.0
2018-01-29 10:19:34.659286,474.6,474.6,474.8,5757431.0
2018-01-29 10:19:36.358892,474.8,474.6,474.8,5757731.0
2018-01-29 10:19:37.557875,474.8,474.6,474.8,5757731.0
2018-01-29 10:19:39.366933,474.6,474.6,474.8,5761631.0
2018-01-29 10:19:40.699103,474.6,474.6,474.8,5761531.0
2018-01-29 10:19:41.809605,474.6,474.6,474.8,5761631.0
2018-01-29 10:19:42.896648,474.6,474.6,474.8,5761631.0
2018-01-29 10:19:44.264753,474.6,474.6,474.8,5761631.0
2018-01-29 10:19:45.549046,474.6,474.6,474.8,5761531.0
2018-01-29 10:19:46.797058,474.6,474.6,474.8,5763326.0
2018-01-29 10:19:48.102017,474.6,474.6,474.8,5761631.0
2018-01-29 10:19:49.505125,474.6,474.4,474.6,5761631.0
2018-01-29 10:19:51.015498,474.6,474.6,474.8,5761631.0
2018-01-29 10:19:52.711506,474.6,474.6,474.8,5761631.0
2018-01-29 10:19:54.556747,474.6,474.6,474.8,5763326.0
2018-01-29 10:19:56.079717,474.6,474.4,474.6,5765026.0
2018-01-29 10:19:57.720594,474.6,474.4,474.6,5764726.0
2018-01-29 10:19:58.942106,474.6,474.4,474.6,5765026.0
2018-01-29 10:20:00.605824,474.6,474.4,474.6,5764726.0
2018-01-29 10:20:02.007792,474.6,474.4,474.6,5764726.0
2018-01-29 10:20:03.563291,474.6,474.4,474.6,5764726.0
2018-01-29 10:20:04.684005,474.6,474.4,474.6,5764726.0
2018-01-29 10:20:05.937956,474.6,474.4,474.6,5764726.0
2018-01-29 10:20:07.555090,474.6,474.4,474.6,5765026.0
2018-01-29 10:20:09.359427,474.6,474.4,474.6,5768026.0
2018-01-29 10:20:10.331194,474.6,474.4,474.6,5768026.0
2018-01-29 10:20:11.467704,474.6,474.4,474.6,5768026.0
2018-01-29 10:20:12.553305,474.6,474.4,474.6,5768026.0
2018-01-29 10:20:13.924097,474.6,474.4,474.6,5768026.0
2018-01-29 10:20:15.829355,474.4,474.2,474.4,5774976.0
2018-01-29 10:20:17.341392,474.4,474.2,474.4,5774976.0
2018-01-29 10:20:18.505182,474.4,474.2,474.4,5774976.0
2018-01-29 10:20:20.103949,474.4,474.2,474.4,5774976.0
2018-01-29 10:20:21.967367,474.4,474.2,474.4,5774976.0
2018-01-29 10:20:23.922450,474.4,474.2,474.4,5774976.0
2018-01-29 10:20:25.499835,474.4,474.2,474.4,5774976.0
2018-01-29 10:20:26.802334,474.4,474.2,474.4,5774976.0
2018-01-29 10:20:28.132870,474.4,474.2,474.4,5776976.0
2018-01-29 10:20:29.927305,474.4,474.2,474.4,5776976.0
2018-01-29 10:20:30.918055,474.4,474.2,474.4,5780176.0
2018-01-29 10:20:32.819059,474.4,474.2,474.4,5780176.0
2018-01-29 10:20:33.932500,474.4,474.2,474.4,5780176.0
2018-01-29 10:20:35.220905,474.0,474.2,474.4,5827476.0
2018-01-29 10:20:36.456128,474.0,474.2,474.4,5827276.0
2018-01-29 10:20:37.675247,474.0,474.2,474.4,5827276.0
2018-01-29 10:20:38.889044,474.0,474.0,474.4,5827476.0
2018-01-29 10:20:40.836833,474.4,474.0,474.4,5836976.0
2018-01-29 10:20:45.260887,474.4,474.0,474.4,5836976.0
2018-01-29 10:20:46.310466,474.4,474.0,474.4,5836976.0
2018-01-29 10:20:47.922083,474.4,474.0,474.4,5836976.0
2018-01-29 10:20:49.258836,474.4,474.0,474.4,5836976.0
2018-01-29 10:20:50.817221,474.4,474.2,474.4,5836976.0
2018-01-29 10:20:52.295263,474.4,474.2,474.4,5840376.0
2018-01-29 10:20:53.340324,474.4,474.2,474.4,5840376.0
2018-01-29 10:20:55.241003,474.4,474.0,474.4,5842976.0
2018-01-29 10:20:56.992314,474.4,474.0,474.4,5842976.0
2018-01-29 10:20:58.289806,474.4,474.0,474.4,5842976.0
2018-01-29 10:20:59.733951,474.4,474.0,474.4,5842976.0
2018-01-29 10:21:01.475408,474.4,474.0,474.4,5842976.0
2018-01-29 10:21:03.230923,474.4,474.0,474.4,5842976.0
2018-01-29 10:21:04.676650,474.2,474.0,474.2,5843976.0
2018-01-29 10:21:06.131940,474.2,474.0,474.2,5843976.0
2018-01-29 10:21:07.594522,474.2,474.0,474.2,5843976.0
2018-01-29 10:21:08.918758,474.2,474.0,474.2,5846176.0
2018-01-29 10:21:10.726539,474.2,474.0,474.2,5846176.0
2018-01-29 10:21:11.883341,474.2,474.0,474.2,5846176.0
2018-01-29 10:21:13.361119,474.2,474.0,474.2,5846176.0
2018-01-29 10:21:15.091940,474.2,474.0,474.2,5846176.0
2018-01-29 10:21:16.264104,474.2,474.0,474.2,5847976.0
2018-01-29 10:21:17.529715,474.2,474.0,474.2,5847976.0
2018-01-29 10:21:19.205467,474.2,474.0,474.2,5848776.0
2018-01-29 10:21:20.483581,474.2,474.0,474.2,5848776.0
2018-01-29 10:21:21.735095,474.2,474.0,474.2,5848776.0
2018-01-29 10:21:23.536319,474.2,474.0,474.2,5848776.0
2018-01-29 10:21:25.070032,474.2,474.0,474.2,5848776.0
2018-01-29 10:21:26.117700,474.2,474.0,474.2,5848776.0
2018-01-29 10:21:27.329718,474.2,474.0,474.2,5848776.0
2018-01-29 10:21:29.047339,474.2,474.0,474.2,5848776.0
2018-01-29 10:21:30.302527,474.2,474.0,474.2,5848776.0
2018-01-29 10:21:31.593028,474.2,474.0,474.2,5848776.0
2018-01-29 10:21:32.885393,474.2,474.0,474.2,5848776.0
2018-01-29 10:21:34.114295,474.2,474.0,474.2,5848776.0
2018-01-29 10:21:35.306459,474.2,474.0,474.2,5848776.0
2018-01-29 10:21:36.778100,474.2,474.0,474.2,5848776.0
2018-01-29 10:21:38.203074,474.2,474.0,474.2,5848776.0
2018-01-29 10:21:39.547626,474.2,474.0,474.2,5848776.0
2018-01-29 10:21:41.645299,474.2,474.0,474.2,5850376.0
2018-01-29 10:21:42.855730,474.2,474.0,474.2,5850376.0
2018-01-29 10:21:44.586545,474.2,474.0,474.2,5850376.0
2018-01-29 10:21:46.249038,474.2,474.0,474.2,5850376.0
2018-01-29 10:21:47.853068,474.2,474.0,474.2,5850376.0
2018-01-29 10:21:49.903097,474.2,474.0,474.2,5850376.0
2018-01-29 10:21:51.465705,474.2,474.0,474.2,5850376.0
2018-01-29 10:21:52.591504,474.2,474.0,474.2,5850376.0
2018-01-29 10:21:54.283623,474.2,474.0,474.2,5850376.0
2018-01-29 10:21:55.561955,474.2,474.0,474.2,5850376.0
2018-01-29 10:21:57.199170,474.2,474.0,474.2,5850376.0
2018-01-29 10:21:59.045929,474.2,474.0,474.2,5850376.0
2018-01-29 10:22:00.096444,474.2,474.0,474.2,5850376.0
2018-01-29 10:22:01.516418,474.2,474.0,474.2,5850376.0
2018-01-29 10:22:02.861498,474.2,474.0,474.2,5850376.0
2018-01-29 10:22:04.339079,474.2,474.0,474.2,5850376.0
2018-01-29 10:22:05.558784,474.2,474.0,474.2,5850376.0
2018-01-29 10:22:06.945324,474.2,474.0,474.2,5850376.0
2018-01-29 10:22:07.946747,474.2,474.0,474.2,5850376.0
2018-01-29 10:22:09.805626,474.2,474.0,474.2,5850376.0
2018-01-29 10:22:10.975380,474.2,474.0,474.2,5852076.0
2018-01-29 10:22:12.194596,474.2,474.0,474.2,5852076.0
2018-01-29 10:22:14.229431,474.0,474.0,474.2,5852176.0
2018-01-29 10:22:15.746425,474.2,474.0,474.2,5852076.0
2018-01-29 10:22:17.023968,474.2,474.0,474.2,5852076.0
2018-01-29 10:22:19.959927,474.2,474.0,474.2,5852076.0
2018-01-29 10:22:22.234787,474.2,474.0,474.2,5852076.0
2018-01-29 10:22:24.239840,474.2,474.0,474.2,5853976.0
2018-01-29 10:22:26.870601,474.0,474.0,474.2,5853776.0
2018-01-29 10:22:29.715944,474.0,474.0,474.2,5853776.0
2018-01-29 10:22:31.737191,474.2,474.0,474.4,5860176.0
2018-01-29 10:22:34.387051,474.2,474.0,474.2,5860176.0
2018-01-29 10:22:36.422783,474.2,474.2,474.4,5861876.0
2018-01-29 10:22:38.258025,474.4,474.2,474.4,5861976.0
2018-01-29 10:22:40.076558,474.2,474.2,474.4,5861876.0
2018-01-29 10:22:41.900131,474.4,474.2,474.4,5861976.0
2018-01-29 10:22:43.931584,474.2,474.2,474.4,5861876.0
2018-01-29 10:22:46.090486,474.2,474.2,474.4,5861876.0
2018-01-29 10:22:47.814503,474.4,474.2,474.4,5861976.0
2018-01-29 10:22:49.594063,474.4,474.2,474.4,5861976.0
2018-01-29 10:22:51.273828,474.2,474.0,474.4,5865376.0
2018-01-29 10:22:53.023305,474.2,474.0,474.4,5866676.0
2018-01-29 10:22:54.685663,474.2,474.0,474.4,5866676.0
2018-01-29 10:22:56.370785,474.2,474.0,474.4,5866676.0
2018-01-29 10:22:58.123079,474.2,474.0,474.4,5866676.0
2018-01-29 10:23:00.059835,474.6,474.6,474.8,5881576.0
2018-01-29 10:23:01.973284,474.6,474.6,474.8,5894376.0
2018-01-29 10:23:03.611716,474.6,474.6,474.8,5899176.0
2018-01-29 10:23:05.413918,474.6,474.6,474.8,5899176.0
2018-01-29 10:23:07.250815,474.6,474.6,474.8,5899176.0
2018-01-29 10:23:08.504154,474.6,474.6,474.8,5894376.0
2018-01-29 10:23:09.944403,474.6,474.6,474.8,5899176.0
2018-01-29 10:23:11.113876,474.6,474.6,474.8,5899176.0
2018-01-29 10:23:12.407076,474.6,474.6,474.8,5899176.0
2018-01-29 10:23:13.896507,474.6,474.6,474.8,5899176.0
2018-01-29 10:23:15.118739,474.6,474.6,474.8,5899176.0
2018-01-29 10:23:16.340781,474.6,474.6,474.8,5899176.0
2018-01-29 10:23:17.262246,474.6,474.6,474.8,5899176.0
2018-01-29 10:23:18.217688,474.6,474.6,474.8,5899176.0
2018-01-29 10:23:19.412838,474.6,474.6,474.8,5899176.0
2018-01-29 10:23:20.439916,474.6,474.6,474.8,5900776.0
2018-01-29 10:23:21.553559,474.6,474.6,474.8,5900776.0
2018-01-29 10:23:22.494574,474.6,474.4,474.6,5903076.0
2018-01-29 10:23:23.916139,474.6,474.4,474.6,5905476.0
2018-01-29 10:23:25.078622,474.6,474.4,474.6,5905476.0
2018-01-29 10:23:26.167715,474.6,474.4,474.6,5905476.0
2018-01-29 10:23:27.446891,474.6,474.4,474.6,5905476.0
2018-01-29 10:23:28.352281,474.6,474.4,474.6,5903076.0
2018-01-29 10:23:29.566054,474.6,474.4,474.6,5903076.0
2018-01-29 10:23:30.608689,474.6,474.4,474.6,5905476.0
2018-01-29 10:23:31.707061,474.6,474.4,474.6,5903076.0
2018-01-29 10:23:32.931022,474.4,474.2,474.6,5913576.0
2018-01-29 10:23:34.157844,474.4,474.2,474.6,5913576.0
2018-01-29 10:23:35.098469,474.4,474.2,474.6,5913576.0
2018-01-29 10:23:35.998774,474.4,474.2,474.6,5913976.0
2018-01-29 10:23:37.306933,474.4,474.2,474.6,5913576.0
2018-01-29 10:23:38.151022,474.4,474.2,474.6,5913576.0
2018-01-29 10:23:39.094165,474.4,474.2,474.6,5913576.0
2018-01-29 10:23:40.141056,474.4,474.2,474.6,5913576.0
2018-01-29 10:23:41.024008,474.6,474.2,474.6,5917876.0
2018-01-29 10:23:42.165478,474.6,474.2,474.6,5917876.0
2018-01-29 10:23:43.119529,474.6,474.2,474.6,5917876.0
2018-01-29 10:23:44.299615,474.6,474.2,474.6,5917876.0
2018-01-29 10:23:45.495305,474.6,474.2,474.6,5917876.0
2018-01-29 10:23:46.761941,474.4,474.4,474.6,5918976.0
2018-01-29 10:23:47.984582,474.4,474.4,474.6,5918976.0
2018-01-29 10:23:49.069881,474.4,474.4,474.6,5918976.0
2018-01-29 10:23:49.968838,474.4,474.4,474.6,5918976.0
2018-01-29 10:23:50.869814,474.4,474.4,474.6,5918976.0
2018-01-29 10:23:52.326963,474.4,474.4,474.6,5918976.0
2018-01-29 10:23:53.303130,474.4,474.4,474.6,5918976.0
2018-01-29 10:23:54.459079,474.4,474.4,474.6,5918976.0
2018-01-29 10:23:55.721430,474.4,474.4,474.6,5918976.0
2018-01-29 10:23:56.684058,474.4,474.4,474.6,5918976.0
2018-01-29 10:23:57.537231,474.4,474.4,474.6,5920776.0
2018-01-29 10:23:58.713057,474.4,474.4,474.6,5920776.0
2018-01-29 10:23:59.662074,474.4,474.4,474.6,5920776.0
2018-01-29 10:24:00.935892,474.4,474.4,474.6,5920876.0
2018-01-29 10:24:02.183763,474.4,474.4,474.6,5920876.0
2018-01-29 10:24:03.369201,474.4,474.4,474.6,5920876.0
2018-01-29 10:24:04.302622,474.4,474.4,474.6,5920876.0
2018-01-29 10:24:05.143333,474.4,474.4,474.6,5920876.0
2018-01-29 10:24:05.992895,474.4,474.4,474.6,5920876.0
2018-01-29 10:24:07.389690,474.4,474.4,474.6,5920776.0
2018-01-29 10:24:08.562385,474.4,474.4,474.6,5920876.0
2018-01-29 10:24:09.642585,474.4,474.4,474.6,5920876.0
2018-01-29 10:24:11.066131,474.4,474.4,474.6,5920876.0
2018-01-29 10:24:12.179617,474.4,474.4,474.6,5920876.0
2018-01-29 10:24:13.545874,474.4,474.4,474.6,5920776.0
2018-01-29 10:24:14.737583,474.4,474.4,474.6,5922676.0
2018-01-29 10:24:16.002616,474.4,474.4,474.6,5922876.0
2018-01-29 10:24:17.187449,474.4,474.2,474.6,5924476.0
2018-01-29 10:24:18.155708,474.4,474.2,474.6,5924376.0
2018-01-29 10:24:19.345110,474.4,474.2,474.4,5924476.0
2018-01-29 10:24:20.160549,474.4,474.2,474.6,5924476.0
2018-01-29 10:24:21.524237,474.4,474.2,474.4,5924476.0
2018-01-29 10:24:22.774629,474.4,474.2,474.6,5924376.0
2018-01-29 10:24:23.699846,474.4,474.2,474.6,5924476.0
2018-01-29 10:24:24.853404,474.8,474.6,475.0,5979576.0
2018-01-29 10:24:25.773918,474.8,474.6,475.0,5979576.0
2018-01-29 10:24:26.864251,474.8,474.6,475.0,5980176.0
2018-01-29 10:24:27.922413,474.8,474.6,475.0,5980176.0
2018-01-29 10:24:28.852976,474.8,474.6,475.0,5980176.0
2018-01-29 10:24:29.820358,474.8,474.6,475.0,5980176.0
2018-01-29 10:24:31.073064,474.8,474.8,475.0,5980176.0
2018-01-29 10:24:32.263359,475.0,474.8,475.0,5984544.0
2018-01-29 10:24:33.399643,475.0,474.8,475.0,5984544.0
2018-01-29 10:24:34.378777,475.0,474.6,475.0,5998344.0
2018-01-29 10:24:35.331224,475.0,474.6,475.0,5998344.0
2018-01-29 10:24:36.533174,475.0,474.6,475.0,6000044.0
2018-01-29 10:24:37.767662,475.0,474.6,475.0,6000044.0
2018-01-29 10:24:38.988310,475.0,474.6,475.0,6000044.0
2018-01-29 10:24:39.991531,475.0,474.6,475.0,6000044.0
2018-01-29 10:24:41.183156,475.0,474.6,475.0,6000044.0
2018-01-29 10:24:42.674083,475.0,474.6,475.0,6000044.0
2018-01-29 10:24:43.904350,475.0,474.6,475.0,6000044.0
2018-01-29 10:24:44.818122,475.0,474.6,475.0,6000044.0
2018-01-29 10:24:45.740198,475.0,474.6,475.0,6000044.0
2018-01-29 10:24:47.021299,475.0,474.6,475.0,6000044.0
2018-01-29 10:24:48.230556,475.0,474.6,475.0,6000044.0
2018-01-29 10:24:49.455371,475.0,474.6,475.0,6000044.0
2018-01-29 10:24:50.661682,475.0,474.6,475.0,6000044.0
2018-01-29 10:24:51.574943,475.0,474.6,475.0,6000044.0
2018-01-29 10:24:52.503061,475.0,474.6,475.0,6000044.0
2018-01-29 10:24:53.722867,475.0,474.6,475.0,6000044.0
2018-01-29 10:24:55.154716,475.0,474.6,475.0,6000044.0
2018-01-29 10:24:56.543839,475.0,474.6,475.0,6000044.0
2018-01-29 10:24:57.463740,475.0,474.6,475.0,6000044.0
2018-01-29 10:24:58.652378,475.0,474.6,475.0,6000044.0
2018-01-29 10:24:59.563269,475.0,474.6,475.0,6000044.0
2018-01-29 10:25:00.848752,475.0,474.6,475.0,6003044.0
2018-01-29 10:25:02.216157,475.0,474.6,475.0,6003044.0
2018-01-29 10:25:04.182782,475.0,474.6,475.0,6003044.0
2018-01-29 10:25:05.051577,475.0,474.6,475.0,6003044.0
2018-01-29 10:25:06.111366,475.0,474.6,475.0,6003044.0
2018-01-29 10:25:07.129587,475.0,474.6,475.0,6003044.0
2018-01-29 10:25:08.222737,475.0,474.6,475.0,6003044.0
2018-01-29 10:25:09.066689,475.0,474.6,475.0,6003044.0
2018-01-29 10:25:10.140722,475.0,474.6,475.0,6003044.0
2018-01-29 10:25:11.576163,475.0,474.6,475.0,6003044.0
2018-01-29 10:25:12.829640,475.0,474.6,475.0,6003044.0
2018-01-29 10:25:13.756296,475.0,474.6,475.0,6003044.0
2018-01-29 10:25:14.831981,475.0,474.6,475.0,6003044.0
2018-01-29 10:25:16.251428,475.0,474.6,475.0,6003044.0
2018-01-29 10:25:17.127049,475.0,474.6,475.0,6003044.0
2018-01-29 10:25:18.143281,475.0,474.6,475.0,6003044.0
2018-01-29 10:25:19.266107,474.8,474.6,475.0,6006744.0
2018-01-29 10:25:20.172142,474.6,474.6,475.0,6009444.0
2018-01-29 10:25:21.378346,474.6,474.6,475.0,6009444.0
2018-01-29 10:25:22.655633,475.0,474.6,475.0,6015044.0
2018-01-29 10:25:23.908619,475.0,474.6,475.0,6015044.0
2018-01-29 10:25:25.568488,475.0,474.6,475.0,6015044.0
2018-01-29 10:25:27.393576,475.0,474.6,475.0,6018244.0
2018-01-29 10:25:30.015628,475.0,474.6,475.0,6018244.0
2018-01-29 10:25:32.044816,475.0,474.6,475.0,6018244.0
2018-01-29 10:25:34.676348,474.8,474.6,474.8,6024544.0
2018-01-29 10:25:36.822411,474.8,474.6,474.8,6024544.0
2018-01-29 10:25:38.725258,474.8,474.6,474.8,6027344.0
2018-01-29 10:25:40.720149,474.8,474.6,474.8,6027344.0
2018-01-29 10:25:42.631747,474.8,474.6,474.8,6027344.0
2018-01-29 10:25:44.760387,474.8,474.6,474.8,6027344.0
2018-01-29 10:25:46.627922,474.8,474.6,474.8,6027344.0
2018-01-29 10:25:48.446013,474.8,474.6,474.8,6027344.0
2018-01-29 10:25:51.247866,474.8,474.6,474.8,6027344.0
2018-01-29 10:25:53.297798,474.8,474.6,474.8,6027344.0
2018-01-29 10:25:55.668847,474.8,474.6,474.8,6028744.0
2018-01-29 10:25:58.205868,474.8,474.6,474.8,6028744.0
2018-01-29 10:26:00.273864,474.8,474.6,474.8,6028744.0
2018-01-29 10:26:02.307036,474.8,474.6,474.8,6028744.0
2018-01-29 10:26:04.469172,474.8,474.6,474.8,6028444.0
2018-01-29 10:26:05.889592,474.8,474.6,474.8,6028744.0
2018-01-29 10:26:07.239671,474.8,474.6,474.8,6028444.0
2018-01-29 10:26:08.587524,474.8,474.6,474.8,6028444.0
2018-01-29 10:26:09.954840,474.8,474.6,474.8,6028744.0
2018-01-29 10:26:11.203253,474.8,474.6,474.8,6028744.0
2018-01-29 10:26:12.434376,474.8,474.6,474.8,6028744.0
2018-01-29 10:26:13.944799,474.6,474.6,474.8,6048744.0
2018-01-29 10:26:15.359274,474.6,474.6,474.8,6047844.0
2018-01-29 10:26:16.629032,474.6,474.6,474.8,6047844.0
2018-01-29 10:26:17.730270,474.6,474.6,474.8,6047844.0
2018-01-29 10:26:19.566822,474.6,474.6,474.8,6047844.0
2018-01-29 10:26:20.741111,474.6,474.6,474.8,6048744.0
2018-01-29 10:26:21.789499,474.6,474.6,474.8,6047844.0
2018-01-29 10:26:23.708727,475.0,474.6,475.0,6096319.0
2018-01-29 10:26:25.069427,475.0,474.6,475.0,6100819.0
