time,price,bid,ask,volume
2018-01-26 09:51:51.332004,466.8,466.8,467.0,4074267.0
2018-01-26 09:51:52.537742,466.8,466.8,467.0,4074267.0
2018-01-26 09:51:54.259573,466.8,466.8,467.0,4076567.0
2018-01-26 09:51:55.330303,466.8,466.6,466.8,4077867.0
2018-01-26 09:51:56.282766,466.8,466.6,466.8,4076567.0
2018-01-26 09:51:57.869640,466.8,466.6,466.8,4076567.0
2018-01-26 09:51:59.595175,466.8,466.6,466.8,4076567.0
2018-01-26 09:52:00.799259,466.8,466.8,467.0,4080267.0
2018-01-26 09:52:02.710757,466.8,466.8,467.0,4080267.0
2018-01-26 09:52:04.661593,466.6,466.6,466.8,4082067.0
2018-01-26 09:52:05.766723,466.6,466.6,466.8,4082067.0
2018-01-26 09:52:07.059365,466.6,466.6,466.8,4082067.0
2018-01-26 09:52:08.507837,467.0,466.6,467.0,4084767.0
2018-01-26 09:52:09.721898,467.0,466.6,467.0,4084767.0
2018-01-26 09:52:10.958092,467.0,466.6,467.0,4084567.0
2018-01-26 09:52:12.351456,467.0,466.6,467.0,4084767.0
2018-01-26 09:52:14.950549,467.0,466.6,467.0,4084567.0
2018-01-26 09:52:16.976014,467.0,466.6,467.0,4084567.0
2018-01-26 09:52:19.585755,466.8,466.6,467.0,4087167.0
2018-01-26 09:52:21.643021,466.8,466.6,466.8,4087167.0
2018-01-26 09:52:23.577662,466.8,466.6,466.8,4087167.0
2018-01-26 09:52:25.171138,466.8,466.6,466.8,4087167.0
2018-01-26 09:52:26.897268,466.8,466.6,466.8,4087167.0
2018-01-26 09:52:28.790286,466.8,466.6,466.8,4087167.0
2018-01-26 09:52:30.602593,466.8,466.6,466.8,4087167.0
2018-01-26 09:52:32.491384,466.6,466.6,466.8,4089567.0
2018-01-26 09:52:34.265455,466.8,466.6,466.8,4089367.0
2018-01-26 09:52:36.162004,466.6,466.6,466.8,4089567.0
2018-01-26 09:52:37.938031,466.6,466.6,466.8,4089567.0
2018-01-26 09:52:39.576738,466.8,466.6,466.8,4089367.0
2018-01-26 09:52:41.357338,466.8,466.6,466.8,4089367.0
2018-01-26 09:52:43.718049,466.8,466.6,466.8,4089367.0
2018-01-26 09:52:45.704397,466.6,466.6,466.8,4089567.0
2018-01-26 09:52:47.531617,466.8,466.6,466.8,4090567.0
2018-01-26 09:52:49.356272,466.8,466.6,466.8,4091567.0
2018-01-26 09:52:51.254147,466.8,466.6,466.8,4093167.0
2018-01-26 09:52:53.972693,466.8,466.6,466.8,4095767.0
2018-01-26 09:52:55.999972,466.8,466.6,466.8,4093767.0
2018-01-26 09:52:58.352183,466.8,466.6,466.8,4098167.0
2018-01-26 09:53:00.101104,466.8,466.6,466.8,4098167.0
2018-01-26 09:53:02.006561,466.8,466.6,466.8,4100067.0
2018-01-26 09:53:04.703601,466.8,466.6,466.8,4098767.0
2018-01-26 09:53:06.723604,466.8,466.8,467.0,4100067.0
2018-01-26 09:53:08.526482,466.8,466.8,467.0,4102167.0
2018-01-26 09:53:10.554655,466.8,466.8,467.0,4103567.0
2018-01-26 09:53:12.302637,466.8,466.8,467.0,4103567.0
2018-01-26 09:53:14.240429,466.8,466.8,467.0,4104867.0
2018-01-26 09:53:16.003760,466.8,466.8,467.0,4107667.0
2018-01-26 09:53:17.695050,466.8,466.8,467.0,4108667.0
2018-01-26 09:53:19.495372,466.8,466.8,467.0,4107667.0
2018-01-26 09:53:21.509984,466.8,466.8,467.0,4107667.0
2018-01-26 09:53:23.395919,466.8,466.8,467.0,4108667.0
2018-01-26 09:53:25.276845,466.8,466.8,467.0,4108667.0
2018-01-26 09:53:26.967591,466.8,466.8,467.0,4108667.0
2018-01-26 09:53:28.623481,466.8,466.8,467.0,4108667.0
2018-01-26 09:53:30.429373,466.8,466.8,467.0,4109267.0
2018-01-26 09:53:32.129539,466.8,466.8,467.0,4121167.0
2018-01-26 09:53:33.718160,466.8,466.8,467.0,4123167.0
2018-01-26 09:53:35.614994,466.8,466.8,467.0,4122467.0
2018-01-26 09:53:37.618571,466.8,466.8,467.0,4123767.0
2018-01-26 09:53:39.648175,466.8,466.6,466.8,4124867.0
2018-01-26 09:53:41.439768,466.8,466.6,466.8,4125667.0
2018-01-26 09:53:43.087145,466.8,466.6,466.8,4126667.0
2018-01-26 09:53:44.980722,466.8,466.6,466.8,4126667.0
2018-01-26 09:53:46.763335,466.8,466.6,466.8,4129167.0
2018-01-26 09:53:48.421132,466.8,466.6,466.8,4128567.0
2018-01-26 09:53:50.257889,466.8,466.6,466.8,4129167.0
2018-01-26 09:53:51.822041,466.8,466.6,466.8,4133567.0
2018-01-26 09:53:54.176509,466.8,466.6,466.8,4136067.0
2018-01-26 09:53:56.953958,466.8,466.6,466.8,4139167.0
2018-01-26 09:53:58.972691,466.8,466.6,466.8,4139167.0
2018-01-26 09:54:00.647899,466.8,466.6,466.8,4141767.0
2018-01-26 09:54:02.422525,466.8,466.6,466.8,4141767.0
2018-01-26 09:54:04.267463,466.8,466.6,466.8,4141767.0
2018-01-26 09:54:05.933777,466.8,466.6,466.8,4141767.0
2018-01-26 09:54:07.656805,466.8,466.6,466.8,4144967.0
2018-01-26 09:54:10.132449,466.8,466.6,466.8,4142167.0
2018-01-26 09:54:11.875799,466.8,466.6,466.8,4144967.0
2018-01-26 09:54:14.453024,466.8,466.6,466.8,4142167.0
2018-01-26 09:54:15.695359,466.8,466.6,466.8,4144967.0
2018-01-26 09:54:16.904298,466.8,466.6,466.8,4144967.0
2018-01-26 09:54:18.459758,466.8,466.6,466.8,4144967.0
2018-01-26 09:54:19.661208,466.8,466.6,466.8,4144967.0
2018-01-26 09:54:20.637124,466.8,466.6,466.8,4144967.0
2018-01-26 09:54:21.835506,466.8,466.6,466.8,4144967.0
2018-01-26 09:54:22.801853,466.8,466.6,466.8,4145367.0
2018-01-26 09:54:23.836180,466.8,466.6,466.8,4144967.0
2018-01-26 09:54:25.194640,466.8,466.6,466.8,4144967.0
2018-01-26 09:54:26.206792,466.8,466.6,466.8,4145367.0
2018-01-26 09:54:27.053182,467.0,466.6,466.8,4159867.0
2018-01-26 09:54:28.300885,467.0,466.6,466.8,4161467.0
2018-01-26 09:54:29.527113,467.0,466.6,466.8,4161567.0
2018-01-26 09:54:30.294875,467.0,466.6,466.8,4161567.0
2018-01-26 09:54:31.323390,467.0,466.6,466.8,4161567.0
2018-01-26 09:54:32.242164,467.0,467.0,467.2,4171967.0
2018-01-26 09:54:33.440065,467.0,467.0,467.2,4171967.0
2018-01-26 09:54:34.729965,467.2,467.0,467.2,4182167.0
2018-01-26 09:54:36.692402,467.2,467.0,467.2,4182167.0
2018-01-26 09:54:38.778845,467.2,467.0,467.2,4191267.0
2018-01-26 09:54:40.523093,467.2,467.2,467.4,4195567.0
2018-01-26 09:54:42.391491,467.2,467.2,467.4,4195567.0
2018-01-26 09:54:45.083682,467.2,467.2,467.4,4195567.0
2018-01-26 09:54:47.044363,467.2,467.0,467.2,4195567.0
2018-01-26 09:54:49.735970,467.2,467.0,467.2,4195567.0
2018-01-26 09:54:51.788322,467.2,467.0,467.2,4220167.0
2018-01-26 09:54:54.393761,467.2,467.0,467.2,4220767.0
2018-01-26 09:54:56.427017,467.2,467.0,467.2,4220767.0
2018-01-26 09:54:58.993440,467.2,467.0,467.2,4221513.0
2018-01-26 09:55:01.049111,467.2,467.0,467.2,4220767.0
2018-01-26 09:55:02.778574,467.2,467.0,467.2,4220767.0
2018-01-26 09:55:04.582846,467.2,467.0,467.2,4221513.0
2018-01-26 09:55:06.324202,467.0,467.0,467.2,4227013.0
2018-01-26 09:55:08.288064,467.4,467.2,467.4,4249213.0
2018-01-26 09:55:09.886587,467.2,467.2,467.4,4251213.0
2018-01-26 09:55:11.642397,467.2,467.2,467.4,4251213.0
2018-01-26 09:55:13.713804,467.4,467.2,467.4,4251413.0
2018-01-26 09:55:15.601716,467.2,467.2,467.4,4257613.0
2018-01-26 09:55:18.282362,467.4,467.4,467.6,4296913.0
2018-01-26 09:55:20.140264,467.4,467.4,467.6,4296913.0
2018-01-26 09:55:22.045938,467.4,467.4,467.6,4296913.0
2018-01-26 09:55:23.847982,467.4,467.4,467.6,4296913.0
2018-01-26 09:55:25.471639,467.4,467.4,467.6,4301413.0
2018-01-26 09:55:28.235613,467.4,467.4,467.6,4296913.0
2018-01-26 09:55:30.536749,467.6,467.4,467.6,4301513.0
2018-01-26 09:55:32.416238,467.4,467.2,467.4,4304853.0
2018-01-26 09:55:34.053290,467.4,467.2,467.6,4316153.0
2018-01-26 09:55:35.901954,467.4,467.2,467.4,4316153.0
2018-01-26 09:55:37.664037,467.4,467.2,467.4,4316153.0
2018-01-26 09:55:39.562709,467.2,467.2,467.4,4314953.0
2018-01-26 09:55:41.361994,467.2,467.2,467.6,4314953.0
2018-01-26 09:55:44.083200,467.4,467.4,467.6,4316153.0
2018-01-26 09:55:46.206284,467.4,467.2,467.6,4317653.0
2018-01-26 09:55:48.142643,467.4,467.4,467.6,4317653.0
2018-01-26 09:55:49.973428,467.4,467.4,467.6,4317653.0
2018-01-26 09:55:51.780274,467.4,467.4,467.6,4317653.0
2018-01-26 09:55:53.679686,467.4,467.4,467.6,4334517.0
2018-01-26 09:55:55.523850,467.4,467.2,467.6,4334517.0
2018-01-26 09:55:57.277683,467.4,467.2,467.4,4356417.0
2018-01-26 09:55:59.771843,467.4,467.2,467.4,4355417.0
2018-01-26 09:56:01.855251,467.6,467.4,467.6,4366117.0
2018-01-26 09:56:03.919827,467.6,467.4,467.6,4366117.0
2018-01-26 09:56:06.264698,467.6,467.4,467.6,4366117.0
2018-01-26 09:56:08.215439,467.6,467.4,467.6,4366017.0
2018-01-26 09:56:10.915502,467.6,467.4,467.6,4366117.0
2018-01-26 09:56:12.939198,467.6,467.4,467.6,4366117.0
2018-01-26 09:56:14.871056,467.6,467.4,467.6,4366117.0
2018-01-26 09:56:17.549775,467.6,467.4,467.6,4367036.0
2018-01-26 09:56:19.654823,467.6,467.4,467.6,4379136.0
2018-01-26 09:56:22.223834,467.6,467.4,467.6,4379136.0
2018-01-26 09:56:24.685504,467.6,467.4,467.6,4382536.0
2018-01-26 09:56:26.658264,467.4,467.4,467.6,4382736.0
2018-01-26 09:56:28.779247,467.6,467.4,467.6,4382536.0
2018-01-26 09:56:30.798277,467.4,467.4,467.6,4382736.0
2018-01-26 09:56:32.467569,468.0,467.4,467.6,4412936.0
2018-01-26 09:56:34.207531,467.4,467.4,467.6,4437736.0
2018-01-26 09:56:36.085349,467.8,467.4,467.6,4443836.0
2018-01-26 09:56:37.787124,467.8,467.6,467.8,4443836.0
2018-01-26 09:56:39.783621,467.8,467.6,467.8,4443836.0
2018-01-26 09:56:41.551249,467.8,467.6,467.8,4447636.0
2018-01-26 09:56:43.345047,467.8,467.6,468.0,4447636.0
2018-01-26 09:56:45.260645,467.8,467.6,467.8,4447536.0
2018-01-26 09:56:48.035342,467.6,467.6,467.8,4449436.0
2018-01-26 09:56:50.402777,467.6,467.6,467.8,4449436.0
2018-01-26 09:56:52.560237,468.0,467.6,468.0,4495436.0
2018-01-26 09:56:54.259183,468.2,467.8,468.2,4498236.0
2018-01-26 09:56:56.851807,468.2,467.8,468.2,4502336.0
2018-01-26 09:56:59.115721,468.2,467.8,468.2,4502336.0
2018-01-26 09:57:00.965539,467.8,467.8,468.0,4503636.0
2018-01-26 09:57:02.115672,468.0,467.6,468.0,4509436.0
2018-01-26 09:57:03.422646,468.0,467.6,468.0,4509436.0
2018-01-26 09:57:04.650342,468.0,467.6,468.0,4509436.0
2018-01-26 09:57:05.601767,468.0,467.6,468.0,4509436.0
2018-01-26 09:57:06.805295,468.0,467.6,468.0,4509436.0
2018-01-26 09:57:07.899724,468.0,467.6,468.0,4511836.0
2018-01-26 09:57:08.921147,468.0,467.8,468.0,4511836.0
2018-01-26 09:57:10.863006,468.0,467.8,468.0,4512036.0
2018-01-26 09:57:12.006846,468.0,467.8,468.0,4511836.0
2018-01-26 09:57:13.363553,468.0,467.8,468.0,4512036.0
2018-01-26 09:57:14.688714,468.0,467.8,468.0,4512036.0
2018-01-26 09:57:15.768339,468.0,467.8,468.0,4511836.0
2018-01-26 09:57:16.994051,468.0,467.8,468.0,4513036.0
2018-01-26 09:57:18.210055,468.0,467.8,468.0,4513036.0
2018-01-26 09:57:19.388968,468.0,467.8,468.0,4513036.0
2018-01-26 09:57:20.935268,468.0,467.8,468.0,4513036.0
2018-01-26 09:57:21.875792,468.0,468.0,468.2,4517881.0
2018-01-26 09:57:23.102756,468.0,468.0,468.2,4515381.0
2018-01-26 09:57:24.311297,468.0,468.0,468.2,4515381.0
2018-01-26 09:57:25.729378,468.4,468.0,468.6,4547581.0
2018-01-26 09:57:27.545323,468.4,468.2,468.4,4569181.0
2018-01-26 09:57:28.981572,468.6,468.2,468.6,4575281.0
2018-01-26 09:57:30.545612,468.6,468.0,468.6,4578981.0
2018-01-26 09:57:31.844633,468.6,468.0,468.6,4578981.0
2018-01-26 09:57:33.575746,468.6,468.0,468.6,4578981.0
2018-01-26 09:57:34.696908,468.6,468.0,468.6,4578981.0
2018-01-26 09:57:35.938552,468.2,468.2,468.6,4584081.0
2018-01-26 09:57:37.186309,468.2,468.2,468.6,4584081.0
2018-01-26 09:57:38.396513,468.2,468.0,468.2,4585481.0
2018-01-26 09:57:39.608546,468.2,468.0,468.2,4585481.0
2018-01-26 09:57:40.696530,468.2,468.0,468.2,4584081.0
2018-01-26 09:57:41.881946,468.4,468.4,468.6,4599081.0
2018-01-26 09:57:42.920429,468.2,468.4,468.6,4585481.0
2018-01-26 09:57:44.045548,468.4,468.4,468.6,4599081.0
2018-01-26 09:57:45.248374,468.4,468.4,468.6,4599081.0
2018-01-26 09:57:46.613964,468.6,468.0,468.4,4609681.0
2018-01-26 09:57:48.046887,468.6,468.4,468.6,4609681.0
2018-01-26 09:57:49.341821,468.4,468.4,468.6,4612181.0
2018-01-26 09:57:50.576262,468.4,468.4,468.6,4612181.0
2018-01-26 09:57:51.549854,468.4,468.4,468.6,4612181.0
2018-01-26 09:57:52.892190,468.6,468.4,468.6,4613581.0
2018-01-26 09:57:54.211565,468.6,468.4,468.6,4613581.0
2018-01-26 09:57:55.662803,468.6,468.4,468.6,4613581.0
2018-01-26 09:57:57.296799,468.2,468.2,468.4,4640481.0
2018-01-26 09:57:58.414121,468.2,468.2,468.4,4640481.0
2018-01-26 09:58:00.293559,468.2,468.2,468.4,4640481.0
2018-01-26 09:58:01.692437,468.2,468.2,468.4,4640481.0
2018-01-26 09:58:03.070269,468.2,468.2,468.4,4640481.0
2018-01-26 09:58:05.043132,468.4,468.0,468.4,4672281.0
2018-01-26 09:58:06.432495,468.6,468.2,468.6,4674981.0
2018-01-26 09:58:07.491764,468.6,468.2,468.4,4674981.0
2018-01-26 09:58:08.864388,468.2,468.2,468.6,4676181.0
2018-01-26 09:58:09.918037,468.4,468.2,468.4,4677681.0
2018-01-26 09:58:11.003637,468.4,468.2,468.4,4677681.0
2018-01-26 09:58:13.019898,468.4,468.2,468.4,4677681.0
2018-01-26 09:58:14.846652,468.4,468.2,468.4,4680081.0
2018-01-26 09:58:16.152402,468.4,468.2,468.4,4680081.0
2018-01-26 09:58:17.463187,468.2,468.2,468.4,4681381.0
2018-01-26 09:58:18.949429,468.2,468.2,468.4,4681381.0
2018-01-26 09:58:20.385581,468.2,468.2,468.4,4681281.0
2018-01-26 09:58:21.478229,468.2,468.0,468.2,4689881.0
2018-01-26 09:58:23.033482,468.2,468.0,468.2,4689881.0
2018-01-26 09:58:24.365755,468.2,468.0,468.2,4693681.0
2018-01-26 09:58:25.765058,468.2,468.0,468.2,4693681.0
2018-01-26 09:58:27.275440,468.2,468.0,468.2,4693681.0
2018-01-26 09:58:29.014352,468.2,468.0,468.2,4693681.0
2018-01-26 09:58:30.118454,468.2,468.0,468.2,4693681.0
2018-01-26 09:58:31.616490,468.2,468.0,468.2,4695381.0
2018-01-26 09:58:32.983924,468.2,468.0,468.2,4695381.0
2018-01-26 09:58:34.542295,468.2,468.0,468.2,4695381.0
2018-01-26 09:58:36.086738,468.2,468.0,468.2,4697281.0
2018-01-26 09:58:37.130482,468.0,468.0,468.2,4714281.0
2018-01-26 09:58:38.725186,468.0,468.0,468.4,4713481.0
2018-01-26 09:58:40.010983,468.0,468.0,468.4,4714281.0
2018-01-26 09:58:41.430236,468.0,468.0,468.4,4714281.0
2018-01-26 09:58:42.968821,468.0,468.0,468.4,4714281.0
2018-01-26 09:58:45.012791,468.2,468.0,468.2,4719781.0
2018-01-26 09:58:46.365193,468.2,468.2,468.4,4717981.0
2018-01-26 09:58:47.579946,468.2,468.2,468.4,4717981.0
2018-01-26 09:58:48.994668,468.2,468.2,468.4,4720981.0
2018-01-26 09:58:50.509166,468.2,468.0,468.2,4720981.0
2018-01-26 09:58:52.237222,468.2,468.0,468.2,4723781.0
2018-01-26 09:58:53.247701,468.2,468.0,468.2,4723781.0
2018-01-26 09:58:54.330430,468.2,468.0,468.2,4723781.0
2018-01-26 09:58:55.781647,468.2,468.0,468.2,4723781.0
2018-01-26 09:58:57.570124,468.2,468.0,468.2,4725581.0
2018-01-26 09:58:58.800607,468.2,468.2,468.4,4731281.0
2018-01-26 09:58:59.931380,468.2,468.0,468.2,4726281.0
2018-01-26 09:59:01.596488,468.2,468.2,468.4,4731281.0
2018-01-26 09:59:02.931898,468.4,468.2,468.4,4731481.0
2018-01-26 09:59:04.249618,468.4,468.0,468.4,4733981.0
2018-01-26 09:59:06.083578,468.2,468.0,468.4,4733281.0
2018-01-26 09:59:07.228902,468.4,468.0,468.4,4733981.0
2018-01-26 09:59:08.459318,468.4,468.0,468.4,4735681.0
2018-01-26 09:59:10.039659,468.4,468.0,468.4,4735681.0
2018-01-26 09:59:11.783154,468.4,468.0,468.4,4735681.0
2018-01-26 09:59:13.908276,468.4,468.2,468.4,4743381.0
2018-01-26 09:59:14.882169,468.4,468.2,468.4,4743381.0
2018-01-26 09:59:15.969136,468.4,468.2,468.4,4743581.0
2018-01-26 09:59:17.368374,468.4,468.2,468.4,4745481.0
2018-01-26 09:59:18.811490,468.4,468.2,468.4,4743581.0
2018-01-26 09:59:20.626860,468.4,468.2,468.4,4745481.0
2018-01-26 09:59:21.972029,468.2,468.2,468.4,4745581.0
2018-01-26 09:59:23.488721,468.2,468.2,468.4,4745581.0
2018-01-26 09:59:25.023944,468.4,468.2,468.4,4745481.0
2018-01-26 09:59:26.358270,468.2,468.2,468.4,4745581.0
2018-01-26 09:59:27.417629,468.2,468.2,468.4,4745581.0
2018-01-26 09:59:28.704071,468.2,468.2,468.4,4745581.0
2018-01-26 09:59:30.182171,468.2,468.2,468.4,4745581.0
2018-01-26 09:59:31.721239,468.2,468.2,468.4,4749581.0
2018-01-26 09:59:32.897353,468.2,468.2,468.4,4749581.0
2018-01-26 09:59:34.121185,468.2,468.2,468.4,4749581.0
2018-01-26 09:59:37.052499,468.4,468.2,468.4,4751081.0
2018-01-26 09:59:38.993238,468.2,468.0,468.4,4762581.0
2018-01-26 09:59:40.693528,468.2,468.0,468.4,4762581.0
2018-01-26 09:59:42.547017,468.2,468.0,468.2,4767481.0
2018-01-26 09:59:44.203810,468.2,468.0,468.4,4762581.0
2018-01-26 09:59:45.960959,468.0,468.0,468.2,4772081.0
2018-01-26 09:59:47.948555,467.8,467.8,468.0,4805381.0
2018-01-26 09:59:49.933443,468.0,467.6,468.0,4811781.0
2018-01-26 09:59:52.613791,467.8,467.8,468.0,4817581.0
2018-01-26 09:59:54.504237,467.8,467.8,468.0,4816181.0
2018-01-26 09:59:56.457610,467.8,467.8,468.0,4817581.0
2018-01-26 09:59:58.198122,467.8,467.8,468.0,4818281.0
2018-01-26 10:00:00.058221,468.0,467.6,468.0,4821881.0
2018-01-26 10:00:01.862047,468.0,467.6,467.8,4821881.0
2018-01-26 10:00:03.664567,467.6,467.6,467.8,4827081.0
2018-01-26 10:00:05.504920,467.6,467.6,467.8,4827081.0
2018-01-26 10:00:07.352943,467.6,467.6,467.8,4827081.0
2018-01-26 10:00:10.228163,467.8,467.6,467.8,4825981.0
2018-01-26 10:00:12.401649,468.0,468.0,468.2,4846381.0
2018-01-26 10:00:14.320223,468.2,468.0,468.2,4852581.0
2018-01-26 10:00:16.232273,468.2,468.0,468.2,4852581.0
2018-01-26 10:00:18.885606,468.0,468.0,468.2,4852781.0
2018-01-26 10:00:21.173513,468.2,468.0,468.2,4852581.0
2018-01-26 10:00:22.158908,468.0,468.0,468.2,4866081.0
2018-01-26 10:00:23.282967,468.0,468.0,468.2,4864081.0
2018-01-26 10:00:24.632569,468.0,468.0,468.2,4866081.0
2018-01-26 10:00:25.840832,468.0,468.0,468.2,4864081.0
2018-01-26 10:00:27.100977,468.0,468.0,468.2,4866081.0
2018-01-26 10:00:28.810567,468.0,468.0,468.2,4866081.0
2018-01-26 10:00:30.162043,468.0,468.0,468.2,4867981.0
2018-01-26 10:00:31.370271,468.0,468.0,468.2,4867981.0
2018-01-26 10:00:32.647445,468.2,468.0,468.2,4867881.0
2018-01-26 10:00:34.018370,468.0,468.0,468.2,4867981.0
2018-01-26 10:00:35.189363,468.2,468.0,468.2,4867881.0
2018-01-26 10:00:36.445473,468.0,468.0,468.2,4870481.0
2018-01-26 10:00:37.509764,468.0,468.0,468.2,4870481.0
2018-01-26 10:00:38.774384,468.0,468.0,468.2,4870481.0
2018-01-26 10:00:40.483927,468.0,468.0,468.2,4875181.0
2018-01-26 10:00:42.201136,468.0,468.0,468.2,4875181.0
2018-01-26 10:00:43.491701,468.0,468.0,468.2,4875181.0
2018-01-26 10:00:44.426007,468.0,468.0,468.2,4875181.0
2018-01-26 10:00:45.881194,468.0,467.8,468.0,4875181.0
2018-01-26 10:00:46.960625,468.0,468.0,468.2,4880881.0
2018-01-26 10:00:48.516220,468.0,468.0,468.2,4880881.0
2018-01-26 10:00:49.490393,468.0,468.0,468.2,4880181.0
2018-01-26 10:00:50.642547,467.8,467.8,468.0,4889681.0
2018-01-26 10:00:51.968881,467.8,467.8,468.0,4889681.0
2018-01-26 10:00:53.166800,467.8,467.8,468.0,4889681.0
2018-01-26 10:00:54.275557,467.8,467.8,468.0,4889681.0
2018-01-26 10:00:55.461274,467.8,467.8,468.0,4889681.0
2018-01-26 10:00:57.013279,467.8,467.8,468.0,4889681.0
2018-01-26 10:00:58.375455,467.4,467.4,468.0,4926781.0
2018-01-26 10:00:59.732716,467.4,467.4,468.0,4926781.0
2018-01-26 10:01:00.893946,467.4,467.4,468.0,4926781.0
2018-01-26 10:01:02.612469,467.4,467.4,468.0,4926781.0
2018-01-26 10:01:04.149597,467.4,467.4,468.0,4926781.0
2018-01-26 10:01:05.208013,467.4,467.4,468.0,4926781.0
2018-01-26 10:01:06.399331,467.4,467.4,468.0,4926781.0
2018-01-26 10:01:07.890661,467.4,467.4,468.0,4926781.0
2018-01-26 10:01:09.546686,467.8,467.8,468.0,4929181.0
2018-01-26 10:01:11.251376,468.0,467.8,468.0,4931781.0
2018-01-26 10:01:12.935776,467.8,467.8,468.0,4929181.0
2018-01-26 10:01:14.141268,467.8,467.8,468.0,4929181.0
2018-01-26 10:01:15.362427,467.8,467.8,468.0,4929181.0
2018-01-26 10:01:16.849810,468.0,467.8,468.0,4931781.0
2018-01-26 10:01:18.075879,468.0,467.8,468.0,4931781.0
2018-01-26 10:01:19.024644,468.0,467.8,468.0,4931781.0
2018-01-26 10:01:20.243581,468.0,467.8,468.0,4931781.0
2018-01-26 10:01:21.609613,468.0,467.8,468.0,4931781.0
2018-01-26 10:01:23.358060,468.0,467.8,468.0,4931781.0
2018-01-26 10:01:24.261144,468.0,467.8,468.0,4934781.0
2018-01-26 10:01:25.652130,468.0,467.8,468.0,4934781.0
2018-01-26 10:01:27.144565,468.0,467.8,468.0,4934781.0
2018-01-26 10:01:28.235468,468.0,467.8,468.0,4934781.0
2018-01-26 10:01:30.838794,467.6,467.6,468.0,4942081.0
2018-01-26 10:01:32.574256,467.6,467.6,468.0,4942081.0
2018-01-26 10:01:33.733116,467.6,467.6,468.0,4942081.0
2018-01-26 10:01:34.859816,467.6,467.6,468.0,4942081.0
2018-01-26 10:01:36.580556,467.6,467.6,468.0,4942081.0
2018-01-26 10:01:37.731709,467.6,467.6,468.0,4942081.0
2018-01-26 10:01:39.174615,468.0,467.6,468.0,4976181.0
2018-01-26 10:01:40.784567,467.6,467.6,468.0,4942081.0
2018-01-26 10:01:42.407918,468.0,468.0,468.2,4976981.0
2018-01-26 10:01:43.590426,468.0,468.0,468.2,4976181.0
2018-01-26 10:01:44.825991,468.0,468.0,468.2,4976981.0
2018-01-26 10:01:46.519203,468.2,468.0,468.4,4991281.0
2018-01-26 10:01:47.862284,468.4,468.2,468.4,4995681.0
2018-01-26 10:01:49.120474,468.2,468.2,468.4,4995281.0
2018-01-26 10:01:50.374305,468.2,468.2,468.4,4995281.0
2018-01-26 10:01:51.928117,468.4,468.2,468.4,4995681.0
2018-01-26 10:01:53.909200,468.2,468.2,468.4,4995281.0
2018-01-26 10:01:55.167623,468.4,468.2,468.4,5008981.0
2018-01-26 10:01:56.462404,468.4,468.2,468.4,5008981.0
2018-01-26 10:01:58.117592,468.4,468.2,468.4,5008981.0
2018-01-26 10:01:59.259594,468.2,468.2,468.4,5009881.0
2018-01-26 10:02:00.494172,468.2,468.2,468.4,5009881.0
2018-01-26 10:02:01.935546,468.4,468.2,468.4,5009981.0
2018-01-26 10:02:03.247990,468.2,468.2,468.4,5009881.0
2018-01-26 10:02:04.485329,468.4,468.4,468.6,5029581.0
2018-01-26 10:02:05.453512,468.4,468.4,468.6,5029581.0
2018-01-26 10:02:06.930142,468.4,468.4,468.6,5029581.0
2018-01-26 10:02:08.184825,468.6,468.4,468.6,5040081.0
2018-01-26 10:02:09.677883,468.6,468.4,468.6,5038381.0
2018-01-26 10:02:10.926276,468.6,468.4,468.6,5038381.0
2018-01-26 10:02:12.160553,468.6,468.4,468.6,5038381.0
2018-01-26 10:02:13.474960,468.6,468.4,468.6,5040081.0
2018-01-26 10:02:15.404418,468.6,468.4,468.6,5038381.0
2018-01-26 10:02:16.682256,468.6,468.4,468.6,5040081.0
2018-01-26 10:02:18.003014,468.6,468.6,468.8,5042681.0
2018-01-26 10:02:19.451359,468.6,468.6,468.8,5042681.0
2018-01-26 10:02:21.192457,468.6,468.6,468.8,5042681.0
2018-01-26 10:02:22.383413,468.6,468.6,468.8,5042681.0
2018-01-26 10:02:23.739756,468.6,468.4,468.6,5042681.0
2018-01-26 10:02:25.866573,468.6,468.6,468.8,5046581.0
2018-01-26 10:02:27.098502,468.6,468.6,468.8,5047381.0
2018-01-26 10:02:28.600567,468.6,468.6,468.8,5047381.0
2018-01-26 10:02:29.671357,468.8,468.4,468.8,5059781.0
2018-01-26 10:02:31.435259,468.8,468.4,468.8,5059781.0
2018-01-26 10:02:32.946124,468.4,468.4,468.8,5061781.0
2018-01-26 10:02:34.648653,468.4,468.4,468.8,5061781.0
2018-01-26 10:02:35.667566,468.4,468.4,468.8,5061781.0
2018-01-26 10:02:37.326802,468.4,468.4,468.8,5061781.0
2018-01-26 10:02:38.505524,468.4,468.4,468.8,5061781.0
2018-01-26 10:02:39.804694,468.4,468.4,468.8,5061781.0
2018-01-26 10:02:41.045111,468.4,468.4,468.8,5061781.0
2018-01-26 10:02:42.540264,468.4,468.4,468.8,5061781.0
2018-01-26 10:02:44.040874,468.4,468.4,468.8,5061781.0
2018-01-26 10:02:45.041067,468.6,468.6,468.8,5067781.0
2018-01-26 10:02:47.042502,468.6,468.6,468.8,5067781.0
2018-01-26 10:02:48.340822,468.6,468.6,468.8,5067781.0
2018-01-26 10:02:49.695047,468.6,468.6,468.8,5067781.0
2018-01-26 10:02:50.891013,468.6,468.6,468.8,5067781.0
2018-01-26 10:02:51.935101,468.6,468.6,468.8,5066281.0
2018-01-26 10:02:53.007987,468.8,468.6,468.8,5069581.0
2018-01-26 10:02:54.016642,468.8,468.6,468.8,5069581.0
2018-01-26 10:02:55.550667,468.8,468.6,468.8,5069581.0
2018-01-26 10:02:56.771554,468.8,468.6,468.8,5069581.0
2018-01-26 10:02:58.185183,468.8,468.6,468.8,5069581.0
2018-01-26 10:02:59.561426,469.0,468.6,468.8,5125681.0
2018-01-26 10:03:01.066431,469.0,468.6,468.8,5130781.0
2018-01-26 10:03:02.777445,469.0,468.6,468.8,5130781.0
2018-01-26 10:03:04.268144,469.2,468.8,469.2,5133681.0
2018-01-26 10:03:05.483000,469.0,468.8,469.2,5134081.0
2018-01-26 10:03:07.252881,469.2,468.8,469.2,5133681.0
2018-01-26 10:03:08.441954,469.0,468.8,469.2,5134081.0
2018-01-26 10:03:10.405674,469.0,469.0,469.2,5134081.0
2018-01-26 10:03:11.696537,469.2,469.0,469.2,5141781.0
2018-01-26 10:03:12.936638,469.2,469.0,469.2,5142381.0
2018-01-26 10:03:14.012250,469.2,469.0,469.2,5142381.0
2018-01-26 10:03:15.143297,469.2,469.0,469.2,5142381.0
2018-01-26 10:03:17.170911,469.2,469.0,469.2,5142381.0
2018-01-26 10:03:18.204124,469.2,469.0,469.2,5143781.0
2018-01-26 10:03:19.932001,469.2,469.0,469.2,5143781.0
2018-01-26 10:03:21.354741,469.2,469.0,469.2,5143781.0
2018-01-26 10:03:22.704364,469.2,469.0,469.2,5143781.0
2018-01-26 10:03:24.095048,469.2,469.0,469.2,5146981.0
2018-01-26 10:03:25.254371,469.2,469.0,469.2,5146981.0
2018-01-26 10:03:26.407066,469.0,469.0,469.2,5149981.0
2018-01-26 10:03:27.608621,469.0,469.0,469.2,5149981.0
2018-01-26 10:03:29.102175,469.0,469.0,469.2,5150681.0
2018-01-26 10:03:30.173554,469.0,469.0,469.2,5149981.0
2018-01-26 10:03:31.417586,469.0,469.0,469.2,5149981.0
2018-01-26 10:03:32.770697,469.0,469.0,469.2,5149981.0
2018-01-26 10:03:34.065937,469.4,469.2,469.4,5152481.0
2018-01-26 10:03:35.693521,469.4,469.2,469.4,5152481.0
2018-01-26 10:03:36.939300,469.4,469.2,469.4,5152481.0
2018-01-26 10:03:38.414462,469.2,469.2,469.4,5158081.0
2018-01-26 10:03:39.938691,469.0,469.0,469.2,5165281.0
2018-01-26 10:03:41.480326,469.0,469.0,469.2,5165281.0
2018-01-26 10:03:42.664722,469.0,469.0,469.2,5165281.0
2018-01-26 10:03:44.022706,469.0,469.0,469.2,5165281.0
2018-01-26 10:03:45.309425,469.2,469.0,469.2,5165681.0
2018-01-26 10:03:46.725454,469.2,469.0,469.2,5165681.0
2018-01-26 10:03:47.865226,469.4,469.2,469.4,5176321.0
2018-01-26 10:03:49.519408,469.4,469.2,469.4,5176321.0
2018-01-26 10:03:50.813901,469.4,469.4,469.6,5183021.0
2018-01-26 10:03:51.984193,469.4,469.4,469.6,5191721.0
2018-01-26 10:03:53.265122,469.4,469.4,469.6,5191721.0
2018-01-26 10:03:54.437051,469.4,469.4,469.6,5191721.0
2018-01-26 10:03:56.052412,469.4,469.4,469.6,5191721.0
2018-01-26 10:03:57.336837,469.4,469.4,469.6,5191721.0
2018-01-26 10:03:58.809771,469.4,469.4,469.6,5192321.0
2018-01-26 10:03:59.990748,469.4,469.4,469.6,5191721.0
2018-01-26 10:04:01.068442,469.6,469.2,469.6,5193721.0
2018-01-26 10:04:02.147437,469.6,469.2,469.6,5193721.0
2018-01-26 10:04:03.335998,469.6,469.2,469.6,5193721.0
2018-01-26 10:04:04.569485,469.6,469.2,469.6,5193721.0
2018-01-26 10:04:05.825739,469.6,469.2,469.6,5193721.0
2018-01-26 10:04:07.128799,469.4,469.2,469.6,5195721.0
2018-01-26 10:04:08.419494,469.6,469.2,469.6,5193721.0
2018-01-26 10:04:10.319253,469.4,469.2,469.4,5195721.0
2018-01-26 10:04:11.810099,469.4,469.2,469.4,5196021.0
2018-01-26 10:04:12.859750,469.6,469.2,469.4,5217321.0
2018-01-26 10:04:14.187213,469.6,469.2,469.6,5217321.0
2018-01-26 10:04:15.559711,469.6,469.4,469.6,5222221.0
2018-01-26 10:04:16.912654,469.6,469.4,469.6,5222221.0
2018-01-26 10:04:18.151973,469.6,469.4,469.6,5222221.0
2018-01-26 10:04:19.437967,469.6,469.4,469.6,5222221.0
2018-01-26 10:04:20.575435,469.6,469.4,469.6,5222221.0
2018-01-26 10:04:21.794983,469.4,469.4,469.6,5225221.0
2018-01-26 10:04:22.996012,469.4,469.2,469.4,5228121.0
2018-01-26 10:04:24.187594,469.4,469.2,469.4,5228121.0
2018-01-26 10:04:25.324946,469.4,469.2,469.4,5228121.0
2018-01-26 10:04:26.634516,469.4,469.2,469.4,5228121.0
2018-01-26 10:04:27.538715,469.4,469.2,469.4,5230721.0
2018-01-26 10:04:28.713737,469.4,469.2,469.4,5230721.0
2018-01-26 10:04:29.761523,469.2,469.2,469.4,5237021.0
2018-01-26 10:04:31.006340,469.2,469.0,469.4,5238921.0
2018-01-26 10:04:32.915891,469.2,469.0,469.4,5238921.0
2018-01-26 10:04:34.362448,469.0,469.0,469.4,5239021.0
2018-01-26 10:04:36.438877,469.0,469.0,469.4,5242621.0
2018-01-26 10:04:37.470208,469.0,469.0,469.4,5239021.0
2018-01-26 10:04:38.701824,469.0,469.0,469.4,5239021.0
2018-01-26 10:04:39.911888,469.0,469.0,469.4,5239021.0
2018-01-26 10:04:41.358854,469.2,469.0,469.2,5243221.0
2018-01-26 10:04:42.528931,469.2,469.0,469.4,5243221.0
2018-01-26 10:04:43.594857,469.0,469.0,469.4,5242621.0
2018-01-26 10:04:44.580896,469.0,469.0,469.2,5242621.0
2018-01-26 10:04:45.911220,469.0,469.0,469.4,5242621.0
2018-01-26 10:04:46.974489,469.0,469.0,469.4,5242621.0
2018-01-26 10:04:48.508155,469.2,469.0,469.4,5257421.0
2018-01-26 10:04:49.749245,469.2,469.2,469.4,5259021.0
2018-01-26 10:04:50.962691,469.2,469.2,469.4,5259021.0
2018-01-26 10:04:52.187789,469.2,469.2,469.4,5259021.0
2018-01-26 10:04:53.444187,469.2,469.2,469.4,5259021.0
2018-01-26 10:04:54.676411,469.4,469.2,469.4,5259221.0
2018-01-26 10:04:56.692530,469.2,469.2,469.4,5259021.0
2018-01-26 10:04:58.020508,469.4,469.2,469.4,5259221.0
2018-01-26 10:04:59.293520,469.2,469.2,469.4,5260221.0
2018-01-26 10:05:00.299134,469.2,469.2,469.4,5262721.0
2018-01-26 10:05:01.522023,469.2,469.2,469.4,5266021.0
2018-01-26 10:05:02.637282,469.2,469.2,469.4,5266021.0
2018-01-26 10:05:04.042534,469.2,469.2,469.4,5268921.0
2018-01-26 10:05:05.423190,469.2,469.2,469.4,5268521.0
2018-01-26 10:05:06.960477,469.2,469.2,469.4,5268921.0
2018-01-26 10:05:07.859976,469.2,469.2,469.4,5269821.0
2018-01-26 10:05:08.898010,469.0,469.2,469.4,5282321.0
2018-01-26 10:05:09.848634,469.0,469.2,469.4,5282321.0
2018-01-26 10:05:11.288477,469.2,469.2,469.4,5270321.0
2018-01-26 10:05:12.466448,468.8,468.8,469.0,5309721.0
2018-01-26 10:05:13.526648,468.8,468.8,469.0,5309721.0
2018-01-26 10:05:14.639020,468.8,468.8,469.0,5309721.0
2018-01-26 10:05:16.234821,468.8,468.8,469.0,5309721.0
2018-01-26 10:05:17.896691,468.8,468.8,469.0,5309721.0
2018-01-26 10:05:18.941344,468.8,468.8,469.0,5309721.0
2018-01-26 10:05:20.359723,468.8,468.8,469.0,5309721.0
2018-01-26 10:05:22.150452,468.8,468.8,469.0,5309721.0
2018-01-26 10:05:23.429497,468.8,468.8,469.0,5309721.0
2018-01-26 10:05:24.738380,468.8,468.8,469.0,5309721.0
2018-01-26 10:05:25.789934,468.8,468.8,469.0,5309721.0
2018-01-26 10:05:27.020028,469.0,468.8,469.0,5312421.0
2018-01-26 10:05:28.349060,469.0,468.8,469.0,5312421.0
2018-01-26 10:05:29.360794,469.0,468.8,469.0,5312421.0
2018-01-26 10:05:30.356202,469.0,468.8,469.0,5312421.0
2018-01-26 10:05:31.972013,469.0,468.8,469.0,5312421.0
2018-01-26 10:05:33.037064,469.0,469.0,469.2,5325921.0
2018-01-26 10:05:34.083921,469.0,469.0,469.2,5326521.0
2018-01-26 10:05:35.529711,469.0,469.0,469.2,5328021.0
2018-01-26 10:05:36.752983,469.0,469.0,469.2,5328021.0
2018-01-26 10:05:38.240108,469.0,469.0,469.2,5328021.0
2018-01-26 10:05:39.527692,469.0,469.0,469.2,5326521.0
2018-01-26 10:05:40.710994,469.0,469.0,469.2,5326521.0
2018-01-26 10:05:42.115831,469.0,469.0,469.2,5326521.0
2018-01-26 10:05:43.884791,469.0,469.0,469.2,5326521.0
2018-01-26 10:05:45.506478,469.0,469.0,469.2,5328021.0
2018-01-26 10:05:46.560703,469.0,469.0,469.2,5328021.0
2018-01-26 10:05:48.609033,469.2,469.2,469.4,5340721.0
2018-01-26 10:05:49.967250,469.2,469.2,469.4,5340721.0
2018-01-26 10:05:51.946151,469.2,469.2,469.4,5340621.0
2018-01-26 10:05:53.029614,469.2,469.2,469.4,5342221.0
2018-01-26 10:05:54.531150,469.2,469.2,469.4,5342221.0
2018-01-26 10:05:56.075266,469.2,469.0,469.4,5342221.0
2018-01-26 10:05:57.462221,469.2,469.0,469.4,5349321.0
2018-01-26 10:05:59.364117,469.2,469.0,469.4,5349321.0
2018-01-26 10:06:00.442700,469.2,469.0,469.4,5349321.0
2018-01-26 10:06:01.638143,469.2,469.2,469.4,5352421.0
2018-01-26 10:06:03.349055,469.2,469.2,469.4,5352421.0
2018-01-26 10:06:04.951016,469.2,469.2,469.4,5352421.0
2018-01-26 10:06:06.203427,469.2,469.2,469.4,5356521.0
2018-01-26 10:06:07.333228,469.2,469.0,469.2,5356521.0
2018-01-26 10:06:08.410616,469.2,469.0,469.2,5361021.0
2018-01-26 10:06:09.656876,469.2,469.0,469.2,5361021.0
2018-01-26 10:06:10.927474,469.2,469.0,469.2,5361021.0
2018-01-26 10:06:12.298938,469.2,469.0,469.2,5361021.0
2018-01-26 10:06:13.417515,469.4,469.2,469.4,5367921.0
2018-01-26 10:06:14.440070,469.4,469.2,469.4,5370021.0
2018-01-26 10:06:15.442179,469.4,469.2,469.4,5370521.0
2018-01-26 10:06:16.667559,469.4,469.2,469.4,5370521.0
2018-01-26 10:06:18.295680,469.4,469.2,469.4,5370521.0
2018-01-26 10:06:19.640158,469.2,469.2,469.4,5375121.0
2018-01-26 10:06:20.664775,469.2,469.2,469.4,5375121.0
2018-01-26 10:06:21.684942,469.2,469.2,469.4,5375121.0
2018-01-26 10:06:23.020791,469.2,469.2,469.4,5375121.0
2018-01-26 10:06:24.072217,469.2,469.2,469.4,5375121.0
2018-01-26 10:06:25.288726,469.2,469.2,469.4,5375121.0
2018-01-26 10:06:26.713125,469.2,469.2,469.4,5375121.0
2018-01-26 10:06:28.557658,469.4,469.2,469.4,5378121.0
2018-01-26 10:06:30.160884,469.4,469.2,469.4,5378121.0
2018-01-26 10:06:31.619739,469.4,469.2,469.4,5378121.0
2018-01-26 10:06:32.957534,469.4,469.2,469.4,5378121.0
2018-01-26 10:06:34.042027,469.4,469.2,469.4,5378121.0
2018-01-26 10:06:35.437161,469.4,469.4,469.6,5378121.0
2018-01-26 10:06:36.465676,469.4,469.4,469.6,5379921.0
2018-01-26 10:06:37.682842,469.4,469.4,469.6,5379921.0
2018-01-26 10:06:38.793713,469.4,469.4,469.6,5379921.0
2018-01-26 10:06:39.981486,469.6,469.4,469.6,5386121.0
2018-01-26 10:06:41.208119,469.6,469.4,469.6,5386321.0
2018-01-26 10:06:42.609933,469.6,469.4,469.6,5386121.0
2018-01-26 10:06:43.579537,469.6,469.4,469.6,5386121.0
2018-01-26 10:06:44.773714,469.6,469.4,469.6,5386121.0
2018-01-26 10:06:45.999006,469.6,469.4,469.6,5391921.0
2018-01-26 10:06:47.315483,469.6,469.4,469.6,5391921.0
2018-01-26 10:06:48.619269,469.6,469.4,469.6,5391921.0
2018-01-26 10:06:49.956461,469.6,469.4,469.6,5391921.0
2018-01-26 10:06:51.245475,469.6,469.4,469.6,5391921.0
2018-01-26 10:06:52.320954,469.6,469.4,469.6,5391921.0
2018-01-26 10:06:53.535716,469.6,469.4,469.6,5391921.0
2018-01-26 10:06:54.828779,469.6,469.4,469.6,5391921.0
2018-01-26 10:06:55.987709,469.4,469.4,469.6,5393721.0
2018-01-26 10:06:57.367801,,,,
2018-01-26 10:06:58.786169,469.6,469.4,469.6,5394221.0
2018-01-26 10:07:00.147586,469.6,469.4,469.6,5394221.0
2018-01-26 10:07:01.248555,469.6,469.4,469.6,5395321.0
2018-01-26 10:07:02.926356,469.4,469.4,469.6,5397521.0
2018-01-26 10:07:04.158410,469.4,469.2,469.4,5403121.0
2018-01-26 10:07:05.434225,469.4,469.2,469.4,5405658.0
2018-01-26 10:07:06.641123,469.4,469.2,469.4,5405658.0
2018-01-26 10:07:07.924175,469.4,469.2,469.4,5405658.0
2018-01-26 10:07:09.237783,469.4,469.2,469.4,5405658.0
2018-01-26 10:07:10.452503,469.4,469.2,469.4,5405658.0
2018-01-26 10:07:11.864784,469.4,469.2,469.4,5405658.0
2018-01-26 10:07:13.497175,469.4,469.2,469.4,5434558.0
2018-01-26 10:07:17.384538,469.4,469.2,469.4,5435558.0
2018-01-26 10:07:20.918689,469.2,469.2,469.6,5437958.0
2018-01-26 10:07:24.603833,469.2,469.2,469.6,5437958.0
2018-01-26 10:07:27.417559,469.2,469.2,469.6,5437958.0
2018-01-26 10:07:29.745090,469.2,469.2,469.4,5448358.0
2018-01-26 10:07:33.263454,469.2,469.2,469.4,5448358.0
2018-01-26 10:07:36.898194,469.2,469.2,469.4,5450158.0
2018-01-26 10:07:40.726965,469.0,469.0,469.2,5471258.0
2018-01-26 10:07:47.330480,469.0,469.0,469.2,5471258.0
2018-01-26 10:07:50.558096,468.8,468.8,469.2,5538758.0
2018-01-26 10:07:52.127490,468.8,468.8,469.2,5538758.0
2018-01-26 10:07:53.660164,468.8,468.8,469.2,5538758.0
2018-01-26 10:07:55.366444,468.8,468.8,469.2,5538758.0
2018-01-26 10:07:56.700925,468.8,468.8,469.2,5541358.0
2018-01-26 10:07:58.573188,469.0,468.8,469.0,5545358.0
2018-01-26 10:08:00.092993,468.8,468.8,469.0,5546358.0
2018-01-26 10:08:02.584059,468.8,468.8,469.0,5546358.0
2018-01-26 10:08:03.953214,468.8,468.8,469.0,5547658.0
2018-01-26 10:08:05.669256,468.8,468.8,469.0,5547658.0
2018-01-26 10:08:07.439983,468.8,468.8,469.0,5548958.0
2018-01-26 10:08:08.566402,468.8,468.6,468.8,5548958.0
2018-01-26 10:08:09.799002,468.6,468.6,468.8,5550458.0
2018-01-26 10:08:11.655112,468.6,468.6,468.8,5552458.0
2018-01-26 10:08:12.780169,468.6,468.6,468.8,5552658.0
2018-01-26 10:08:14.091078,468.6,468.6,468.8,5552658.0
2018-01-26 10:08:15.048409,468.6,468.6,468.8,5552458.0
2018-01-26 10:08:16.675567,468.6,468.6,468.8,5552658.0
2018-01-26 10:08:17.808149,468.6,468.6,468.8,5554458.0
2018-01-26 10:08:18.907044,468.6,468.6,468.8,5554458.0
2018-01-26 10:08:20.213022,468.6,468.6,468.8,5555058.0
2018-01-26 10:08:21.855808,468.6,468.6,468.8,5554458.0
2018-01-26 10:08:23.240544,468.6,468.6,468.8,5554458.0
2018-01-26 10:08:24.479985,468.6,468.6,468.8,5555058.0
2018-01-26 10:08:26.187914,468.6,468.6,468.8,5559058.0
2018-01-26 10:08:27.588937,468.6,468.6,468.8,5560858.0
2018-01-26 10:08:29.967035,468.8,468.6,468.8,5560758.0
2018-01-26 10:08:31.269543,468.8,468.6,468.8,5560758.0
2018-01-26 10:08:32.371616,468.6,468.6,468.8,5560858.0
2018-01-26 10:08:33.479209,468.6,468.6,468.8,5562458.0
2018-01-26 10:08:34.912959,468.8,468.6,468.8,5563458.0
2018-01-26 10:08:36.479600,468.8,468.6,468.8,5563458.0
2018-01-26 10:08:37.646993,468.8,468.6,468.8,5563458.0
2018-01-26 10:08:39.135083,468.6,468.6,468.8,5562458.0
2018-01-26 10:08:40.324481,468.6,468.6,468.8,5565358.0
2018-01-26 10:08:41.382100,468.6,468.6,468.8,5565358.0
2018-01-26 10:08:42.742606,468.6,468.6,468.8,5565458.0
2018-01-26 10:08:43.840276,468.6,468.6,468.8,5565358.0
2018-01-26 10:08:45.041982,468.6,468.6,468.8,5565358.0
2018-01-26 10:08:46.507321,468.6,468.6,468.8,5565358.0
2018-01-26 10:08:47.883990,468.6,468.6,468.8,5565458.0
2018-01-26 10:08:48.827030,468.2,468.2,468.8,5594558.0
2018-01-26 10:08:50.626303,468.6,468.4,468.6,5598158.0
2018-01-26 10:08:52.039041,468.2,468.2,468.6,5609058.0
2018-01-26 10:08:53.563496,468.2,468.0,468.6,5608858.0
2018-01-26 10:08:55.382544,468.0,468.0,468.6,5617058.0
2018-01-26 10:08:57.200125,468.0,468.0,468.6,5617058.0
2018-01-26 10:08:58.376097,468.2,468.0,468.6,5621958.0
2018-01-26 10:08:59.533088,468.2,468.2,468.4,5621958.0
2018-01-26 10:09:01.211408,468.2,468.2,468.4,5621958.0
2018-01-26 10:09:02.759193,468.2,468.2,468.4,5621958.0
2018-01-26 10:09:03.781533,468.4,468.2,468.6,5622658.0
2018-01-26 10:09:05.014629,468.2,468.2,468.4,5621958.0
2018-01-26 10:09:05.922823,468.2,468.2,468.4,5625471.0
2018-01-26 10:09:07.548758,468.2,468.2,468.4,5625471.0
2018-01-26 10:09:08.736423,468.4,468.2,468.4,5622658.0
2018-01-26 10:09:10.231183,468.2,468.2,468.4,5625471.0
2018-01-26 10:09:11.839296,468.4,468.2,468.4,5626271.0
2018-01-26 10:09:13.555722,468.0,468.2,468.4,5627271.0
2018-01-26 10:09:14.948662,468.2,468.0,468.4,5628871.0
2018-01-26 10:09:16.248505,468.0,468.0,468.4,5632771.0
2018-01-26 10:09:17.484559,468.0,468.0,468.4,5632771.0
2018-01-26 10:09:18.667706,468.0,468.0,468.4,5632771.0
2018-01-26 10:09:19.935844,468.4,468.0,468.4,5634671.0
2018-01-26 10:09:20.991991,468.0,468.0,468.4,5636571.0
2018-01-26 10:09:22.429727,468.0,468.0,468.2,5637871.0
2018-01-26 10:09:24.133870,468.0,468.0,468.2,5637871.0
2018-01-26 10:09:25.563023,468.0,468.0,468.2,5637871.0
2018-01-26 10:09:26.814046,468.0,468.0,468.2,5637871.0
2018-01-26 10:09:28.545837,468.0,468.0,468.2,5637871.0
2018-01-26 10:09:29.897750,468.0,468.0,468.2,5637871.0
2018-01-26 10:09:31.460986,468.0,468.0,468.2,5637871.0
2018-01-26 10:09:32.835357,468.0,468.0,468.2,5636571.0
2018-01-26 10:09:34.417401,468.0,468.0,468.2,5637871.0
2018-01-26 10:09:36.246578,468.0,468.0,468.2,5640471.0
2018-01-26 10:09:37.922468,468.0,468.0,468.2,5637871.0
2018-01-26 10:09:39.058720,468.0,468.0,468.2,5640471.0
2018-01-26 10:09:40.038772,468.0,468.0,468.2,5640971.0
2018-01-26 10:09:41.480652,468.0,468.0,468.2,5641571.0
2018-01-26 10:09:43.029877,468.0,468.0,468.2,5640971.0
2018-01-26 10:09:45.131878,468.0,468.0,468.2,5640971.0
2018-01-26 10:09:46.549877,468.0,468.0,468.2,5642371.0
2018-01-26 10:09:47.927598,468.0,468.0,468.2,5641571.0
2018-01-26 10:09:49.219785,468.0,468.0,468.2,5645071.0
2018-01-26 10:09:50.504274,468.0,468.0,468.2,5645071.0
2018-01-26 10:09:51.945037,468.0,468.0,468.2,5645071.0
2018-01-26 10:09:53.147450,468.0,468.0,468.2,5645071.0
2018-01-26 10:09:54.171317,468.0,468.0,468.2,5645071.0
2018-01-26 10:09:55.621161,468.0,468.0,468.2,5645071.0
2018-01-26 10:09:57.103648,468.0,468.0,468.2,5645071.0
2018-01-26 10:09:58.300037,468.0,468.0,468.2,5645071.0
2018-01-26 10:09:59.837338,468.0,467.8,468.0,5662371.0
2018-01-26 10:10:02.027299,468.0,467.8,468.0,5662371.0
2018-01-26 10:10:03.786770,468.0,468.0,468.2,5665071.0
2018-01-26 10:10:06.316090,468.0,468.0,468.2,5665071.0
2018-01-26 10:10:07.600828,468.0,468.0,468.2,5665071.0
2018-01-26 10:10:09.058018,468.0,468.0,468.2,5665071.0
2018-01-26 10:10:10.314912,468.0,468.0,468.2,5665071.0
2018-01-26 10:10:11.490270,468.2,467.8,468.2,5674471.0
2018-01-26 10:10:12.790195,468.2,468.0,468.2,5674471.0
2018-01-26 10:10:14.288058,468.2,468.0,468.2,5674471.0
2018-01-26 10:10:15.899532,468.0,468.0,468.4,5681571.0
2018-01-26 10:10:17.225592,468.0,468.0,468.4,5681571.0
2018-01-26 10:10:19.255672,468.0,468.0,468.4,5681571.0
2018-01-26 10:10:21.279285,468.0,468.0,468.4,5681571.0
2018-01-26 10:10:22.926827,468.0,468.0,468.2,5684771.0
2018-01-26 10:10:24.753264,468.0,468.0,468.4,5684871.0
2018-01-26 10:10:26.617475,468.0,468.0,468.2,5684871.0
2018-01-26 10:10:28.247996,468.0,468.0,468.2,5688071.0
2018-01-26 10:10:29.539279,468.0,468.0,468.2,5688071.0
2018-01-26 10:10:31.539839,468.0,468.0,468.2,5688071.0
2018-01-26 10:10:33.364299,468.0,468.0,468.2,5688071.0
2018-01-26 10:10:34.943728,468.0,468.0,468.2,5688071.0
2018-01-26 10:10:36.637005,468.2,468.2,468.4,5690171.0
2018-01-26 10:10:38.027954,468.2,468.2,468.4,5690171.0
2018-01-26 10:10:39.323902,468.2,468.2,468.4,5689871.0
2018-01-26 10:10:40.559306,468.2,468.2,468.4,5689871.0
2018-01-26 10:10:41.780002,468.2,468.2,468.4,5690871.0
2018-01-26 10:10:43.311624,468.2,468.2,468.4,5690871.0
2018-01-26 10:10:44.728433,468.2,468.2,468.4,5690171.0
2018-01-26 10:10:45.991465,468.2,468.2,468.4,5690871.0
2018-01-26 10:10:47.649787,468.4,468.2,468.4,5691271.0
2018-01-26 10:10:49.079892,468.4,468.2,468.4,5691271.0
2018-01-26 10:10:50.384065,468.2,468.2,468.4,5690871.0
2018-01-26 10:10:51.446741,468.4,468.2,468.4,5691271.0
2018-01-26 10:10:52.637039,468.2,468.2,468.4,5690871.0
2018-01-26 10:10:55.174602,468.2,468.2,468.4,5692071.0
2018-01-26 10:10:56.782099,468.4,468.2,468.4,5692471.0
2018-01-26 10:10:58.034839,468.2,468.2,468.4,5692071.0
2018-01-26 10:10:59.897399,468.4,468.2,468.4,5692471.0
2018-01-26 10:11:01.063653,468.4,468.0,468.2,5692471.0
2018-01-26 10:11:02.349992,468.4,468.0,468.2,5692471.0
2018-01-26 10:11:03.294223,468.2,468.0,468.2,5697871.0
2018-01-26 10:11:04.574802,468.2,468.0,468.2,5697871.0
2018-01-26 10:11:05.634022,468.2,468.0,468.2,5695271.0
2018-01-26 10:11:07.096061,468.2,468.0,468.2,5697871.0
2018-01-26 10:11:08.408802,468.2,467.8,468.0,5697871.0
2018-01-26 10:11:09.739911,468.0,467.8,468.0,5701571.0
2018-01-26 10:11:11.085192,468.0,467.8,468.0,5701571.0
2018-01-26 10:11:12.204968,468.0,467.8,468.0,5703371.0
2018-01-26 10:11:13.878865,468.0,467.8,468.0,5701571.0
2018-01-26 10:11:14.960321,468.0,467.8,468.0,5701571.0
2018-01-26 10:11:16.326596,468.0,467.8,468.0,5703571.0
2018-01-26 10:11:17.505770,468.0,467.8,468.0,5703571.0
2018-01-26 10:11:19.342026,468.0,467.8,468.0,5703371.0
2018-01-26 10:11:20.997089,468.0,467.8,468.0,5703571.0
2018-01-26 10:11:22.333510,468.0,467.8,468.0,5703571.0
2018-01-26 10:11:23.584907,468.0,467.8,468.0,5703571.0
2018-01-26 10:11:25.594709,468.0,467.8,468.0,5703571.0
2018-01-26 10:11:26.792707,468.0,467.8,468.0,5703371.0
2018-01-26 10:11:27.746994,468.0,467.8,468.0,5703571.0
2018-01-26 10:11:29.106164,468.0,467.8,468.0,5703571.0
2018-01-26 10:11:30.341289,467.8,467.8,468.0,5704371.0
2018-01-26 10:11:32.237640,467.8,467.8,468.0,5704371.0
2018-01-26 10:11:34.211464,468.0,467.8,468.0,5703571.0
2018-01-26 10:11:35.288678,467.8,467.8,468.0,5704971.0
2018-01-26 10:11:36.460617,467.8,467.8,468.0,5704971.0
2018-01-26 10:11:38.480730,467.8,467.8,468.0,5710071.0
2018-01-26 10:11:39.670257,467.8,467.8,468.0,5711571.0
2018-01-26 10:11:40.982202,467.8,467.8,468.0,5711571.0
2018-01-26 10:11:42.353025,467.8,467.8,468.0,5711571.0
2018-01-26 10:11:43.866276,467.8,467.8,468.0,5711571.0
2018-01-26 10:11:45.103036,467.8,467.8,468.0,5711571.0
2018-01-26 10:11:46.383077,467.8,467.8,468.0,5711571.0
2018-01-26 10:11:47.593985,467.8,467.8,468.0,5711571.0
2018-01-26 10:11:48.955332,467.8,467.8,468.0,5711571.0
2018-01-26 10:11:50.636495,467.8,467.8,468.0,5711571.0
2018-01-26 10:11:52.031309,467.8,467.8,468.0,5710071.0
2018-01-26 10:11:53.220819,467.6,467.6,467.8,5717271.0
2018-01-26 10:11:54.614325,467.6,467.6,467.8,5719571.0
2018-01-26 10:11:56.291206,467.6,467.6,467.8,5719571.0
2018-01-26 10:11:57.655645,467.6,467.4,467.6,5730864.0
2018-01-26 10:11:59.023674,467.6,467.4,467.6,5730864.0
2018-01-26 10:12:00.344319,467.6,467.4,467.6,5723664.0
2018-01-26 10:12:02.440210,467.6,467.4,467.6,5723664.0
2018-01-26 10:12:03.725119,467.6,467.4,467.6,5723664.0
2018-01-26 10:12:05.026627,467.6,467.4,467.6,5730864.0
2018-01-26 10:12:06.576849,467.6,467.6,467.8,5734364.0
2018-01-26 10:12:07.628270,467.6,467.6,467.8,5733264.0
2018-01-26 10:12:09.507716,467.6,467.6,467.8,5733264.0
2018-01-26 10:12:10.973469,467.6,467.6,467.8,5733264.0
2018-01-26 10:12:12.341237,467.6,467.6,467.8,5734364.0
2018-01-26 10:12:13.798921,467.6,467.6,467.8,5736664.0
2018-01-26 10:12:15.050542,467.6,467.6,467.8,5737764.0
2018-01-26 10:12:16.606388,467.6,467.6,467.8,5738964.0
2018-01-26 10:12:18.960532,467.6,467.6,467.8,5740964.0
2018-01-26 10:12:20.017180,467.6,467.6,467.8,5740964.0
2018-01-26 10:12:20.930790,467.6,467.4,467.6,5742615.0
2018-01-26 10:12:22.247755,467.6,467.6,467.8,5742615.0
2018-01-26 10:12:23.445893,467.6,467.4,467.6,5740964.0
2018-01-26 10:12:24.350213,467.6,467.4,467.6,5740964.0
2018-01-26 10:12:25.570988,467.6,467.4,467.6,5742615.0
2018-01-26 10:12:26.804007,467.6,467.4,467.6,5742615.0
2018-01-26 10:12:28.113286,467.6,467.4,467.6,5742615.0
2018-01-26 10:12:29.279672,467.4,467.4,467.6,5746415.0
2018-01-26 10:12:30.226577,467.4,467.4,467.6,5746415.0
2018-01-26 10:12:31.088770,467.6,467.2,467.6,5763915.0
2018-01-26 10:12:32.393329,467.6,467.2,467.6,5763915.0
2018-01-26 10:12:33.738705,467.6,467.2,467.6,5763915.0
2018-01-26 10:12:34.844758,467.6,467.2,467.6,5765115.0
2018-01-26 10:12:36.046132,467.6,467.2,467.6,5763915.0
2018-01-26 10:12:37.162155,467.6,467.2,467.6,5763915.0
2018-01-26 10:12:38.512479,467.6,467.2,467.6,5763915.0
2018-01-26 10:12:39.734062,467.2,467.2,467.6,5766415.0
2018-01-26 10:12:41.475845,467.2,467.2,467.4,5766415.0
2018-01-26 10:12:43.223644,467.2,467.2,467.4,5766415.0
2018-01-26 10:12:45.190745,467.2,467.2,467.4,5766415.0
2018-01-26 10:12:46.296987,467.0,467.0,467.2,5773415.0
2018-01-26 10:12:47.780499,467.0,467.0,467.2,5773415.0
2018-01-26 10:12:49.357936,467.0,467.0,467.2,5776915.0
2018-01-26 10:12:50.720727,467.0,466.8,467.0,5785815.0
2018-01-26 10:12:52.904169,467.0,466.8,467.0,5785815.0
2018-01-26 10:12:54.064447,467.0,467.0,467.2,5789715.0
2018-01-26 10:12:55.827592,467.0,467.0,467.2,5789715.0
2018-01-26 10:12:57.619169,467.0,467.0,467.2,5789715.0
2018-01-26 10:12:59.294998,466.8,467.0,467.2,5792315.0
2018-01-26 10:13:00.732237,467.2,467.0,467.4,5806115.0
2018-01-26 10:13:02.028880,467.2,467.0,467.4,5804415.0
2018-01-26 10:13:03.882679,467.2,467.0,467.4,5806115.0
2018-01-26 10:13:05.085686,467.0,467.0,467.4,5807715.0
2018-01-26 10:13:06.574158,467.0,467.0,467.4,5807715.0
2018-01-26 10:13:07.795790,467.2,467.0,467.4,5806115.0
2018-01-26 10:13:09.390369,467.2,467.0,467.4,5806115.0
2018-01-26 10:13:11.145089,467.0,467.0,467.4,5807715.0
2018-01-26 10:13:12.996471,467.0,467.0,467.4,5807915.0
2018-01-26 10:13:14.646421,467.4,467.2,467.4,5822115.0
2018-01-26 10:13:16.067769,467.2,467.2,467.4,5828515.0
2018-01-26 10:13:17.904539,467.2,467.2,467.4,5828515.0
2018-01-26 10:13:19.122901,467.0,467.2,467.4,5828315.0
2018-01-26 10:13:20.529801,467.2,467.2,467.4,5829515.0
2018-01-26 10:13:22.622825,467.2,467.2,467.4,5828515.0
2018-01-26 10:13:23.981484,467.2,467.2,467.4,5829515.0
2018-01-26 10:13:25.640662,467.2,467.0,467.2,5829515.0
2018-01-26 10:13:27.062764,467.2,467.2,467.4,5829515.0
2018-01-26 10:13:28.559638,467.2,467.2,467.4,5829515.0
2018-01-26 10:13:29.939657,467.2,467.2,467.4,5829515.0
2018-01-26 10:13:31.186328,467.0,467.2,467.4,5832315.0
2018-01-26 10:13:32.705965,467.2,467.2,467.4,5829515.0
2018-01-26 10:13:34.293510,467.0,467.0,467.2,5832315.0
2018-01-26 10:13:35.511537,467.0,467.0,467.2,5832315.0
2018-01-26 10:13:36.782170,467.0,467.0,467.2,5833515.0
2018-01-26 10:13:38.011111,467.0,467.0,467.2,5841615.0
2018-01-26 10:13:39.262036,467.0,467.0,467.2,5845215.0
2018-01-26 10:13:40.805400,467.0,467.0,467.2,5845215.0
2018-01-26 10:13:42.625957,467.0,466.8,467.0,5855315.0
2018-01-26 10:13:44.102925,467.0,467.0,467.2,5855315.0
2018-01-26 10:13:45.338021,467.0,466.8,467.0,5858815.0
2018-01-26 10:13:46.942909,467.0,467.0,467.2,5858815.0
2018-01-26 10:13:48.631117,467.0,467.0,467.2,5858815.0
2018-01-26 10:13:50.453369,467.0,466.8,467.2,5871715.0
2018-01-26 10:13:52.063122,467.0,466.8,467.0,5872015.0
2018-01-26 10:13:53.462375,467.0,466.8,467.0,5872015.0
2018-01-26 10:13:54.696328,467.0,466.8,467.0,5871715.0
2018-01-26 10:13:55.974947,467.0,466.8,467.2,5874015.0
2018-01-26 10:13:57.055511,467.0,466.8,467.2,5872015.0
2018-01-26 10:13:58.081814,467.0,466.8,467.2,5874015.0
2018-01-26 10:13:59.804787,467.0,466.8,467.2,5872015.0
2018-01-26 10:14:01.544997,467.0,466.8,467.0,5874315.0
2018-01-26 10:14:02.906538,467.0,466.8,467.0,5876915.0
2018-01-26 10:14:04.433119,467.0,466.8,467.0,5879115.0
2018-01-26 10:14:05.786276,467.0,466.8,467.0,5879115.0
2018-01-26 10:14:07.336036,467.0,466.8,467.0,5879215.0
2018-01-26 10:14:08.552440,467.0,466.8,467.0,5879215.0
2018-01-26 10:14:09.778674,467.2,467.0,467.2,5884515.0
2018-01-26 10:14:10.918032,467.2,467.0,467.2,5884515.0
2018-01-26 10:14:12.541064,467.2,467.0,467.2,5884515.0
2018-01-26 10:14:14.067668,467.0,467.0,467.2,5887615.0
2018-01-26 10:14:15.586119,467.0,467.0,467.2,5892315.0
2018-01-26 10:14:16.824983,467.0,467.0,467.2,5892315.0
2018-01-26 10:14:18.239412,467.2,467.0,467.2,5904515.0
2018-01-26 10:14:19.594402,467.2,467.0,467.2,5908515.0
2018-01-26 10:14:20.810596,467.2,467.0,467.2,5919915.0
2018-01-26 10:14:21.831699,467.2,467.0,467.2,5919915.0
2018-01-26 10:14:23.804166,467.2,467.0,467.2,5919915.0
2018-01-26 10:14:24.989973,467.4,467.0,467.2,5923515.0
2018-01-26 10:14:26.224638,467.2,467.0,467.2,5919915.0
2018-01-26 10:14:27.460216,467.4,467.4,467.6,5925515.0
2018-01-26 10:14:28.617784,467.4,467.4,467.6,5931615.0
2018-01-26 10:14:30.384899,467.4,467.4,467.6,5932115.0
2018-01-26 10:14:31.608852,467.4,467.4,467.6,5932115.0
2018-01-26 10:14:33.193995,467.4,467.4,467.6,5932115.0
2018-01-26 10:14:35.021230,467.6,467.4,467.6,5933315.0
2018-01-26 10:14:36.659496,467.6,467.4,467.6,5933415.0
2018-01-26 10:14:37.868819,467.6,467.4,467.6,5934315.0
2018-01-26 10:14:39.752742,467.6,467.4,467.6,5934315.0
2018-01-26 10:14:40.785431,467.4,467.4,467.6,5935015.0
2018-01-26 10:14:42.201680,467.4,467.4,467.6,5935015.0
2018-01-26 10:14:43.317593,467.6,467.4,467.6,5936615.0
2018-01-26 10:14:44.907183,467.4,467.4,467.6,5935015.0
2018-01-26 10:14:46.683878,467.4,467.4,467.6,5935015.0
2018-01-26 10:14:47.931957,467.6,467.2,467.4,5936615.0
2018-01-26 10:14:49.553645,467.6,467.4,467.6,5949515.0
2018-01-26 10:14:50.759710,467.6,467.4,467.6,5949515.0
2018-01-26 10:14:52.290925,467.6,467.4,467.6,5952415.0
2018-01-26 10:14:53.370542,467.6,467.4,467.6,5952415.0
2018-01-26 10:14:54.636511,467.6,467.4,467.6,5952415.0
2018-01-26 10:14:55.883311,467.6,467.4,467.6,5952815.0
2018-01-26 10:14:56.935417,467.4,467.4,467.6,5954015.0
2018-01-26 10:14:58.504438,467.4,467.4,467.6,5954015.0
2018-01-26 10:15:00.317481,467.4,467.4,467.6,5954315.0
2018-01-26 10:15:02.067191,467.6,467.6,467.8,5960515.0
2018-01-26 10:15:04.343000,467.6,467.6,467.8,5960615.0
2018-01-26 10:15:06.037037,467.8,467.6,467.8,5966615.0
2018-01-26 10:15:07.513962,467.8,467.6,467.8,5966615.0
2018-01-26 10:15:08.957906,467.8,467.6,467.8,5965315.0
2018-01-26 10:15:10.490895,467.8,467.6,467.8,5967915.0
2018-01-26 10:15:12.015337,467.8,467.6,467.8,5967915.0
2018-01-26 10:15:13.498464,467.8,467.6,467.8,5968215.0
2018-01-26 10:15:15.120627,467.8,467.6,467.8,5967915.0
2018-01-26 10:15:16.633961,467.8,467.6,467.8,5968215.0
2018-01-26 10:15:18.581619,467.8,467.6,467.8,5968215.0
2018-01-26 10:15:20.290667,467.6,467.6,467.8,5971015.0
2018-01-26 10:15:21.415292,467.8,467.6,467.8,5971315.0
2018-01-26 10:15:22.467849,467.8,467.6,467.8,5971315.0
2018-01-26 10:15:24.002370,467.6,467.6,467.8,5971015.0
2018-01-26 10:15:25.814796,467.8,467.6,467.8,5971315.0
2018-01-26 10:15:27.328842,467.8,467.6,467.8,5971315.0
2018-01-26 10:15:29.212287,467.6,467.6,467.8,5971015.0
2018-01-26 10:15:30.582497,467.8,467.6,467.8,5975215.0
2018-01-26 10:15:31.770208,467.8,467.6,467.8,5975515.0
2018-01-26 10:15:33.286964,467.8,467.6,467.8,5975515.0
2018-01-26 10:15:34.812810,467.8,467.6,467.8,5975515.0
2018-01-26 10:15:36.378344,467.8,467.6,467.8,5975515.0
2018-01-26 10:15:37.794672,467.8,467.6,467.8,5981715.0
2018-01-26 10:15:39.680542,467.8,467.6,467.8,5981415.0
2018-01-26 10:15:41.175969,467.6,467.6,467.8,5982715.0
2018-01-26 10:15:42.360424,467.8,467.6,467.8,5983015.0
2018-01-26 10:15:44.232519,467.8,467.6,467.8,5983015.0
2018-01-26 10:15:45.816990,467.8,467.6,467.8,5983015.0
2018-01-26 10:15:47.376382,467.6,467.6,467.8,5982715.0
2018-01-26 10:15:49.067982,467.8,467.6,467.8,5983015.0
2018-01-26 10:15:50.400580,467.8,467.6,467.8,5983015.0
2018-01-26 10:15:51.287406,467.8,467.6,467.8,5984515.0
2018-01-26 10:15:52.322162,467.8,467.6,467.8,5984515.0
2018-01-26 10:15:53.389056,467.8,467.6,467.8,5986415.0
2018-01-26 10:15:54.573808,467.8,467.6,467.8,5986415.0
2018-01-26 10:15:55.516485,467.8,467.6,467.8,5986415.0
2018-01-26 10:15:56.426401,467.6,467.6,467.8,5986815.0
2018-01-26 10:15:57.275467,467.8,467.6,467.8,5990015.0
2018-01-26 10:15:58.294928,467.8,467.6,467.8,5990015.0
2018-01-26 10:15:59.183763,467.8,467.6,468.0,5992515.0
2018-01-26 10:16:00.198163,468.0,467.6,468.0,5994915.0
2018-01-26 10:16:01.330424,468.0,467.6,468.0,5995415.0
2018-01-26 10:16:02.365173,468.0,467.6,468.0,5994915.0
2018-01-26 10:16:03.491926,468.0,467.6,468.0,5994915.0
2018-01-26 10:16:04.611073,468.0,467.6,468.0,5995415.0
2018-01-26 10:16:05.841548,468.0,467.8,468.0,5996915.0
2018-01-26 10:16:06.815215,468.0,467.8,468.0,6028615.0
2018-01-26 10:16:07.681552,467.8,467.8,468.0,6029315.0
2018-01-26 10:16:08.758367,468.0,467.8,468.0,6028615.0
2018-01-26 10:16:09.838993,468.0,467.8,468.0,6062315.0
2018-01-26 10:16:10.751292,468.0,467.8,468.0,6062315.0
2018-01-26 10:16:11.761906,468.0,467.8,468.0,6062315.0
2018-01-26 10:16:12.667567,468.2,467.8,468.0,6068515.0
2018-01-26 10:16:13.826162,468.2,468.0,468.2,6068515.0
2018-01-26 10:16:14.748978,468.2,468.0,468.2,6068576.0
2018-01-26 10:16:16.024520,468.2,468.0,468.2,6068515.0
2018-01-26 10:16:17.219764,468.2,468.0,468.2,6068576.0
2018-01-26 10:16:18.436854,468.2,468.0,468.2,6071476.0
2018-01-26 10:16:19.497058,468.2,468.2,468.4,6070876.0
2018-01-26 10:16:20.646799,468.2,468.2,468.4,6070876.0
2018-01-26 10:16:21.548183,468.2,468.0,468.2,6071476.0
2018-01-26 10:16:22.573763,468.2,468.0,468.2,6071476.0
2018-01-26 10:16:23.963847,468.2,468.2,468.4,6070876.0
2018-01-26 10:16:24.992099,468.2,468.2,468.4,6070876.0
2018-01-26 10:16:26.160292,468.2,468.0,468.2,6070876.0
2018-01-26 10:16:27.109979,468.2,468.0,468.2,6070876.0
2018-01-26 10:16:28.151842,,,,
2018-01-26 10:16:29.092433,468.2,468.2,468.4,6071476.0
2018-01-26 10:16:30.118393,468.2,468.0,468.2,6070876.0
2018-01-26 10:16:31.031344,468.2,468.2,468.4,6070876.0
2018-01-26 10:16:31.951787,468.2,468.2,468.4,6070876.0
2018-01-26 10:16:32.867897,468.6,468.2,468.4,6087726.0
2018-01-26 10:16:33.824038,468.6,468.2,468.8,6087726.0
2018-01-26 10:16:34.736778,468.6,468.2,468.8,6083826.0
2018-01-26 10:16:35.605270,468.6,468.2,468.8,6083826.0
2018-01-26 10:16:36.948589,468.6,468.2,468.8,6087726.0
2018-01-26 10:16:38.159736,468.6,468.2,468.8,6087726.0
2018-01-26 10:16:39.378705,468.6,468.6,468.8,6093726.0
2018-01-26 10:16:40.268496,468.6,468.6,468.8,6093726.0
2018-01-26 10:16:41.295818,469.0,468.4,468.6,6136126.0
2018-01-26 10:16:42.262213,468.8,468.4,468.6,6118726.0
2018-01-26 10:16:43.070675,469.0,468.6,469.0,6136126.0
2018-01-26 10:16:43.944976,469.0,468.8,469.0,6136126.0
2018-01-26 10:16:44.904617,469.0,468.8,469.0,6136126.0
2018-01-26 10:16:46.088199,469.0,468.8,469.0,6136126.0
2018-01-26 10:16:47.372397,469.0,468.8,469.0,6136126.0
2018-01-26 10:16:48.248362,469.0,468.8,469.0,6136126.0
2018-01-26 10:16:49.468208,468.8,468.6,469.0,6139226.0
2018-01-26 10:16:50.734227,468.8,468.6,469.0,6144226.0
2018-01-26 10:16:51.640010,468.8,468.6,469.0,6139226.0
2018-01-26 10:16:52.838493,468.8,468.6,469.0,6139226.0
2018-01-26 10:16:53.833980,468.8,468.6,469.0,6144226.0
2018-01-26 10:16:54.987922,468.8,468.6,468.8,6144226.0
2018-01-26 10:16:55.885298,468.8,468.6,468.8,6144226.0
2018-01-26 10:16:57.187722,468.8,468.6,469.0,6144226.0
2018-01-26 10:16:58.120692,468.8,468.6,468.8,6146426.0
2018-01-26 10:16:59.299472,468.8,468.6,468.8,6144226.0
2018-01-26 10:17:00.594866,468.8,468.6,468.8,6146426.0
2018-01-26 10:17:01.481118,468.8,468.6,468.8,6146426.0
2018-01-26 10:17:02.516141,468.8,468.6,468.8,6146426.0
2018-01-26 10:17:03.521442,468.8,468.6,468.8,6146426.0
2018-01-26 10:17:05.025746,468.8,468.6,468.8,6146626.0
2018-01-26 10:17:06.166500,468.6,468.6,468.8,6150226.0
2018-01-26 10:17:07.493390,468.6,468.6,468.8,6150226.0
2018-01-26 10:17:09.039984,468.6,468.6,468.8,6150226.0
2018-01-26 10:17:10.518031,468.6,468.6,468.8,6150226.0
2018-01-26 10:17:11.806166,468.6,468.6,468.8,6150226.0
2018-01-26 10:17:13.545344,468.6,468.6,468.8,6150226.0
2018-01-26 10:17:14.704063,468.6,468.4,468.6,6158126.0
2018-01-26 10:17:15.940366,468.4,468.4,468.6,6158626.0
2018-01-26 10:17:17.561369,468.4,468.4,468.6,6160926.0
2018-01-26 10:17:18.864912,468.4,468.4,468.6,6160926.0
2018-01-26 10:17:19.916319,468.4,468.4,468.6,6160926.0
2018-01-26 10:17:21.471687,468.4,468.4,468.6,6160926.0
2018-01-26 10:17:22.850121,468.6,468.4,468.6,6167026.0
2018-01-26 10:17:23.976871,468.6,468.4,468.8,6165926.0
2018-01-26 10:17:25.202023,468.6,468.4,468.8,6168726.0
2018-01-26 10:17:26.678822,468.8,468.4,469.0,6177826.0
2018-01-26 10:17:28.309931,468.8,468.4,469.0,6177826.0
2018-01-26 10:17:29.535864,468.8,468.4,469.0,6177826.0
2018-01-26 10:17:30.688190,468.8,468.4,469.0,6177826.0
2018-01-26 10:17:31.903085,468.8,468.8,469.0,6181926.0
2018-01-26 10:17:33.375685,468.8,468.8,469.0,6181926.0
2018-01-26 10:17:34.689190,468.8,468.8,469.0,6181826.0
2018-01-26 10:17:35.891145,468.8,468.8,469.0,6181926.0
2018-01-26 10:17:37.122220,468.8,468.8,469.0,6181926.0
2018-01-26 10:17:38.093276,468.8,468.8,469.0,6181926.0
2018-01-26 10:17:40.080906,468.8,468.8,469.0,6181926.0
2018-01-26 10:17:41.666413,468.8,468.8,469.0,6181926.0
2018-01-26 10:17:43.456195,468.8,468.8,469.0,6184226.0
2018-01-26 10:17:44.648061,468.8,468.8,469.0,6184226.0
2018-01-26 10:17:45.900292,468.8,468.8,469.0,6187226.0
2018-01-26 10:17:47.487472,468.8,468.6,468.8,6187226.0
2018-01-26 10:17:49.331836,468.8,468.6,468.8,6187226.0
2018-01-26 10:17:50.640434,468.8,468.6,468.8,6188826.0
2018-01-26 10:17:52.053178,468.8,468.6,468.8,6188826.0
2018-01-26 10:17:53.116936,468.6,468.6,468.8,6188726.0
2018-01-26 10:17:54.786736,468.6,468.6,468.8,6188726.0
2018-01-26 10:17:56.695086,468.8,468.6,468.8,6188826.0
2018-01-26 10:17:57.727203,468.8,468.6,468.8,6188826.0
2018-01-26 10:17:59.450721,468.8,468.6,468.8,6188826.0
2018-01-26 10:18:00.756678,468.6,468.6,468.8,6190326.0
2018-01-26 10:18:02.225967,468.8,468.6,468.8,6190626.0
2018-01-26 10:18:03.415546,468.8,468.6,468.8,6190626.0
2018-01-26 10:18:04.881343,468.8,468.6,468.8,6190626.0
2018-01-26 10:18:06.178246,468.8,468.6,468.8,6190626.0
2018-01-26 10:18:07.649516,468.8,468.6,468.8,6190626.0
2018-01-26 10:18:09.138199,468.8,468.6,468.8,6190626.0
2018-01-26 10:18:10.488739,468.8,468.8,469.0,6220126.0
2018-01-26 10:18:12.105205,468.8,468.8,469.0,6220726.0
2018-01-26 10:18:13.455660,468.8,468.8,469.0,6234226.0
2018-01-26 10:18:14.754874,468.8,468.8,469.0,6234226.0
2018-01-26 10:18:15.898325,468.8,468.8,469.0,6234226.0
2018-01-26 10:18:17.232380,468.8,468.8,469.0,6234226.0
2018-01-26 10:18:18.459178,468.8,468.8,469.0,6234226.0
2018-01-26 10:18:19.900178,469.0,468.8,469.0,6238126.0
2018-01-26 10:18:21.233122,469.0,468.8,469.0,6238126.0
2018-01-26 10:18:22.573549,469.0,468.8,469.0,6238126.0
2018-01-26 10:18:25.352286,468.8,468.8,469.0,6238326.0
2018-01-26 10:18:27.377973,469.0,468.8,469.0,6240226.0
2018-01-26 10:18:30.039919,469.0,468.8,469.0,6240226.0
2018-01-26 10:18:32.161098,468.8,468.8,469.0,6242926.0
2018-01-26 10:18:34.000407,468.8,468.8,469.0,6241426.0
2018-01-26 10:18:36.144938,468.8,468.8,469.0,6243126.0
2018-01-26 10:18:38.043560,468.8,468.8,469.0,6246526.0
2018-01-26 10:18:40.042454,468.8,468.8,469.0,6250826.0
2018-01-26 10:18:41.749753,468.8,468.8,469.0,6250826.0
2018-01-26 10:18:43.698485,468.8,468.8,469.0,6250826.0
2018-01-26 10:18:45.616246,468.6,468.6,469.0,6271826.0
2018-01-26 10:18:47.461968,468.8,468.6,468.8,6265626.0
2018-01-26 10:18:49.330318,468.6,468.6,468.8,6271826.0
2018-01-26 10:18:51.271050,468.8,468.6,468.8,6283426.0
2018-01-26 10:18:53.914864,468.8,468.6,468.8,6283426.0
2018-01-26 10:18:55.971765,468.8,468.6,468.8,6285126.0
2018-01-26 10:18:58.296995,468.8,468.6,468.8,6285126.0
2018-01-26 10:19:00.134537,468.6,468.6,468.8,6286426.0
2018-01-26 10:19:01.839351,468.8,468.6,468.8,6288826.0
2018-01-26 10:19:04.364782,469.0,468.6,468.8,6290426.0
2018-01-26 10:19:06.347968,468.6,468.4,468.6,6295326.0
2018-01-26 10:19:08.243993,468.4,468.4,468.6,6300226.0
2018-01-26 10:19:10.228506,468.4,468.4,468.6,6300226.0
2018-01-26 10:19:12.007257,468.4,468.4,468.6,6302126.0
2018-01-26 10:19:13.882467,468.4,468.4,468.6,6300226.0
2018-01-26 10:19:15.663663,468.4,468.4,468.6,6302226.0
2018-01-26 10:19:17.560301,468.8,468.4,469.0,6315626.0
2018-01-26 10:19:19.192990,468.8,468.4,469.0,6315626.0
2018-01-26 10:19:20.916146,468.8,468.4,468.8,6315626.0
2018-01-26 10:19:22.729333,469.0,468.6,468.8,6344126.0
2018-01-26 10:19:24.635665,469.0,468.6,468.8,6344326.0
2018-01-26 10:19:27.531848,468.8,468.8,469.0,6348726.0
2018-01-26 10:19:29.625312,468.8,468.8,469.0,6348426.0
2018-01-26 10:19:31.528440,468.8,468.8,469.0,6348426.0
2018-01-26 10:19:34.135142,468.8,468.8,469.0,6348426.0
2018-01-26 10:19:36.213384,468.8,468.6,468.8,6349926.0
2018-01-26 10:19:38.219792,468.8,468.8,469.0,6349926.0
2018-01-26 10:19:40.962223,468.8,468.8,469.0,6351426.0
2018-01-26 10:19:43.254145,469.0,468.8,469.0,6353326.0
2018-01-26 10:19:45.867702,469.0,468.8,469.0,6353326.0
2018-01-26 10:19:48.031538,468.8,468.8,469.0,6359126.0
2018-01-26 10:19:49.816006,468.8,468.8,469.0,6359126.0
2018-01-26 10:19:52.019913,468.8,468.6,468.8,6359126.0
2018-01-26 10:19:53.763965,468.8,468.6,468.8,6360326.0
2018-01-26 10:19:55.969593,468.8,468.6,468.8,6360326.0
2018-01-26 10:19:57.819157,468.8,468.6,468.8,6360926.0
2018-01-26 10:19:59.631200,468.8,468.6,468.8,6360326.0
2018-01-26 10:20:01.496332,468.8,468.6,468.8,6360926.0
2018-01-26 10:20:03.310486,468.8,468.6,468.8,6360326.0
2018-01-26 10:20:05.819605,468.8,468.6,468.8,6363426.0
2018-01-26 10:20:07.879840,468.8,468.6,468.8,6360926.0
2018-01-26 10:20:09.890067,468.8,468.8,469.0,6366226.0
2018-01-26 10:20:11.676652,468.8,468.8,469.0,6366226.0
2018-01-26 10:20:14.510263,468.8,468.8,469.0,6366226.0
2018-01-26 10:20:16.477112,468.8,468.8,469.0,6366226.0
2018-01-26 10:20:18.360953,469.0,468.8,469.0,6367826.0
2018-01-26 10:20:20.258885,469.0,468.8,469.0,6367826.0
2018-01-26 10:20:22.098151,469.0,468.8,469.0,6367826.0
2018-01-26 10:20:24.593873,469.0,468.8,469.0,6367826.0
2018-01-26 10:20:26.702344,469.0,468.8,469.0,6367626.0
2018-01-26 10:20:28.384218,469.0,468.8,469.0,6367826.0
2018-01-26 10:20:31.061121,469.0,468.8,469.0,6370026.0
2018-01-26 10:20:33.061081,469.0,468.6,469.0,6370026.0
2018-01-26 10:20:35.840004,469.0,468.8,469.0,6370026.0
2018-01-26 10:20:37.968425,469.0,468.8,469.0,6370026.0
2018-01-26 10:20:39.962761,469.0,468.6,469.0,6370026.0
2018-01-26 10:20:42.125965,469.0,468.8,469.0,6371726.0
2018-01-26 10:20:43.897345,469.0,468.8,469.0,6371726.0
2018-01-26 10:20:45.711044,469.0,468.8,469.0,6371726.0
2018-01-26 10:20:47.524189,469.0,468.8,469.0,6371726.0
2018-01-26 10:20:49.415925,469.0,468.8,469.0,6371726.0
2018-01-26 10:20:51.121380,469.0,468.8,469.0,6371726.0
2018-01-26 10:20:53.763958,469.0,468.8,469.0,6371726.0
2018-01-26 10:20:56.567110,469.0,468.8,469.0,6374726.0
2018-01-26 10:20:58.489839,468.8,468.8,469.0,6374826.0
2018-01-26 10:21:00.246243,469.0,468.8,469.0,6374726.0
2018-01-26 10:21:02.894806,469.0,468.8,469.0,6374726.0
2018-01-26 10:21:05.391419,469.0,468.8,469.0,6375826.0
2018-01-26 10:21:07.194979,469.0,468.8,469.0,6375826.0
2018-01-26 10:21:08.944649,469.0,468.8,469.0,6379026.0
2018-01-26 10:21:09.954267,469.0,468.8,469.0,6379026.0
2018-01-26 10:21:10.963128,469.0,468.8,469.0,6379026.0
2018-01-26 10:21:12.371324,469.0,468.8,469.0,6379026.0
2018-01-26 10:21:14.650951,469.0,468.8,469.0,6379026.0
2018-01-26 10:21:15.850612,469.0,468.8,469.0,6379026.0
2018-01-26 10:21:17.485153,469.0,468.8,469.0,6379026.0
2018-01-26 10:21:18.615486,468.8,468.8,469.0,6380136.0
2018-01-26 10:21:19.874318,468.8,468.8,469.0,6380136.0
2018-01-26 10:21:21.604190,468.8,468.8,469.0,6379936.0
2018-01-26 10:21:23.119502,468.8,468.8,469.0,6380136.0
2018-01-26 10:21:24.836011,468.8,468.6,468.8,6394136.0
2018-01-26 10:21:26.321757,468.8,468.6,468.8,6396336.0
2018-01-26 10:21:27.374877,468.8,468.6,469.0,6409636.0
2018-01-26 10:21:28.466645,468.8,468.6,469.0,6409636.0
2018-01-26 10:21:29.831466,469.0,468.6,469.0,6411536.0
2018-01-26 10:21:31.142716,469.0,468.6,469.0,6411536.0
2018-01-26 10:21:32.566824,469.0,468.6,469.0,6411536.0
2018-01-26 10:21:33.699884,469.0,468.6,469.0,6411536.0
2018-01-26 10:21:35.292665,469.0,468.6,469.0,6411536.0
2018-01-26 10:21:36.765137,469.0,468.6,469.0,6411536.0
2018-01-26 10:21:38.031793,469.0,468.6,469.0,6413036.0
2018-01-26 10:21:39.303665,469.0,468.6,469.0,6411536.0
2018-01-26 10:21:41.559272,468.6,468.6,469.0,6413236.0
2018-01-26 10:21:44.006852,468.6,468.6,469.0,6413236.0
2018-01-26 10:21:45.032258,468.6,468.6,469.0,6413236.0
2018-01-26 10:21:46.323739,468.6,468.6,469.0,6413236.0
2018-01-26 10:21:47.797766,469.0,468.6,469.0,6413036.0
2018-01-26 10:21:49.439312,468.6,468.6,469.0,6413236.0
2018-01-26 10:21:50.524789,468.6,468.6,469.0,6413236.0
2018-01-26 10:21:51.818363,468.6,468.6,469.0,6413236.0
2018-01-26 10:21:53.102050,468.6,468.6,469.0,6413236.0
2018-01-26 10:21:54.433640,468.6,468.6,469.0,6413236.0
2018-01-26 10:21:55.498491,468.8,468.6,468.8,6416636.0
2018-01-26 10:21:56.706045,468.8,468.6,468.8,6416636.0
2018-01-26 10:21:58.306030,468.8,468.6,468.8,6416636.0
2018-01-26 10:21:59.714892,468.6,468.6,468.8,6416536.0
2018-01-26 10:22:01.052695,468.6,468.6,468.8,6416536.0
2018-01-26 10:22:02.047257,468.8,468.6,468.8,6419636.0
2018-01-26 10:22:03.309475,468.8,468.6,468.8,6419636.0
2018-01-26 10:22:04.715385,468.8,468.6,468.8,6419636.0
2018-01-26 10:22:06.419595,468.8,468.6,468.8,6419636.0
2018-01-26 10:22:07.587598,468.8,468.6,468.8,6419636.0
2018-01-26 10:22:08.707591,468.8,468.6,468.8,6422036.0
2018-01-26 10:22:10.709180,468.8,468.6,468.8,6422036.0
2018-01-26 10:22:12.180156,468.8,468.6,468.8,6419636.0
2018-01-26 10:22:14.020869,468.8,468.6,468.8,6422036.0
2018-01-26 10:22:15.676402,468.8,468.6,468.8,6422036.0
2018-01-26 10:22:17.007057,468.8,468.6,468.8,6419636.0
2018-01-26 10:22:18.201351,468.8,468.6,468.8,6422036.0
2018-01-26 10:22:19.795991,468.8,468.6,468.8,6423836.0
2018-01-26 10:22:21.194230,468.8,468.6,468.8,6423736.0
2018-01-26 10:22:22.220381,468.8,468.6,468.8,6423836.0
2018-01-26 10:22:24.620773,468.8,468.6,468.8,6423736.0
2018-01-26 10:22:26.190861,468.8,468.6,468.8,6423836.0
2018-01-26 10:22:27.633332,468.8,468.6,468.8,6423736.0
2018-01-26 10:22:29.171863,468.6,468.6,468.8,6425236.0
2018-01-26 10:22:30.359804,468.6,468.6,468.8,6425236.0
2018-01-26 10:22:31.593241,468.8,468.6,468.8,6425436.0
2018-01-26 10:22:32.868219,468.8,468.6,468.8,6425436.0
2018-01-26 10:22:34.707296,468.6,468.6,468.8,6425236.0
2018-01-26 10:22:36.389919,468.8,468.6,468.8,6425436.0
2018-01-26 10:22:37.546135,468.6,468.6,468.8,6425236.0
2018-01-26 10:22:39.463260,468.8,468.6,468.8,6425436.0
2018-01-26 10:22:40.849998,468.8,468.6,468.8,6425436.0
2018-01-26 10:22:42.542374,468.6,468.6,468.8,6425236.0
2018-01-26 10:22:43.731012,468.8,468.8,469.0,6452136.0
2018-01-26 10:22:44.836798,468.6,468.8,469.0,6425236.0
2018-01-26 10:22:46.018251,468.8,468.8,469.0,6452136.0
2018-01-26 10:22:47.213003,468.8,468.8,469.0,6452136.0
2018-01-26 10:22:49.008604,468.8,468.8,469.0,6453536.0
2018-01-26 10:22:50.951562,468.8,468.8,469.0,6453536.0
2018-01-26 10:22:52.166516,468.8,468.8,469.0,6453536.0
2018-01-26 10:22:53.256214,468.8,468.8,469.0,6453536.0
2018-01-26 10:22:54.413644,468.8,468.8,469.0,6453536.0
2018-01-26 10:22:55.705890,468.8,468.8,469.0,6453536.0
2018-01-26 10:22:57.059808,468.8,468.8,469.0,6453536.0
2018-01-26 10:22:58.645473,468.8,468.8,469.0,6461836.0
2018-01-26 10:22:59.849500,468.8,468.8,469.0,6461836.0
2018-01-26 10:23:01.144105,468.8,468.8,469.0,6461836.0
2018-01-26 10:23:02.372028,468.8,468.8,469.0,6463336.0
2018-01-26 10:23:03.515742,468.8,468.8,469.0,6461836.0
2018-01-26 10:23:05.202555,468.8,468.8,469.0,6463336.0
2018-01-26 10:23:06.820204,468.8,468.8,469.0,6468136.0
2018-01-26 10:23:08.129360,468.8,468.8,469.0,6463336.0
2018-01-26 10:23:09.493614,468.8,468.8,469.0,6463336.0
2018-01-26 10:23:11.244376,468.8,468.8,469.0,6468136.0
2018-01-26 10:23:12.574758,468.8,468.8,469.0,6468136.0
2018-01-26 10:23:14.320373,468.8,468.8,469.0,6468136.0
2018-01-26 10:23:15.904236,468.8,468.8,469.0,6468136.0
2018-01-26 10:23:17.700726,468.8,468.8,469.0,6468236.0
2018-01-26 10:23:19.249421,468.8,468.8,469.0,6469036.0
2018-01-26 10:23:20.797105,468.8,468.8,469.0,6469036.0
2018-01-26 10:23:22.380645,468.8,468.8,469.0,6469036.0
2018-01-26 10:23:23.838771,468.8,468.8,469.0,6469036.0
2018-01-26 10:23:24.901507,469.0,468.8,469.0,6469136.0
2018-01-26 10:23:26.499854,468.8,468.8,469.0,6469036.0
2018-01-26 10:23:27.695678,468.8,468.8,469.0,6469036.0
2018-01-26 10:23:29.039974,469.0,468.8,469.0,6469136.0
2018-01-26 10:23:30.891147,468.8,468.8,469.0,6469036.0
2018-01-26 10:23:32.452873,468.8,468.8,469.0,6469036.0
2018-01-26 10:23:33.854222,468.8,468.8,469.0,6469036.0
2018-01-26 10:23:35.678479,468.8,468.8,469.0,6469036.0
2018-01-26 10:23:36.865946,468.8,468.8,469.0,6470536.0
2018-01-26 10:23:38.084668,468.8,468.8,469.0,6470636.0
2018-01-26 10:23:40.417900,468.8,468.8,469.0,6470536.0
2018-01-26 10:23:42.268707,468.8,468.8,469.0,6470636.0
2018-01-26 10:23:43.601982,468.8,468.8,469.0,6470536.0
2018-01-26 10:23:44.791262,468.8,468.8,469.0,6470536.0
2018-01-26 10:23:46.565430,468.8,468.8,469.0,6470636.0
2018-01-26 10:23:47.897139,469.0,468.8,469.2,6540736.0
2018-01-26 10:23:49.096385,469.0,468.8,469.2,6540736.0
2018-01-26 10:23:50.562543,469.0,468.8,469.0,6536336.0
2018-01-26 10:23:51.933988,469.0,468.8,469.0,6540736.0
2018-01-26 10:23:53.364390,469.0,468.8,469.0,6540736.0
2018-01-26 10:23:54.799843,469.0,469.0,469.2,6556436.0
2018-01-26 10:23:56.001695,469.0,469.0,469.2,6556436.0
2018-01-26 10:23:57.202772,469.0,468.8,469.2,6562636.0
2018-01-26 10:23:58.599540,469.0,468.8,469.2,6561836.0
2018-01-26 10:24:00.012870,469.0,468.8,469.2,6561836.0
2018-01-26 10:24:01.165470,469.0,468.8,469.2,6561836.0
2018-01-26 10:24:02.433984,469.0,468.8,469.2,6561836.0
2018-01-26 10:24:04.253191,469.2,469.0,469.2,6569136.0
2018-01-26 10:24:06.104757,469.4,469.2,469.4,6575136.0
2018-01-26 10:24:07.529710,469.4,469.2,469.4,6575136.0
2018-01-26 10:24:09.298869,469.4,469.2,469.4,6575136.0
2018-01-26 10:24:10.409492,469.4,469.2,469.4,6575136.0
2018-01-26 10:24:11.576640,469.4,469.2,469.4,6575136.0
2018-01-26 10:24:12.623633,469.2,469.2,469.4,6578736.0
2018-01-26 10:24:13.716554,469.2,469.2,469.4,6578736.0
2018-01-26 10:24:15.335406,469.2,469.2,469.4,6578736.0
2018-01-26 10:24:16.695251,469.4,469.2,469.4,6575136.0
2018-01-26 10:24:17.960138,469.2,469.2,469.4,6578736.0
2018-01-26 10:24:19.720345,469.2,469.2,469.4,6578836.0
2018-01-26 10:24:21.297676,469.2,468.8,469.2,6629336.0
2018-01-26 10:24:22.772848,469.2,468.8,469.2,6629336.0
2018-01-26 10:24:24.152518,469.2,468.8,469.2,6629336.0
2018-01-26 10:24:25.894084,469.0,469.0,469.2,6629536.0
2018-01-26 10:24:27.379324,469.0,469.0,469.2,6633436.0
2018-01-26 10:24:28.684692,469.0,468.8,469.0,6633436.0
2018-01-26 10:24:30.516613,469.0,469.0,469.2,6633436.0
2018-01-26 10:24:32.350977,469.0,468.8,469.0,6633436.0
2018-01-26 10:24:33.787260,469.0,469.0,469.2,6633436.0
2018-01-26 10:24:35.075597,469.0,469.0,469.2,6633736.0
2018-01-26 10:24:36.314013,469.0,468.8,469.0,6633736.0
2018-01-26 10:24:37.963168,469.0,468.8,469.0,6633436.0
2018-01-26 10:24:38.890785,469.0,468.8,469.0,6635436.0
2018-01-26 10:24:40.276033,469.0,468.8,469.0,6635436.0
2018-01-26 10:24:41.900361,469.0,468.8,469.0,6635436.0
2018-01-26 10:24:43.143594,469.2,469.0,469.2,6637336.0
2018-01-26 10:24:44.459986,469.2,468.8,469.0,6637336.0
2018-01-26 10:24:46.064980,469.2,469.0,469.2,6637536.0
2018-01-26 10:24:47.725897,468.8,468.8,469.2,6639636.0
2018-01-26 10:24:49.069381,468.8,468.8,469.2,6639636.0
2018-01-26 10:24:50.426277,469.2,469.0,469.2,6640636.0
2018-01-26 10:24:51.497982,469.0,469.0,469.2,6640436.0
2018-01-26 10:24:53.202448,469.2,469.0,469.2,6640636.0
2018-01-26 10:24:55.074693,469.2,469.0,469.2,6640636.0
2018-01-26 10:24:56.917988,469.0,469.0,469.2,6641607.0
2018-01-26 10:24:58.548505,469.0,469.0,469.2,6641907.0
2018-01-26 10:25:00.026658,469.0,469.0,469.2,6641607.0
2018-01-26 10:25:02.123068,469.0,469.0,469.2,6644207.0
2018-01-26 10:25:03.294595,469.0,469.0,469.2,6644207.0
2018-01-26 10:25:04.750640,469.0,469.0,469.2,6644207.0
2018-01-26 10:25:05.856057,469.0,469.0,469.2,6644207.0
2018-01-26 10:25:07.576786,469.0,469.0,469.2,6644207.0
2018-01-26 10:25:08.712539,469.0,469.0,469.2,6644207.0
2018-01-26 10:25:10.339363,469.0,469.0,469.2,6644207.0
2018-01-26 10:25:11.499983,469.0,469.0,469.2,6644207.0
2018-01-26 10:25:12.700746,469.0,469.0,469.2,6644207.0
2018-01-26 10:25:13.961818,469.0,469.0,469.2,6644207.0
2018-01-26 10:25:16.144317,469.0,469.0,469.2,6644207.0
2018-01-26 10:25:17.342615,469.0,469.0,469.2,6650717.0
2018-01-26 10:25:18.537127,469.0,469.0,469.2,6650717.0
2018-01-26 10:25:19.796221,469.2,469.0,469.4,6656817.0
2018-01-26 10:25:21.789600,469.2,469.0,469.4,6656817.0
2018-01-26 10:25:23.293859,469.2,469.2,469.4,6656817.0
2018-01-26 10:25:24.684667,469.2,469.2,469.4,6663117.0
2018-01-26 10:25:26.094986,469.2,469.2,469.4,6663117.0
2018-01-26 10:25:27.269073,469.2,469.2,469.4,6663117.0
2018-01-26 10:25:28.773119,469.2,469.2,469.4,6663117.0
2018-01-26 10:25:30.414301,469.2,469.2,469.4,6663117.0
2018-01-26 10:25:31.561152,469.2,469.2,469.4,6671017.0
2018-01-26 10:25:33.337385,469.2,469.2,469.4,6671017.0
2018-01-26 10:25:34.716445,469.2,469.2,469.4,6671017.0
2018-01-26 10:25:36.433010,469.2,469.2,469.4,6671017.0
2018-01-26 10:25:38.414172,469.2,469.0,469.4,6671017.0
2018-01-26 10:25:39.459529,469.2,469.2,469.4,6672617.0
2018-01-26 10:25:40.847835,469.2,469.2,469.4,6672617.0
2018-01-26 10:25:42.581653,469.2,469.2,469.4,6672617.0
2018-01-26 10:25:43.753827,469.2,469.2,469.4,6672617.0
2018-01-26 10:25:44.981460,469.2,469.2,469.4,6674017.0
2018-01-26 10:25:46.224419,469.2,469.0,469.2,6675117.0
2018-01-26 10:25:47.514810,469.2,469.2,469.4,6675117.0
2018-01-26 10:25:48.785587,469.2,469.0,469.4,6675617.0
2018-01-26 10:25:50.378357,469.2,469.0,469.4,6675617.0
2018-01-26 10:25:51.741201,469.4,469.0,469.4,6676017.0
2018-01-26 10:25:53.069084,469.2,469.0,469.4,6675617.0
2018-01-26 10:25:54.229950,469.4,469.0,469.4,6676017.0
2018-01-26 10:25:55.688181,469.2,469.0,469.4,6675617.0
2018-01-26 10:25:56.835790,469.2,469.0,469.4,6675617.0
2018-01-26 10:25:57.975231,469.4,469.0,469.4,6676017.0
2018-01-26 10:25:59.779869,469.2,469.0,469.4,6675617.0
2018-01-26 10:26:01.149715,469.4,469.0,469.4,6676017.0
2018-01-26 10:26:02.678587,469.4,469.0,469.4,6678017.0
2018-01-26 10:26:04.816299,469.4,469.0,469.4,6678017.0
2018-01-26 10:26:06.342521,469.4,469.0,469.4,6677417.0
2018-01-26 10:26:07.985179,469.4,469.0,469.4,6678017.0
2018-01-26 10:26:09.602884,469.4,469.0,469.4,6677417.0
2018-01-26 10:26:11.581582,469.4,469.0,469.4,6678017.0
2018-01-26 10:26:12.879964,469.4,469.0,469.4,6678017.0
2018-01-26 10:26:14.149827,469.4,469.0,469.4,6677417.0
2018-01-26 10:26:15.403224,469.4,469.0,469.4,6678017.0
2018-01-26 10:26:16.721630,469.4,469.0,469.4,6677417.0
2018-01-26 10:26:18.006569,469.2,469.0,469.2,6679217.0
2018-01-26 10:26:19.456549,469.2,469.0,469.2,6679217.0
2018-01-26 10:26:20.728176,469.2,469.0,469.2,6679217.0
2018-01-26 10:26:22.151045,469.2,469.0,469.2,6679217.0
2018-01-26 10:26:23.281206,469.2,469.0,469.2,6679217.0
2018-01-26 10:26:24.887276,469.0,468.8,469.2,6682817.0
2018-01-26 10:26:25.921566,469.0,468.8,469.2,6695817.0
2018-01-26 10:26:27.368728,469.0,468.8,469.2,6695817.0
2018-01-26 10:26:28.378234,469.0,468.8,469.2,6695817.0
2018-01-26 10:26:29.818988,469.0,468.8,469.2,6695817.0
2018-01-26 10:26:31.278644,469.0,468.8,469.0,6695817.0
2018-01-26 10:26:32.278651,468.8,468.8,469.0,6700117.0
2018-01-26 10:26:33.598302,469.0,468.8,469.0,6700317.0
2018-01-26 10:26:34.896944,469.0,468.8,469.0,6700317.0
2018-01-26 10:26:36.181052,468.8,468.8,469.0,6700117.0
2018-01-26 10:26:37.283793,468.8,468.8,469.0,6700117.0
2018-01-26 10:26:38.593478,469.0,468.8,469.0,6700317.0
2018-01-26 10:26:39.672189,468.8,468.8,469.0,6700117.0
2018-01-26 10:26:41.166808,469.0,468.8,469.0,6700317.0
2018-01-26 10:26:42.282450,469.0,468.8,469.0,6700317.0
2018-01-26 10:26:44.068938,469.0,468.8,469.0,6700317.0
2018-01-26 10:26:45.344992,469.0,468.8,469.0,6700317.0
2018-01-26 10:26:46.869331,468.8,468.8,469.0,6701517.0
2018-01-26 10:26:47.907580,468.8,468.8,469.0,6701517.0
2018-01-26 10:26:48.887334,469.0,468.8,469.0,6700317.0
2018-01-26 10:26:50.571762,469.0,468.8,469.0,6700317.0
2018-01-26 10:26:51.773399,468.8,468.8,469.0,6701517.0
2018-01-26 10:26:53.372515,469.0,468.8,469.0,6700317.0
2018-01-26 10:26:55.180960,468.8,468.8,469.0,6702617.0
2018-01-26 10:26:56.512536,468.8,468.8,469.0,6701517.0
2018-01-26 10:26:57.935294,469.0,468.8,469.0,6703417.0
2018-01-26 10:26:59.312946,468.8,468.8,469.0,6702617.0
2018-01-26 10:27:00.549388,469.0,468.8,469.0,6703417.0
2018-01-26 10:27:01.554896,468.8,468.8,469.0,6702617.0
2018-01-26 10:27:02.714271,468.8,468.8,469.0,6702617.0
2018-01-26 10:27:03.891188,468.8,468.8,469.0,6703917.0
2018-01-26 10:27:04.817866,469.0,468.8,469.0,6703417.0
2018-01-26 10:27:06.094559,468.8,468.8,469.0,6703917.0
2018-01-26 10:27:07.373520,468.8,468.8,469.0,6703917.0
2018-01-26 10:27:08.547828,468.8,468.8,469.0,6703917.0
2018-01-26 10:27:09.396441,469.0,468.8,469.0,6704317.0
2018-01-26 10:27:10.718819,468.8,468.8,469.0,6703917.0
2018-01-26 10:27:11.860155,468.8,468.8,469.0,6703917.0
2018-01-26 10:27:13.119445,468.8,468.8,469.0,6703917.0
2018-01-26 10:27:14.304043,469.0,468.8,469.0,6705017.0
2018-01-26 10:27:15.540137,469.0,468.8,469.0,6705017.0
2018-01-26 10:27:16.835503,469.0,468.8,469.0,6705017.0
2018-01-26 10:27:18.001229,469.0,468.8,469.0,6705017.0
2018-01-26 10:27:19.604406,468.8,468.6,469.0,6721117.0
2018-01-26 10:27:20.565539,469.0,468.6,469.0,6721817.0
2018-01-26 10:27:21.680754,469.0,468.6,469.0,6724017.0
2018-01-26 10:27:22.631150,469.0,468.6,469.0,6724017.0
2018-01-26 10:27:23.527970,469.0,468.6,469.0,6724017.0
2018-01-26 10:27:24.767875,469.0,468.6,469.0,6724017.0
2018-01-26 10:27:25.700164,469.0,468.6,469.0,6724017.0
2018-01-26 10:27:26.608159,469.0,468.6,469.0,6721817.0
2018-01-26 10:27:27.863726,468.8,468.6,468.8,6735817.0
2018-01-26 10:27:28.826089,468.8,468.6,468.8,6735417.0
2018-01-26 10:27:29.845416,469.0,468.8,469.0,6743017.0
2018-01-26 10:27:31.014123,469.0,468.8,469.0,6745317.0
2018-01-26 10:27:32.125848,469.0,468.8,469.0,6745317.0
2018-01-26 10:27:33.292320,469.0,468.8,469.0,6745317.0
2018-01-26 10:27:34.251819,469.0,468.8,469.0,6745317.0
2018-01-26 10:27:35.390510,469.0,468.8,469.0,6745317.0
2018-01-26 10:27:36.495589,468.8,468.8,469.0,6751217.0
2018-01-26 10:27:38.535439,468.8,468.8,469.0,6751217.0
2018-01-26 10:27:39.617897,468.8,468.8,469.0,6751217.0
2018-01-26 10:27:41.213387,468.8,468.8,469.0,6751217.0
2018-01-26 10:27:42.543452,469.0,468.6,468.8,6752202.0
2018-01-26 10:27:43.835745,469.0,468.8,469.0,6752202.0
2018-01-26 10:27:45.102205,469.0,468.8,469.0,6752202.0
2018-01-26 10:27:46.538909,468.8,468.6,468.8,6757052.0
2018-01-26 10:27:47.854544,468.8,468.6,468.8,6757952.0
2018-01-26 10:27:49.104845,468.8,468.6,468.8,6757052.0
2018-01-26 10:27:50.053359,468.8,468.6,468.8,6757052.0
2018-01-26 10:27:51.533405,468.8,468.6,468.8,6757052.0
2018-01-26 10:27:53.592829,468.8,468.6,468.8,6757952.0
2018-01-26 10:27:55.298867,468.8,468.6,468.8,6757952.0
2018-01-26 10:27:56.534477,468.8,468.6,468.8,6759552.0
2018-01-26 10:27:58.185714,469.0,468.6,468.8,6794252.0
2018-01-26 10:27:59.136486,469.0,469.0,469.2,6792852.0
2018-01-26 10:28:00.193860,469.0,469.0,469.2,6792852.0
2018-01-26 10:28:01.656346,469.0,469.0,469.2,6792852.0
2018-01-26 10:28:02.962114,469.0,469.0,469.2,6792852.0
2018-01-26 10:28:04.286089,469.0,469.0,469.2,6810852.0
2018-01-26 10:28:06.069655,469.0,469.0,469.2,6812852.0
2018-01-26 10:28:07.227959,469.0,469.0,469.2,6810852.0
2018-01-26 10:28:08.444291,469.0,469.0,469.2,6810852.0
2018-01-26 10:28:09.909606,469.0,469.0,469.2,6812852.0
2018-01-26 10:28:11.082870,469.0,469.0,469.2,6810852.0
2018-01-26 10:28:12.844926,469.0,469.0,469.2,6810852.0
2018-01-26 10:28:13.974825,469.0,469.0,469.2,6810852.0
2018-01-26 10:28:15.458193,469.0,469.0,469.2,6812852.0
2018-01-26 10:28:17.026117,469.0,469.0,469.2,6810852.0
2018-01-26 10:28:18.313251,469.0,469.0,469.2,6810852.0
2018-01-26 10:28:19.741895,469.0,469.0,469.2,6810852.0
2018-01-26 10:28:21.142524,469.0,469.0,469.2,6810852.0
2018-01-26 10:28:22.428669,469.0,469.0,469.2,6810852.0
2018-01-26 10:28:23.836341,469.0,469.0,469.2,6824562.0
2018-01-26 10:28:25.541851,469.0,468.8,469.2,6824562.0
2018-01-26 10:28:26.891158,469.0,468.8,469.2,6824562.0
2018-01-26 10:28:28.215860,469.0,468.8,469.2,6824562.0
2018-01-26 10:28:29.305541,469.0,468.8,469.2,6824562.0
2018-01-26 10:28:30.781743,469.0,468.8,469.2,6824562.0
2018-01-26 10:28:32.334360,469.0,468.8,469.2,6824562.0
2018-01-26 10:28:33.656107,469.0,468.8,469.2,6824562.0
2018-01-26 10:28:34.817279,469.0,468.8,469.0,6828592.0
2018-01-26 10:28:36.146445,469.0,468.8,469.0,6828592.0
2018-01-26 10:28:37.106771,469.0,468.8,469.0,6828592.0
2018-01-26 10:28:38.253845,469.0,468.8,469.0,6828592.0
2018-01-26 10:28:39.498142,469.0,468.8,469.0,6828592.0
2018-01-26 10:28:40.616218,469.0,468.8,469.0,6828592.0
2018-01-26 10:28:41.609542,469.0,468.8,469.0,6828592.0
2018-01-26 10:28:42.596963,469.0,468.8,469.0,6828592.0
2018-01-26 10:28:44.040628,469.0,468.8,469.0,6828592.0
2018-01-26 10:28:45.064201,469.0,468.8,469.0,6830592.0
2018-01-26 10:28:46.684824,469.0,468.8,469.0,6830592.0
2018-01-26 10:28:48.236551,469.0,468.8,469.0,6830592.0
2018-01-26 10:28:49.384402,469.0,468.8,469.0,6830592.0
2018-01-26 10:28:50.824402,469.0,469.0,469.2,6863892.0
2018-01-26 10:28:52.117851,469.0,469.0,469.2,6863892.0
2018-01-26 10:28:53.276511,469.0,469.0,469.2,6863892.0
2018-01-26 10:28:54.757518,469.0,469.0,469.2,6863892.0
2018-01-26 10:28:55.820491,469.0,469.0,469.2,6863792.0
2018-01-26 10:28:56.988044,469.0,469.0,469.2,6863892.0
2018-01-26 10:28:58.054763,469.0,469.0,469.2,6863892.0
2018-01-26 10:28:59.639486,469.0,469.0,469.2,6863792.0
2018-01-26 10:29:01.476215,469.0,469.0,469.2,6863892.0
2018-01-26 10:29:02.784165,469.0,469.0,469.2,6863792.0
2018-01-26 10:29:04.199483,469.0,469.0,469.2,6863892.0
2018-01-26 10:29:05.955404,469.0,469.0,469.2,6863892.0
2018-01-26 10:29:07.106942,468.8,468.8,469.0,6876092.0
2018-01-26 10:29:08.018516,468.8,468.8,469.0,6876292.0
2018-01-26 10:29:09.240980,468.8,468.8,469.0,6876092.0
2018-01-26 10:29:10.898664,468.8,468.8,469.0,6876092.0
2018-01-26 10:29:12.707543,468.8,468.8,469.0,6876292.0
2018-01-26 10:29:14.011766,469.0,468.8,469.0,6904297.0
2018-01-26 10:29:15.277997,469.0,468.8,469.0,6905797.0
2018-01-26 10:29:16.340502,469.0,468.8,469.0,6908797.0
2018-01-26 10:29:17.570224,469.0,468.8,469.0,6905797.0
2018-01-26 10:29:18.810805,469.0,468.8,469.0,6905797.0
2018-01-26 10:29:20.238502,469.0,468.8,469.0,6908797.0
2018-01-26 10:29:22.076255,469.0,468.8,469.0,6905797.0
2018-01-26 10:29:23.680349,469.0,468.8,469.0,6908797.0
2018-01-26 10:29:24.877916,469.0,468.8,469.0,6905797.0
2018-01-26 10:29:25.894843,469.0,468.8,469.0,6910897.0
2018-01-26 10:29:27.190224,469.0,468.8,469.0,6908797.0
2018-01-26 10:29:28.558781,469.0,468.8,469.0,6908797.0
2018-01-26 10:29:30.089994,469.0,468.8,469.0,6910897.0
2018-01-26 10:29:31.327716,468.8,468.8,469.0,6911697.0
2018-01-26 10:29:32.993826,468.8,468.8,469.0,6911697.0
2018-01-26 10:29:34.842316,469.0,468.8,469.0,6910897.0
2018-01-26 10:29:36.655518,469.0,468.8,469.0,6910897.0
2018-01-26 10:29:37.784094,469.0,469.0,469.2,6921997.0
2018-01-26 10:29:39.464539,469.0,469.0,469.2,6920597.0
2018-01-26 10:29:41.292552,469.0,469.0,469.2,6921997.0
2018-01-26 10:29:42.658112,469.0,469.0,469.2,6921997.0
2018-01-26 10:29:43.896130,469.0,469.0,469.2,6920597.0
2018-01-26 10:29:45.049476,469.0,469.0,469.2,6921997.0
2018-01-26 10:29:46.444465,469.0,469.0,469.2,6921997.0
2018-01-26 10:29:47.568383,469.0,469.0,469.2,6921997.0
2018-01-26 10:29:48.696695,469.0,469.0,469.2,6920597.0
2018-01-26 10:29:49.803052,469.0,469.0,469.2,6920597.0
2018-01-26 10:29:51.009131,469.0,469.0,469.2,6920597.0
2018-01-26 10:29:52.461329,469.0,469.0,469.2,6920597.0
2018-01-26 10:29:54.319108,469.0,469.0,469.2,6921997.0
2018-01-26 10:29:55.670304,469.0,469.0,469.2,6921997.0
2018-01-26 10:29:57.048266,469.0,469.0,469.2,6921997.0
2018-01-26 10:29:58.431049,469.0,469.0,469.2,6928097.0
2018-01-26 10:29:59.586219,469.0,469.0,469.2,6921997.0
2018-01-26 10:30:00.855891,469.0,469.0,469.2,6929097.0
2018-01-26 10:30:02.594749,469.0,469.0,469.2,6929097.0
2018-01-26 10:30:03.927866,469.0,469.0,469.2,6929097.0
2018-01-26 10:30:05.181800,469.0,469.0,469.2,6953797.0
2018-01-26 10:30:06.913806,469.0,468.8,469.0,6953797.0
2018-01-26 10:30:08.001262,469.0,468.8,469.0,6951697.0
2018-01-26 10:30:09.189469,469.0,468.8,469.0,6951697.0
2018-01-26 10:30:10.382284,469.0,468.8,469.0,6956097.0
2018-01-26 10:30:12.310816,469.0,469.0,469.2,6956997.0
2018-01-26 10:30:13.486189,469.0,469.0,469.2,6956097.0
2018-01-26 10:30:14.614153,469.0,469.0,469.2,6956097.0
2018-01-26 10:30:16.431893,469.0,469.0,469.2,6956097.0
2018-01-26 10:30:17.976852,469.0,469.0,469.2,6956097.0
2018-01-26 10:30:19.503898,469.0,469.0,469.2,6956097.0
2018-01-26 10:30:20.597139,469.0,468.8,469.0,6960297.0
2018-01-26 10:30:21.551348,469.0,468.8,469.0,6960297.0
2018-01-26 10:30:22.997964,469.0,468.8,469.0,6960297.0
2018-01-26 10:30:24.281836,469.0,468.8,469.2,6962897.0
2018-01-26 10:30:25.669906,469.0,468.8,469.2,6962897.0
2018-01-26 10:30:27.083621,469.0,468.8,469.2,6962697.0
2018-01-26 10:30:28.923296,469.0,468.8,469.0,6962897.0
2018-01-26 10:30:30.356703,469.0,468.8,469.0,6962897.0
2018-01-26 10:30:31.833521,469.0,468.8,469.2,6962897.0
2018-01-26 10:30:33.384291,469.0,468.8,469.0,6964497.0
2018-01-26 10:30:35.060182,469.0,468.8,469.0,6964497.0
2018-01-26 10:30:36.742683,469.2,468.8,469.2,6970697.0
2018-01-26 10:30:38.250836,469.0,468.8,469.2,6969597.0
2018-01-26 10:30:39.709114,469.2,468.8,469.0,6970697.0
2018-01-26 10:30:41.104781,469.0,468.8,469.2,6969597.0
2018-01-26 10:30:42.518609,469.2,468.8,469.2,6970697.0
2018-01-26 10:30:44.282211,469.2,468.8,469.2,6970697.0
2018-01-26 10:30:45.447826,469.0,468.8,469.2,6971497.0
2018-01-26 10:30:46.807718,469.0,468.8,469.2,6971497.0
2018-01-26 10:30:48.280170,469.2,469.0,469.2,6970697.0
2018-01-26 10:30:49.722648,469.0,468.8,469.2,6971497.0
2018-01-26 10:30:51.079683,469.0,468.8,469.2,6971497.0
2018-01-26 10:30:52.314790,469.0,468.8,469.2,6971497.0
2018-01-26 10:30:54.102833,469.2,469.0,469.2,6970697.0
2018-01-26 10:30:55.549749,469.0,469.0,469.2,6971897.0
2018-01-26 10:30:56.954563,469.0,469.0,469.2,6971497.0
2018-01-26 10:30:58.175927,469.0,469.0,469.2,6971897.0
2018-01-26 10:30:59.768676,469.0,469.0,469.2,6971497.0
2018-01-26 10:31:01.186947,469.0,469.0,469.2,6971497.0
2018-01-26 10:31:02.840134,469.0,469.0,469.2,6971897.0
2018-01-26 10:31:04.654480,469.0,469.0,469.2,6971897.0
2018-01-26 10:31:06.396889,469.0,469.0,469.2,6971497.0
2018-01-26 10:31:07.786555,469.0,469.0,469.2,6972797.0
2018-01-26 10:31:08.947391,469.0,469.0,469.2,6972797.0
2018-01-26 10:31:11.022385,469.0,469.0,469.2,6972797.0
2018-01-26 10:31:12.368178,469.0,469.0,469.2,6971897.0
2018-01-26 10:31:13.721377,469.0,469.0,469.2,6971897.0
2018-01-26 10:31:15.005385,469.0,469.0,469.2,6971897.0
2018-01-26 10:31:16.671193,469.0,469.0,469.2,6972997.0
2018-01-26 10:31:18.095768,469.0,469.0,469.2,6972997.0
2018-01-26 10:31:19.227894,469.0,469.0,469.2,6972797.0
2018-01-26 10:31:20.530202,469.0,469.0,469.2,6972997.0
2018-01-26 10:31:22.095183,469.0,469.0,469.2,6972797.0
2018-01-26 10:31:23.437972,469.0,469.0,469.2,6972997.0
2018-01-26 10:31:24.652854,469.0,469.0,469.2,6972997.0
2018-01-26 10:31:25.960171,469.0,469.0,469.2,6972997.0
2018-01-26 10:31:27.321034,469.0,469.0,469.2,6985497.0
2018-01-26 10:31:28.734700,469.0,469.0,469.2,6985497.0
2018-01-26 10:31:30.192183,469.0,469.0,469.2,6985697.0
2018-01-26 10:31:32.203052,469.0,469.0,469.2,6985697.0
2018-01-26 10:31:34.146277,469.0,469.0,469.2,6985497.0
2018-01-26 10:31:35.611014,469.0,469.0,469.2,6985697.0
2018-01-26 10:31:39.318808,469.0,469.0,469.2,6985697.0
2018-01-26 10:31:40.810760,469.0,469.0,469.2,6987997.0
2018-01-26 10:31:42.659446,469.0,469.0,469.2,6987997.0
2018-01-26 10:31:44.948585,469.0,469.0,469.2,6988997.0
2018-01-26 10:31:46.489604,469.0,469.0,469.2,6989697.0
2018-01-26 10:31:48.116073,469.0,469.0,469.2,6988997.0
2018-01-26 10:31:49.786068,469.0,469.0,469.2,6989697.0
2018-01-26 10:31:51.547329,469.0,469.0,469.2,6988997.0
2018-01-26 10:31:53.389573,469.0,469.0,469.2,6989697.0
2018-01-26 10:31:54.987236,469.0,469.0,469.2,6989697.0
2018-01-26 10:31:56.491420,469.0,469.0,469.2,6989697.0
2018-01-26 10:31:57.818921,469.0,469.0,469.2,6989697.0
2018-01-26 10:32:00.422094,469.0,469.0,469.2,7001597.0
2018-01-26 10:32:02.391749,469.2,469.0,469.2,7000997.0
2018-01-26 10:32:04.400188,469.0,469.0,469.2,7006797.0
2018-01-26 10:32:07.197942,469.0,469.0,469.2,7001597.0
2018-01-26 10:32:09.159963,469.0,469.0,469.2,7009997.0
2018-01-26 10:32:11.163238,469.0,469.0,469.2,7009997.0
2018-01-26 10:32:12.982631,469.0,469.0,469.2,7038497.0
2018-01-26 10:32:14.848553,469.0,468.8,469.0,7038397.0
2018-01-26 10:32:17.573708,469.0,468.8,469.0,7045697.0
2018-01-26 10:32:19.419322,469.0,468.8,469.0,7059297.0
2018-01-26 10:32:21.363880,469.0,468.8,469.0,7049897.0
2018-01-26 10:32:23.428768,469.0,468.8,469.0,7049897.0
2018-01-26 10:32:25.115633,469.0,468.8,469.0,7049897.0
2018-01-26 10:32:27.046484,469.0,468.8,469.0,7059297.0
2018-01-26 10:32:28.706604,469.0,468.8,469.0,7059297.0
2018-01-26 10:32:30.797055,469.0,468.8,469.0,7059297.0
2018-01-26 10:32:32.597136,469.0,468.8,469.0,7060197.0
2018-01-26 10:32:34.455793,469.0,468.8,469.0,7060197.0
2018-01-26 10:32:36.325338,469.0,468.8,469.0,7060197.0
2018-01-26 10:32:38.068969,469.0,468.8,469.0,7060197.0
2018-01-26 10:32:39.990848,469.0,468.8,469.0,7059297.0
2018-01-26 10:32:41.635136,469.0,468.8,469.0,7060197.0
2018-01-26 10:32:43.610736,469.0,468.8,469.0,7059297.0
2018-01-26 10:32:45.484205,469.0,468.8,469.0,7060997.0
2018-01-26 10:32:48.011207,469.0,468.8,469.0,7060997.0
2018-01-26 10:32:50.030682,468.8,468.8,469.0,7062997.0
2018-01-26 10:32:52.013679,468.8,468.8,469.0,7062997.0
2018-01-26 10:32:53.843162,468.8,468.8,469.0,7063397.0
2018-01-26 10:32:54.990275,468.8,468.8,469.0,7063397.0
2018-01-26 10:32:56.049074,468.8,468.8,469.0,7062997.0
2018-01-26 10:32:57.230036,468.8,468.8,469.0,7062997.0
2018-01-26 10:32:58.423805,468.8,468.8,469.0,7063397.0
2018-01-26 10:32:59.819214,468.8,468.8,469.0,7062997.0
2018-01-26 10:33:01.378293,468.8,468.8,469.0,7063397.0
2018-01-26 10:33:02.513057,469.0,468.8,469.0,7066897.0
2018-01-26 10:33:03.670570,469.0,468.8,469.0,7066897.0
2018-01-26 10:33:05.166205,469.0,468.8,469.0,7071097.0
2018-01-26 10:33:06.514756,469.0,468.8,469.0,7077197.0
2018-01-26 10:33:07.478747,469.0,468.8,469.0,7071097.0
2018-01-26 10:33:08.686340,469.0,468.8,469.0,7071097.0
2018-01-26 10:33:09.808788,469.0,468.8,469.0,7077197.0
2018-01-26 10:33:11.022128,469.0,468.8,469.0,7077197.0
2018-01-26 10:33:12.187842,468.8,468.6,469.0,7094397.0
2018-01-26 10:33:13.933849,468.8,468.6,469.0,7094397.0
2018-01-26 10:33:15.042036,468.6,468.6,468.8,7105697.0
2018-01-26 10:33:16.750310,468.6,468.6,468.8,7106397.0
2018-01-26 10:33:18.074102,468.6,468.6,468.8,7106397.0
2018-01-26 10:33:19.094486,468.6,468.6,468.8,7106397.0
2018-01-26 10:33:20.520201,468.6,468.6,468.8,7106397.0
2018-01-26 10:33:21.776002,468.6,468.6,468.8,7106397.0
2018-01-26 10:33:23.018542,468.6,468.6,468.8,7106397.0
2018-01-26 10:33:24.210162,468.6,468.6,468.8,7106397.0
2018-01-26 10:33:25.146757,468.6,468.6,468.8,7105697.0
2018-01-26 10:33:26.378377,468.6,468.6,468.8,7112197.0
2018-01-26 10:33:27.484273,468.6,468.6,468.8,7112197.0
2018-01-26 10:33:28.545681,468.6,468.6,468.8,7112197.0
2018-01-26 10:33:30.538995,468.6,468.6,468.8,7112197.0
2018-01-26 10:33:31.774042,468.6,468.6,468.8,7112197.0
2018-01-26 10:33:32.993234,468.6,468.6,468.8,7125597.0
2018-01-26 10:33:34.384132,468.6,468.6,468.8,7125597.0
2018-01-26 10:33:35.958796,468.6,468.6,468.8,7126297.0
2018-01-26 10:33:37.126706,468.6,468.6,468.8,7126297.0
2018-01-26 10:33:38.681436,468.6,468.6,468.8,7128697.0
2018-01-26 10:33:39.891826,468.8,468.6,468.8,7128797.0
2018-01-26 10:33:40.813138,468.8,468.6,468.8,7128797.0
2018-01-26 10:33:42.065748,468.8,468.6,468.8,7128797.0
2018-01-26 10:33:43.437528,468.8,468.6,468.8,7128797.0
2018-01-26 10:33:44.523012,468.8,468.6,468.8,7128797.0
2018-01-26 10:33:45.915553,468.8,468.6,468.8,7128797.0
2018-01-26 10:33:47.027354,468.8,468.6,468.8,7128797.0
2018-01-26 10:33:48.972960,468.6,468.6,468.8,7128697.0
2018-01-26 10:33:50.723550,468.8,468.6,468.8,7130797.0
2018-01-26 10:33:52.131441,468.8,468.6,468.8,7130797.0
2018-01-26 10:33:53.429757,468.8,468.6,468.8,7130797.0
2018-01-26 10:33:54.752690,468.8,468.6,468.8,7130797.0
2018-01-26 10:33:56.157611,468.8,468.6,468.8,7130797.0
2018-01-26 10:33:57.270772,468.8,468.6,468.8,7130797.0
2018-01-26 10:33:58.639251,468.8,468.6,468.8,7130797.0
2018-01-26 10:33:59.771263,468.8,468.6,468.8,7130797.0
2018-01-26 10:34:01.306986,468.8,468.6,468.8,7130797.0
2018-01-26 10:34:02.442226,468.8,468.6,468.8,7130797.0
2018-01-26 10:34:03.821357,468.8,468.6,468.8,7130797.0
2018-01-26 10:34:04.973809,468.8,468.6,468.8,7130797.0
2018-01-26 10:34:05.902779,468.6,468.4,468.6,7133097.0
2018-01-26 10:34:07.022080,468.6,468.4,468.6,7133097.0
2018-01-26 10:34:08.613337,468.8,468.8,469.0,7141797.0
2018-01-26 10:34:09.940902,468.8,468.6,468.8,7141797.0
2018-01-26 10:34:11.589009,468.8,468.8,469.0,7141797.0
2018-01-26 10:34:12.893280,468.8,468.8,469.0,7141797.0
2018-01-26 10:34:14.081403,468.8,468.4,468.6,7145897.0
2018-01-26 10:34:15.349398,468.4,468.6,468.8,7151097.0
2018-01-26 10:34:16.476041,468.6,468.4,468.6,7151697.0
2018-01-26 10:34:17.463378,468.6,468.4,468.6,7151697.0
2018-01-26 10:34:18.904733,468.4,468.4,468.6,7151097.0
2018-01-26 10:34:20.166132,469.0,468.4,469.0,7163197.0
2018-01-26 10:34:21.296671,469.0,468.4,469.0,7163197.0
2018-01-26 10:34:22.565383,468.8,468.4,468.8,7177997.0
2018-01-26 10:34:23.993026,468.8,468.4,468.8,7177497.0
2018-01-26 10:34:25.079638,469.0,468.6,469.0,7188097.0
2018-01-26 10:34:26.444228,469.0,468.6,469.0,7189297.0
2018-01-26 10:34:27.647781,469.0,468.6,469.0,7188097.0
2018-01-26 10:34:28.946441,469.0,468.6,469.0,7188097.0
2018-01-26 10:34:29.963851,469.0,468.6,469.0,7188097.0
2018-01-26 10:34:31.222102,469.0,468.6,469.0,7189297.0
2018-01-26 10:34:32.920076,468.8,468.8,469.0,7190297.0
2018-01-26 10:34:33.954634,468.8,468.8,469.0,7190297.0
2018-01-26 10:34:35.313802,468.8,468.8,469.0,7190297.0
2018-01-26 10:34:36.737863,468.8,468.8,469.0,7190297.0
2018-01-26 10:34:38.563042,468.8,468.8,469.0,7193297.0
2018-01-26 10:34:40.010031,468.8,468.8,469.0,7193297.0
2018-01-26 10:34:41.355106,468.8,468.8,469.0,7193397.0
2018-01-26 10:34:42.910075,468.8,468.8,469.0,7193397.0
2018-01-26 10:34:44.106603,468.8,468.8,469.0,7193297.0
2018-01-26 10:34:45.434517,468.8,468.8,469.0,7193297.0
2018-01-26 10:34:46.777531,468.8,468.8,469.0,7193397.0
2018-01-26 10:34:48.360985,468.8,468.8,469.0,7193397.0
2018-01-26 10:34:49.370552,469.0,468.8,469.0,7194497.0
2018-01-26 10:34:51.214025,469.0,468.8,469.0,7194497.0
2018-01-26 10:34:52.963981,469.0,468.6,468.8,7194597.0
2018-01-26 10:34:55.126856,468.8,468.6,468.8,7221597.0
2018-01-26 10:34:57.015378,468.6,468.6,468.8,7201497.0
2018-01-26 10:34:58.932934,468.6,468.6,468.8,7201497.0
2018-01-26 10:35:00.768810,468.8,468.6,468.8,7221597.0
2018-01-26 10:35:02.807617,468.8,468.6,468.8,7225697.0
2018-01-26 10:35:04.440554,468.8,468.6,468.8,7231897.0
2018-01-26 10:35:05.638281,468.6,468.6,468.8,7231097.0
2018-01-26 10:35:07.047695,468.6,468.6,468.8,7231097.0
2018-01-26 10:35:08.414729,468.8,468.6,468.8,7231897.0
2018-01-26 10:35:09.933255,468.6,468.6,468.8,7237397.0
2018-01-26 10:35:11.156031,468.6,468.6,468.8,7237397.0
2018-01-26 10:35:12.747846,468.6,468.6,468.8,7251497.0
2018-01-26 10:35:14.618588,468.6,468.6,468.8,7251597.0
2018-01-26 10:35:15.931577,468.6,468.4,468.6,7251597.0
2018-01-26 10:35:17.627305,468.4,468.4,468.6,7253097.0
2018-01-26 10:35:18.582036,468.8,468.4,468.6,7258097.0
2018-01-26 10:35:20.428672,468.8,468.4,468.6,7258097.0
2018-01-26 10:35:21.586225,468.8,468.4,468.6,7258297.0
2018-01-26 10:35:23.130357,468.8,468.4,468.6,7258297.0
2018-01-26 10:35:24.544361,468.8,468.4,468.6,7258297.0
2018-01-26 10:35:26.002610,468.8,468.4,468.6,7258297.0
2018-01-26 10:35:27.259038,468.8,468.4,468.6,7258097.0
2018-01-26 10:35:28.677174,468.8,468.4,468.6,7258097.0
2018-01-26 10:35:29.960847,468.6,468.6,468.8,7259397.0
2018-01-26 10:35:31.025410,468.6,468.4,468.8,7259397.0
2018-01-26 10:35:32.124761,468.6,468.4,468.8,7259397.0
2018-01-26 10:35:33.943221,468.6,468.4,468.8,7259397.0
2018-01-26 10:35:35.657375,468.8,468.4,468.8,7259597.0
2018-01-26 10:35:36.949322,468.6,468.4,468.8,7259397.0
2018-01-26 10:35:38.223828,468.8,468.4,468.8,7259597.0
2018-01-26 10:35:39.569347,468.8,468.4,468.8,7259597.0
2018-01-26 10:35:40.863033,468.6,468.4,468.8,7259397.0
2018-01-26 10:35:42.097491,468.6,468.4,468.8,7259397.0
2018-01-26 10:35:43.202572,468.6,468.4,468.8,7259397.0
2018-01-26 10:35:44.291563,468.6,468.4,468.8,7266397.0
2018-01-26 10:35:45.416163,468.8,468.6,468.8,7259597.0
2018-01-26 10:35:46.952463,468.8,468.6,468.8,7259597.0
2018-01-26 10:35:48.401905,468.6,468.4,468.8,7266397.0
2018-01-26 10:35:50.242158,468.8,468.6,468.8,7259597.0
2018-01-26 10:35:51.536253,468.8,468.6,468.8,7259597.0
2018-01-26 10:35:52.474813,468.8,468.6,468.8,7259597.0
2018-01-26 10:35:53.568503,468.6,468.6,468.8,7266397.0
2018-01-26 10:35:54.973987,468.8,468.6,468.8,7259597.0
2018-01-26 10:35:56.005915,468.6,468.6,468.8,7266397.0
2018-01-26 10:35:58.008674,468.8,468.6,468.8,7259597.0
2018-01-26 10:35:59.132693,468.8,468.4,468.8,7259597.0
2018-01-26 10:36:00.302880,468.8,468.6,468.8,7259597.0
2018-01-26 10:36:02.211004,468.6,468.6,468.8,7266397.0
2018-01-26 10:36:03.615249,468.8,468.6,468.8,7259597.0
2018-01-26 10:36:05.291923,468.6,468.6,468.8,7266997.0
2018-01-26 10:36:07.124334,468.6,468.6,468.8,7266397.0
2018-01-26 10:36:08.580791,468.6,468.6,468.8,7266997.0
2018-01-26 10:36:09.861746,468.6,468.6,468.8,7268197.0
2018-01-26 10:36:11.329384,468.6,468.6,468.8,7268197.0
2018-01-26 10:36:12.469657,468.6,468.6,468.8,7268197.0
2018-01-26 10:36:13.493435,468.6,468.6,468.8,7268197.0
2018-01-26 10:36:14.888475,468.6,468.6,468.8,7268897.0
2018-01-26 10:36:15.959758,468.6,468.6,468.8,7268897.0
2018-01-26 10:36:17.414340,468.6,468.6,468.8,7268897.0
2018-01-26 10:36:19.217843,468.6,468.4,468.6,7268897.0
2018-01-26 10:36:20.575091,468.6,468.6,468.8,7268897.0
2018-01-26 10:36:21.784754,468.6,468.6,468.8,7274697.0
2018-01-26 10:36:23.443425,468.6,468.4,468.6,7274697.0
2018-01-26 10:36:24.582667,468.6,468.6,468.8,7268897.0
2018-01-26 10:36:26.605377,468.6,468.4,468.6,7274697.0
2018-01-26 10:36:27.839753,468.6,468.4,468.6,7274697.0
2018-01-26 10:36:28.927750,468.6,468.6,468.8,7274697.0
2018-01-26 10:36:30.173014,468.6,468.6,468.8,7268897.0
2018-01-26 10:36:31.283860,468.6,468.6,468.8,7274697.0
2018-01-26 10:36:32.562894,468.6,468.4,468.6,7274697.0
2018-01-26 10:36:33.784694,468.6,468.4,468.6,7274697.0
2018-01-26 10:36:34.634658,468.6,468.4,468.6,7268897.0
2018-01-26 10:36:35.513450,468.6,468.4,468.6,7274697.0
2018-01-26 10:36:36.450472,468.6,468.4,468.6,7277397.0
2018-01-26 10:36:37.682214,468.6,468.4,468.6,7277397.0
2018-01-26 10:36:38.715745,468.6,468.4,468.6,7277397.0
2018-01-26 10:36:39.667765,468.6,468.4,468.6,7277397.0
2018-01-26 10:36:40.592813,468.6,468.4,468.6,7277397.0
