time,price,bid,ask,volume
2018-01-23 09:34:24.103142,464.6,464.4,464.6,2213923.0
2018-01-23 09:34:25.312072,464.4,464.4,464.6,2213523.0
2018-01-23 09:34:27.317705,464.4,464.4,464.6,2213523.0
2018-01-23 09:34:28.356590,464.6,464.4,464.6,2216823.0
2018-01-23 09:34:29.806858,464.8,464.4,464.8,2224023.0
2018-01-23 09:34:31.140328,464.8,464.4,464.8,2224023.0
2018-01-23 09:34:32.549834,464.8,464.4,464.8,2224023.0
2018-01-23 09:34:33.580185,464.8,464.4,464.8,2224823.0
2018-01-23 09:34:34.641167,464.8,464.4,464.8,2224023.0
2018-01-23 09:34:36.535099,464.8,464.4,464.8,2225423.0
2018-01-23 09:34:37.911966,464.4,464.4,464.8,2226223.0
2018-01-23 09:34:39.154853,464.8,464.4,464.8,2225423.0
2018-01-23 09:34:40.452812,464.4,464.4,464.8,2226223.0
2018-01-23 09:34:41.692573,464.6,464.4,464.6,2227723.0
2018-01-23 09:34:43.623530,464.6,464.4,464.6,2227723.0
2018-01-23 09:34:44.841184,464.4,464.2,464.4,2229323.0
2018-01-23 09:34:45.871538,464.4,464.2,464.4,2227823.0
2018-01-23 09:34:47.226937,464.4,464.2,464.4,2227823.0
2018-01-23 09:34:48.624046,464.4,464.2,464.4,2229323.0
2018-01-23 09:34:49.536572,464.4,464.2,464.4,2227823.0
2018-01-23 09:34:50.504447,464.2,464.2,464.4,2231423.0
2018-01-23 09:34:51.751991,464.2,464.2,464.4,2234323.0
2018-01-23 09:34:53.102301,464.2,464.2,464.4,2234323.0
2018-01-23 09:34:54.527672,464.2,464.2,464.4,2234323.0
2018-01-23 09:34:56.296948,464.0,463.8,464.0,2251423.0
2018-01-23 09:34:57.375369,464.0,463.8,464.0,2251223.0
2018-01-23 09:34:58.818323,464.0,463.8,464.0,2251423.0
2018-01-23 09:34:59.901455,463.8,463.6,463.8,2262923.0
2018-01-23 09:35:01.624764,463.8,463.6,463.8,2262923.0
2018-01-23 09:35:03.000071,463.8,463.6,463.8,2262923.0
2018-01-23 09:35:04.296756,463.8,463.6,463.8,2262923.0
2018-01-23 09:35:05.527074,463.8,463.6,463.8,2262923.0
2018-01-23 09:35:07.557159,463.8,463.6,463.8,2262923.0
2018-01-23 09:35:08.608108,463.6,463.6,463.8,2264523.0
2018-01-23 09:35:09.867721,463.6,463.6,463.8,2265823.0
2018-01-23 09:35:11.130954,463.6,463.6,463.8,2265823.0
2018-01-23 09:35:13.754395,463.6,463.6,463.8,2265823.0
2018-01-23 09:35:14.889472,463.8,463.6,463.8,2274323.0
2018-01-23 09:35:16.284427,464.2,463.8,464.2,2290523.0
2018-01-23 09:35:17.560870,464.2,463.8,464.2,2290523.0
2018-01-23 09:35:18.801722,464.4,464.4,464.6,2295623.0
2018-01-23 09:35:19.991580,464.4,464.4,464.8,2299623.0
2018-01-23 09:35:21.866409,464.4,464.4,464.6,2299623.0
2018-01-23 09:35:23.033910,464.4,464.4,464.6,2299623.0
2018-01-23 09:35:24.958569,464.6,464.4,464.6,2302523.0
2018-01-23 09:35:26.613189,464.4,464.4,464.8,2303623.0
2018-01-23 09:35:28.084763,464.4,464.4,464.8,2303623.0
2018-01-23 09:35:29.862776,464.4,464.4,464.8,2303623.0
2018-01-23 09:35:31.055272,464.4,464.4,464.8,2303623.0
2018-01-23 09:35:32.618173,464.6,464.4,464.6,2306573.0
2018-01-23 09:35:33.835666,464.4,464.4,464.6,2305673.0
2018-01-23 09:35:35.024446,464.6,464.4,464.6,2306573.0
2018-01-23 09:35:36.283162,464.6,464.4,464.6,2306573.0
2018-01-23 09:35:37.629757,464.6,464.4,464.6,2306573.0
2018-01-23 09:35:38.955723,464.4,464.6,464.8,2308273.0
2018-01-23 09:35:40.272963,464.6,464.4,464.6,2318073.0
2018-01-23 09:35:41.564935,464.6,464.6,464.8,2318073.0
2018-01-23 09:35:42.723798,464.8,464.6,464.8,2338673.0
2018-01-23 09:35:43.939485,464.8,464.6,464.8,2338673.0
2018-01-23 09:35:45.171555,464.6,464.6,464.8,2359573.0
2018-01-23 09:35:47.237018,464.6,464.6,464.8,2359573.0
2018-01-23 09:35:48.306930,464.8,464.6,464.8,2359973.0
2018-01-23 09:35:49.467326,464.6,464.6,464.8,2359573.0
2018-01-23 09:35:51.187523,464.6,464.6,464.8,2361573.0
2018-01-23 09:35:52.407052,464.6,464.6,464.8,2361573.0
2018-01-23 09:35:53.460866,464.6,464.6,464.8,2361573.0
2018-01-23 09:35:54.688329,464.6,464.6,464.8,2363473.0
2018-01-23 09:35:55.918725,464.6,464.6,464.8,2363473.0
2018-01-23 09:35:57.567143,464.6,464.6,464.8,2363673.0
2018-01-23 09:35:58.792795,464.6,464.6,464.8,2363673.0
2018-01-23 09:36:00.119867,464.8,464.8,465.0,2365473.0
2018-01-23 09:36:01.273143,464.8,464.8,465.0,2365473.0
2018-01-23 09:36:02.396613,464.8,464.8,465.0,2366973.0
2018-01-23 09:36:03.516793,464.8,464.8,465.0,2369773.0
2018-01-23 09:36:04.517552,464.8,464.8,465.0,2368673.0
2018-01-23 09:36:05.725114,464.8,464.8,465.0,2368673.0
2018-01-23 09:36:07.244347,464.8,464.8,465.0,2369773.0
2018-01-23 09:36:08.898744,464.8,464.8,465.0,2369773.0
2018-01-23 09:36:10.044678,464.8,464.8,465.0,2369773.0
2018-01-23 09:36:11.434237,464.8,464.8,465.0,2369773.0
2018-01-23 09:36:13.184041,464.6,464.6,464.8,2384073.0
2018-01-23 09:36:14.658991,464.6,464.6,464.8,2384073.0
2018-01-23 09:36:16.200927,464.8,464.6,464.8,2383773.0
2018-01-23 09:36:17.577208,464.8,464.6,464.8,2390173.0
2018-01-23 09:36:18.634811,464.8,464.6,464.8,2390973.0
2018-01-23 09:36:19.710079,464.8,464.6,464.8,2390973.0
2018-01-23 09:36:21.465424,464.8,464.6,464.8,2390973.0
2018-01-23 09:36:22.747583,464.8,464.6,464.8,2390973.0
2018-01-23 09:36:24.463376,464.8,464.8,465.0,2395873.0
2018-01-23 09:36:25.500132,464.8,464.8,465.0,2395873.0
2018-01-23 09:36:26.635759,464.8,464.8,465.0,2395873.0
2018-01-23 09:36:27.992327,464.8,464.6,464.8,2404673.0
2018-01-23 09:36:29.347019,464.8,464.6,464.8,2404673.0
2018-01-23 09:36:31.180293,464.8,464.6,464.8,2404673.0
2018-01-23 09:36:32.715788,464.8,464.6,464.8,2404673.0
2018-01-23 09:36:33.771689,464.8,464.6,464.8,2404673.0
2018-01-23 09:36:35.644601,464.8,464.6,464.8,2404673.0
2018-01-23 09:36:36.597188,464.8,464.6,464.8,2404673.0
2018-01-23 09:36:38.089930,464.8,464.6,464.8,2408173.0
2018-01-23 09:36:39.927875,464.8,464.6,464.8,2408173.0
2018-01-23 09:36:41.290826,464.8,464.6,464.8,2408173.0
2018-01-23 09:36:42.651221,464.8,464.6,465.0,2412073.0
2018-01-23 09:36:43.905531,464.8,464.6,465.0,2412473.0
2018-01-23 09:36:45.034026,464.8,464.6,465.0,2418973.0
2018-01-23 09:36:45.986824,464.8,464.8,465.0,2412473.0
2018-01-23 09:36:47.298161,464.8,464.8,465.0,2418973.0
2018-01-23 09:36:48.499898,464.8,464.8,465.0,2412473.0
2018-01-23 09:36:49.909507,464.8,464.6,465.0,2418973.0
2018-01-23 09:36:51.227888,464.8,464.8,465.0,2418973.0
2018-01-23 09:36:52.673496,464.8,464.6,464.8,2421073.0
2018-01-23 09:36:54.506193,464.8,464.6,464.8,2421073.0
2018-01-23 09:36:56.043146,464.6,464.6,464.8,2424073.0
2018-01-23 09:36:57.866553,464.6,464.6,464.8,2424073.0
2018-01-23 09:36:59.247621,464.8,464.6,464.8,2425573.0
2018-01-23 09:37:00.482542,464.6,464.6,464.8,2437773.0
2018-01-23 09:37:01.687145,464.6,464.6,464.8,2437273.0
2018-01-23 09:37:03.283837,464.6,464.6,464.8,2437273.0
2018-01-23 09:37:04.752865,464.6,464.4,464.6,2439673.0
2018-01-23 09:37:05.907493,464.6,464.4,464.6,2439873.0
2018-01-23 09:37:06.919854,464.6,464.4,464.6,2439673.0
2018-01-23 09:37:08.165170,464.6,464.4,464.6,2439673.0
2018-01-23 09:37:09.485091,464.6,464.4,464.6,2439673.0
2018-01-23 09:37:11.023001,464.6,464.6,464.8,2443773.0
2018-01-23 09:37:12.286363,464.6,464.6,464.8,2443773.0
2018-01-23 09:37:13.362485,464.4,464.4,464.6,2455473.0
2018-01-23 09:37:14.864366,464.6,464.4,464.6,2452473.0
2018-01-23 09:37:16.096747,464.8,464.4,464.6,2455973.0
2018-01-23 09:37:17.460159,464.8,464.4,464.8,2455973.0
2018-01-23 09:37:18.784009,464.8,464.4,464.8,2455973.0
2018-01-23 09:37:20.590418,464.4,464.4,464.8,2458873.0
2018-01-23 09:37:21.725654,464.6,464.4,464.8,2458673.0
2018-01-23 09:37:23.154083,464.4,464.4,464.8,2458873.0
2018-01-23 09:37:24.085599,464.4,464.4,464.8,2458873.0
2018-01-23 09:37:25.844025,464.6,464.4,464.8,2458673.0
2018-01-23 09:37:27.592817,464.4,464.4,464.8,2458873.0
2018-01-23 09:37:28.708981,464.6,464.6,464.8,2459573.0
2018-01-23 09:37:29.932059,464.8,464.6,464.8,2460773.0
2018-01-23 09:37:30.944753,464.8,464.6,464.8,2460773.0
2018-01-23 09:37:32.100031,464.6,464.6,464.8,2459573.0
2018-01-23 09:37:33.323238,464.6,464.6,464.8,2459573.0
2018-01-23 09:37:34.858757,464.8,464.6,464.8,2460773.0
2018-01-23 09:37:35.802379,464.8,464.6,464.8,2464373.0
2018-01-23 09:37:37.797629,464.8,464.6,464.8,2464373.0
2018-01-23 09:37:38.832833,464.6,464.6,464.8,2465173.0
2018-01-23 09:37:40.058278,464.6,464.6,464.8,2470568.0
2018-01-23 09:37:41.779415,464.6,464.6,464.8,2469968.0
2018-01-23 09:37:43.498834,464.6,464.4,464.8,2472168.0
2018-01-23 09:37:44.681061,464.8,464.4,464.8,2474668.0
2018-01-23 09:37:46.376495,464.8,464.4,464.8,2474668.0
2018-01-23 09:37:48.245624,464.8,464.4,464.8,2474668.0
2018-01-23 09:37:49.493871,464.8,464.4,464.8,2474668.0
2018-01-23 09:37:50.527741,464.8,464.4,464.8,2474668.0
2018-01-23 09:37:51.624711,464.8,464.4,464.8,2474668.0
2018-01-23 09:37:52.633784,464.8,464.4,464.8,2474668.0
2018-01-23 09:37:54.414818,464.6,464.4,464.8,2477928.0
2018-01-23 09:37:56.423579,464.8,464.4,464.8,2481001.0
2018-01-23 09:37:58.393213,464.8,464.4,464.8,2481001.0
2018-01-23 09:38:00.105628,464.8,464.4,464.8,2481001.0
2018-01-23 09:38:01.274685,464.8,464.4,464.8,2481001.0
2018-01-23 09:38:02.784775,464.8,464.4,464.8,2481001.0
2018-01-23 09:38:03.934510,464.8,464.6,464.8,2484701.0
2018-01-23 09:38:05.653890,464.8,464.6,464.8,2484701.0
2018-01-23 09:38:06.992505,464.8,464.6,464.8,2484801.0
2018-01-23 09:38:08.543173,464.8,464.6,464.8,2492701.0
2018-01-23 09:38:09.624108,464.8,464.6,464.8,2492701.0
2018-01-23 09:38:11.319336,464.8,464.6,464.8,2492901.0
2018-01-23 09:38:12.536478,464.8,464.6,464.8,2492701.0
2018-01-23 09:38:14.071685,464.8,464.6,464.8,2492701.0
2018-01-23 09:38:15.147663,464.8,464.6,464.8,2492901.0
2018-01-23 09:38:16.480897,464.6,464.6,464.8,2495632.0
2018-01-23 09:38:18.154766,464.8,464.6,465.0,2511532.0
2018-01-23 09:38:19.099910,464.8,464.6,465.0,2511532.0
2018-01-23 09:38:20.037684,464.8,464.6,465.0,2511532.0
2018-01-23 09:38:21.287471,464.8,464.6,465.0,2511532.0
2018-01-23 09:38:22.712121,464.8,464.6,464.8,2513513.0
2018-01-23 09:38:24.395324,464.6,464.4,464.6,2527513.0
2018-01-23 09:38:25.937874,464.6,464.4,464.6,2527413.0
2018-01-23 09:38:27.075181,464.6,464.4,464.6,2527413.0
2018-01-23 09:38:28.281608,464.6,464.4,464.6,2527413.0
2018-01-23 09:38:29.802171,464.6,464.4,464.6,2527413.0
2018-01-23 09:38:31.444967,464.6,464.4,464.6,2527513.0
2018-01-23 09:38:32.836024,464.4,464.4,464.6,2529813.0
2018-01-23 09:38:34.645953,464.4,464.4,464.6,2529813.0
2018-01-23 09:38:35.659114,464.4,464.4,464.6,2540113.0
2018-01-23 09:38:36.918749,464.4,464.4,464.6,2540113.0
2018-01-23 09:38:38.413554,464.4,464.4,464.6,2540113.0
2018-01-23 09:38:39.714848,464.4,464.4,464.6,2540113.0
2018-01-23 09:38:40.696179,464.6,464.4,464.6,2541613.0
2018-01-23 09:38:42.495618,464.6,464.4,464.6,2541613.0
2018-01-23 09:38:43.804003,464.6,464.4,464.6,2549523.0
2018-01-23 09:38:45.116684,464.6,464.4,464.6,2549523.0
2018-01-23 09:38:46.641013,464.6,464.4,464.6,2549523.0
2018-01-23 09:38:47.851039,464.8,464.6,464.8,2551523.0
2018-01-23 09:38:49.700427,464.8,464.6,464.8,2551523.0
2018-01-23 09:38:51.592535,464.6,464.6,465.0,2555723.0
2018-01-23 09:38:52.632836,464.6,464.4,464.8,2555723.0
2018-01-23 09:38:54.080952,464.6,464.4,464.8,2555723.0
2018-01-23 09:38:55.343824,464.6,464.4,464.8,2555723.0
2018-01-23 09:38:56.554984,464.6,464.6,465.0,2555723.0
2018-01-23 09:38:57.569082,464.8,464.4,464.8,2556423.0
2018-01-23 09:38:59.068074,464.8,464.6,465.0,2556423.0
2018-01-23 09:39:00.234058,464.8,464.6,465.0,2556423.0
2018-01-23 09:39:01.403311,464.6,464.4,464.8,2555723.0
2018-01-23 09:39:03.004501,464.8,464.6,465.0,2556423.0
2018-01-23 09:39:04.472864,464.8,464.6,465.0,2556423.0
2018-01-23 09:39:06.277135,464.8,464.6,464.8,2559023.0
2018-01-23 09:39:07.538523,464.8,464.6,464.8,2559023.0
2018-01-23 09:39:08.736211,465.0,464.8,465.0,2579223.0
2018-01-23 09:39:10.090992,465.0,464.8,465.0,2576523.0
2018-01-23 09:39:11.527228,465.0,464.8,465.0,2579223.0
2018-01-23 09:39:12.826114,465.0,464.8,465.0,2579223.0
2018-01-23 09:39:14.771116,465.0,464.8,465.0,2579223.0
2018-01-23 09:39:15.804280,465.2,465.2,465.4,2583323.0
2018-01-23 09:39:16.862894,465.4,465.2,465.4,2581523.0
2018-01-23 09:39:18.363771,465.2,465.2,465.4,2583323.0
2018-01-23 09:39:19.613404,465.2,465.2,465.4,2583323.0
2018-01-23 09:39:20.990010,465.4,465.2,465.4,2581523.0
2018-01-23 09:39:22.076067,465.4,465.2,465.4,2581523.0
2018-01-23 09:39:23.409107,465.2,465.2,465.4,2583323.0
2018-01-23 09:39:24.741198,465.2,465.2,465.4,2583323.0
2018-01-23 09:39:26.536055,465.2,465.2,465.4,2585123.0
2018-01-23 09:39:27.926456,465.4,465.2,465.4,2585623.0
2018-01-23 09:39:29.329874,465.4,465.2,465.4,2585623.0
2018-01-23 09:39:30.595348,465.4,465.2,465.4,2585623.0
2018-01-23 09:39:32.105591,465.2,465.2,465.4,2585123.0
2018-01-23 09:39:33.277677,465.4,465.2,465.4,2585623.0
2018-01-23 09:39:34.604676,465.4,465.2,465.4,2588699.0
2018-01-23 09:39:35.898833,465.4,465.2,465.4,2588471.0
2018-01-23 09:39:36.943737,465.4,465.2,465.4,2588699.0
2018-01-23 09:39:38.222151,465.4,465.2,465.4,2588471.0
2018-01-23 09:39:39.684406,465.4,465.2,465.4,2588471.0
2018-01-23 09:39:41.008087,465.4,465.2,465.4,2588471.0
2018-01-23 09:39:42.300427,465.4,465.2,465.4,2588471.0
2018-01-23 09:39:43.555022,465.4,465.2,465.4,2588471.0
2018-01-23 09:39:44.901962,465.4,465.2,465.4,2588699.0
2018-01-23 09:39:46.224892,465.2,465.2,465.4,2604800.0
2018-01-23 09:39:47.869763,465.2,465.0,465.2,2604800.0
2018-01-23 09:39:48.754892,465.2,465.0,465.2,2605400.0
2018-01-23 09:39:50.155420,465.2,465.0,465.2,2604800.0
2018-01-23 09:39:51.314314,465.2,465.0,465.2,2605400.0
2018-01-23 09:39:52.529354,465.2,465.0,465.2,2604800.0
2018-01-23 09:39:53.940501,465.2,465.0,465.2,2605400.0
2018-01-23 09:39:55.290251,465.2,465.0,465.2,2604800.0
2018-01-23 09:39:56.452236,465.2,465.2,465.4,2604800.0
2018-01-23 09:39:57.556065,465.4,465.2,465.4,2607100.0
2018-01-23 09:39:59.040182,465.4,465.2,465.4,2607100.0
2018-01-23 09:40:00.302170,465.4,465.2,465.4,2607100.0
2018-01-23 09:40:01.797266,465.4,465.2,465.4,2621915.0
2018-01-23 09:40:03.373694,465.4,465.2,465.4,2621915.0
2018-01-23 09:40:05.265418,465.4,465.2,465.6,2625115.0
2018-01-23 09:40:06.759323,465.4,465.2,465.4,2632415.0
2018-01-23 09:40:07.961617,465.4,465.2,465.4,2633415.0
2018-01-23 09:40:09.281528,465.4,465.2,465.4,2632415.0
2018-01-23 09:40:10.625895,465.2,465.2,465.4,2634615.0
2018-01-23 09:40:11.678196,465.4,465.2,465.4,2634715.0
2018-01-23 09:40:12.961092,465.4,465.2,465.4,2634715.0
2018-01-23 09:40:14.762680,465.2,465.2,465.4,2634615.0
2018-01-23 09:40:15.801617,465.2,465.0,465.2,2649350.0
2018-01-23 09:40:17.101598,465.2,465.0,465.2,2649350.0
2018-01-23 09:40:18.288302,465.2,465.0,465.2,2651750.0
2018-01-23 09:40:19.645804,465.2,465.0,465.2,2651750.0
2018-01-23 09:40:20.713319,465.2,465.0,465.2,2651750.0
2018-01-23 09:40:22.452288,465.2,465.0,465.2,2651750.0
2018-01-23 09:40:23.667483,465.2,465.2,465.4,2655150.0
2018-01-23 09:40:25.540856,465.2,465.2,465.4,2655150.0
2018-01-23 09:40:26.587476,465.2,465.2,465.4,2655150.0
2018-01-23 09:40:27.744626,465.0,465.4,465.6,2699550.0
2018-01-23 09:40:29.376405,465.0,465.4,465.6,2700250.0
2018-01-23 09:40:31.076549,465.0,465.4,465.6,2711150.0
2018-01-23 09:40:32.352981,465.0,464.8,465.0,2711150.0
2018-01-23 09:40:34.130227,465.0,464.8,465.0,2711350.0
2018-01-23 09:40:35.547384,465.0,464.8,465.0,2711350.0
2018-01-23 09:40:37.244854,465.0,464.8,465.0,2711350.0
2018-01-23 09:40:38.801062,465.0,464.8,465.0,2712850.0
2018-01-23 09:40:40.057342,465.0,464.8,465.0,2712850.0
2018-01-23 09:40:41.787830,465.0,464.8,465.0,2711350.0
2018-01-23 09:40:43.152432,465.0,464.8,465.0,2724350.0
2018-01-23 09:40:44.620288,465.0,464.8,465.0,2724650.0
2018-01-23 09:40:45.821730,464.8,464.8,465.0,2731750.0
2018-01-23 09:40:47.636339,464.8,464.8,465.0,2731750.0
2018-01-23 09:40:49.273770,464.8,464.6,465.0,2736050.0
2018-01-23 09:40:50.744873,465.0,464.8,465.0,2739950.0
2018-01-23 09:40:52.264970,465.0,464.8,465.0,2740250.0
2018-01-23 09:40:54.118295,465.0,464.8,465.0,2739950.0
2018-01-23 09:40:55.578027,465.0,464.8,465.0,2741950.0
2018-01-23 09:40:56.816470,465.0,464.8,465.0,2783250.0
2018-01-23 09:40:57.814317,465.0,465.0,465.4,2783250.0
2018-01-23 09:40:59.130215,465.0,465.0,465.4,2783250.0
2018-01-23 09:41:00.413082,465.2,465.0,465.4,2787350.0
2018-01-23 09:41:01.390444,465.2,465.0,465.2,2787350.0
2018-01-23 09:41:02.352669,465.2,465.0,465.2,2787350.0
2018-01-23 09:41:03.378636,465.2,465.0,465.2,2787350.0
2018-01-23 09:41:04.310971,465.2,465.0,465.2,2787350.0
2018-01-23 09:41:05.213850,465.2,465.0,465.2,2787350.0
2018-01-23 09:41:06.521197,465.2,465.0,465.2,2787350.0
2018-01-23 09:41:07.733480,465.2,465.0,465.2,2787350.0
2018-01-23 09:41:08.926371,465.6,465.2,465.4,2797250.0
2018-01-23 09:41:10.191733,465.4,465.2,465.4,2795750.0
2018-01-23 09:41:11.371877,465.6,465.4,465.6,2799550.0
2018-01-23 09:41:12.291777,465.6,465.6,465.8,2799550.0
2018-01-23 09:41:13.216745,465.6,465.6,465.8,2799550.0
2018-01-23 09:41:14.505071,465.6,465.6,465.8,2799550.0
2018-01-23 09:41:15.698423,465.6,465.6,465.8,2799550.0
2018-01-23 09:41:16.639767,465.6,465.6,465.8,2799550.0
2018-01-23 09:41:17.869447,465.6,465.4,465.6,2801750.0
2018-01-23 09:41:19.073164,465.4,465.4,465.6,2803150.0
2018-01-23 09:41:20.145703,465.4,465.4,465.6,2804050.0
2018-01-23 09:41:21.079699,465.4,465.4,465.6,2803150.0
2018-01-23 09:41:21.999311,465.4,465.2,465.6,2807950.0
2018-01-23 09:41:23.340592,465.4,465.2,465.4,2811750.0
2018-01-23 09:41:24.627137,465.4,465.2,465.6,2811750.0
2018-01-23 09:41:25.500128,465.4,465.4,465.6,2817350.0
2018-01-23 09:41:26.449409,465.4,465.2,465.6,2817350.0
2018-01-23 09:41:27.688469,465.4,465.4,465.6,2817350.0
2018-01-23 09:41:28.592925,465.4,465.4,465.6,2817350.0
2018-01-23 09:41:29.517110,465.4,465.4,465.6,2817350.0
2018-01-23 09:41:30.496776,465.4,465.0,465.4,2817350.0
2018-01-23 09:41:31.631281,465.2,465.2,465.4,2822352.0
2018-01-23 09:41:32.924862,465.0,465.2,465.4,2820752.0
2018-01-23 09:41:34.164039,465.2,465.2,465.4,2822352.0
2018-01-23 09:41:35.369237,465.2,465.0,465.4,2822352.0
2018-01-23 09:41:36.644579,465.2,465.0,465.2,2823352.0
2018-01-23 09:41:37.749917,465.2,465.0,465.2,2823652.0
2018-01-23 09:41:38.615965,465.2,465.0,465.2,2823652.0
2018-01-23 09:41:39.618441,465.0,465.0,465.2,2833852.0
2018-01-23 09:41:40.862206,465.2,465.0,465.2,2823652.0
2018-01-23 09:41:42.097494,465.0,465.2,465.4,2833852.0
2018-01-23 09:41:43.002692,465.2,465.2,465.4,2834252.0
2018-01-23 09:41:44.295883,465.2,465.0,465.2,2834252.0
2018-01-23 09:41:45.472746,465.2,465.2,465.4,2834252.0
2018-01-23 09:41:46.706994,465.2,465.0,465.2,2841552.0
2018-01-23 09:41:48.291874,465.0,465.0,465.2,2835552.0
2018-01-23 09:41:49.833930,465.0,465.0,465.2,2835552.0
2018-01-23 09:41:51.069186,465.0,465.0,465.2,2844252.0
2018-01-23 09:41:52.277832,465.0,465.0,465.2,2844252.0
2018-01-23 09:41:53.539634,465.2,465.0,465.2,2855452.0
2018-01-23 09:41:54.759918,465.2,465.0,465.2,2856152.0
2018-01-23 09:41:55.926385,465.2,465.0,465.2,2855452.0
2018-01-23 09:41:57.135060,465.2,465.0,465.2,2855452.0
2018-01-23 09:41:58.366930,465.2,465.0,465.2,2858752.0
2018-01-23 09:41:59.280420,465.2,465.0,465.2,2858752.0
2018-01-23 09:42:00.206750,465.2,465.0,465.2,2858752.0
2018-01-23 09:42:01.503975,465.2,465.0,465.2,2858852.0
2018-01-23 09:42:02.676603,465.2,465.0,465.2,2858752.0
2018-01-23 09:42:03.957094,465.2,465.0,465.2,2858852.0
2018-01-23 09:42:05.128442,465.2,465.0,465.2,2858752.0
2018-01-23 09:42:06.349361,465.2,465.0,465.2,2858852.0
2018-01-23 09:42:07.290355,465.2,465.2,465.4,2858752.0
2018-01-23 09:42:08.891816,465.2,465.2,465.4,2863752.0
2018-01-23 09:42:09.855106,465.2,465.2,465.4,2863752.0
2018-01-23 09:42:11.053725,465.2,465.2,465.4,2863952.0
2018-01-23 09:42:11.966576,465.2,465.2,465.4,2863752.0
2018-01-23 09:42:13.115320,465.2,465.2,465.4,2863752.0
2018-01-23 09:42:14.677445,465.4,465.2,465.4,2867052.0
2018-01-23 09:42:15.880882,465.4,465.2,465.4,2880052.0
2018-01-23 09:42:16.818223,465.4,465.2,465.4,2880052.0
2018-01-23 09:42:17.711208,465.4,465.2,465.4,2880052.0
2018-01-23 09:42:18.637596,465.2,465.2,465.4,2882052.0
2018-01-23 09:42:19.475538,465.2,465.2,465.4,2882052.0
2018-01-23 09:42:20.499786,465.2,465.2,465.4,2882052.0
2018-01-23 09:42:21.403610,465.2,465.2,465.4,2882052.0
2018-01-23 09:42:22.687403,465.2,465.2,465.4,2881652.0
2018-01-23 09:42:23.569241,465.2,465.2,465.4,2881652.0
2018-01-23 09:42:24.574469,465.2,465.2,465.4,2881652.0
2018-01-23 09:42:25.637603,465.2,465.0,465.2,2919052.0
2018-01-23 09:42:26.622984,465.2,465.0,465.2,2919052.0
2018-01-23 09:42:27.551704,465.2,465.0,465.2,2919052.0
2018-01-23 09:42:28.538928,465.2,465.0,465.2,2919052.0
2018-01-23 09:42:29.455608,465.2,465.0,465.2,2919052.0
2018-01-23 09:42:30.313487,465.2,465.0,465.2,2919052.0
2018-01-23 09:42:31.222903,465.2,465.4,465.6,2919052.0
2018-01-23 09:42:32.268731,465.2,465.0,465.2,2920852.0
2018-01-23 09:42:33.396075,465.2,465.0,465.2,2920852.0
2018-01-23 09:42:34.687137,465.2,465.0,465.2,2920852.0
2018-01-23 09:42:36.205630,465.2,465.0,465.2,2920852.0
2018-01-23 09:42:37.088282,465.4,465.4,465.6,2923752.0
2018-01-23 09:42:38.622134,465.4,465.4,465.6,2925402.0
2018-01-23 09:42:39.619519,465.4,465.4,465.6,2925402.0
2018-01-23 09:42:40.768972,465.4,465.4,465.6,2925402.0
2018-01-23 09:42:42.071355,465.4,465.4,465.6,2925402.0
2018-01-23 09:42:43.052624,465.4,465.4,465.6,2925402.0
2018-01-23 09:42:44.249133,465.4,465.4,465.6,2927802.0
2018-01-23 09:42:45.340118,465.6,465.4,465.6,2925602.0
2018-01-23 09:42:46.325551,465.6,465.4,465.6,2925602.0
2018-01-23 09:42:47.575638,465.4,465.4,465.6,2927802.0
2018-01-23 09:42:48.759743,465.4,465.4,465.6,2927802.0
2018-01-23 09:42:49.666772,465.6,465.4,465.6,2925602.0
2018-01-23 09:42:50.602996,465.4,465.4,465.6,2937902.0
2018-01-23 09:42:51.533811,465.4,465.4,465.6,2937902.0
2018-01-23 09:42:52.753832,465.4,465.4,465.6,2937902.0
2018-01-23 09:42:53.660466,465.4,465.4,465.6,2937902.0
2018-01-23 09:42:54.594362,465.4,465.4,465.6,2937902.0
2018-01-23 09:42:55.821781,465.4,465.4,465.6,2937902.0
2018-01-23 09:42:57.029667,465.4,465.4,465.6,2937902.0
2018-01-23 09:42:58.067297,465.6,465.4,465.6,2944070.0
2018-01-23 09:42:58.980131,465.4,465.6,465.8,2938302.0
2018-01-23 09:42:59.932921,465.6,465.6,465.8,2944070.0
2018-01-23 09:43:01.399492,465.4,465.6,465.8,2938302.0
2018-01-23 09:43:02.292614,465.6,465.6,465.8,2944070.0
2018-01-23 09:43:03.618886,465.6,465.6,465.8,2944970.0
2018-01-23 09:43:04.730403,465.8,465.6,465.8,2956170.0
2018-01-23 09:43:05.652835,465.8,465.6,465.8,2963670.0
2018-01-23 09:43:06.592535,465.8,465.6,465.8,2963670.0
2018-01-23 09:43:07.874159,465.8,465.6,465.8,2967070.0
2018-01-23 09:43:09.041973,465.8,465.6,465.8,2966770.0
2018-01-23 09:43:10.267266,465.8,465.6,465.8,2966770.0
2018-01-23 09:43:11.323966,465.8,465.6,465.8,2966770.0
2018-01-23 09:43:12.098619,465.8,465.6,465.8,2967070.0
2018-01-23 09:43:13.030072,465.8,465.6,465.8,2967070.0
2018-01-23 09:43:14.252851,465.8,465.6,465.8,2969270.0
2018-01-23 09:43:15.476808,465.8,465.6,465.8,2969270.0
2018-01-23 09:43:16.541751,465.8,465.6,465.8,2969270.0
2018-01-23 09:43:17.538942,465.8,465.6,465.8,2967070.0
2018-01-23 09:43:18.856406,465.8,465.6,465.8,2974370.0
2018-01-23 09:43:20.112627,465.8,465.6,465.8,2974370.0
2018-01-23 09:43:21.320278,465.8,465.6,465.8,2969270.0
2018-01-23 09:43:22.540071,465.8,465.6,465.8,2975570.0
2018-01-23 09:43:23.536350,465.8,465.6,465.8,2975570.0
2018-01-23 09:43:24.325630,465.8,465.6,465.8,2975570.0
2018-01-23 09:43:25.379313,465.6,465.6,465.8,2975770.0
2018-01-23 09:43:26.543863,465.6,465.6,465.8,2975770.0
2018-01-23 09:43:27.790598,465.6,465.6,465.8,2975770.0
2018-01-23 09:43:29.180578,465.8,465.6,465.8,2980070.0
2018-01-23 09:43:30.298500,465.8,465.6,465.8,2979670.0
2018-01-23 09:43:31.183471,465.8,465.6,465.8,2979670.0
2018-01-23 09:43:32.061137,465.8,465.6,465.8,2979670.0
2018-01-23 09:43:33.337776,465.8,465.6,465.8,2980070.0
2018-01-23 09:43:34.246359,466.0,465.8,466.0,3039170.0
2018-01-23 09:43:35.485116,466.0,465.8,466.0,3032870.0
2018-01-23 09:43:36.925296,466.0,465.8,466.0,3039170.0
2018-01-23 09:43:38.686570,466.0,465.8,466.2,3042270.0
2018-01-23 09:43:40.038441,466.0,465.8,466.2,3042270.0
2018-01-23 09:43:40.997609,466.0,465.8,466.2,3042270.0
2018-01-23 09:43:42.110948,466.0,465.6,466.0,3042270.0
2018-01-23 09:43:43.240413,466.0,465.8,466.2,3042270.0
2018-01-23 09:43:44.660163,465.8,465.8,466.0,3046770.0
2018-01-23 09:43:45.957973,465.8,465.8,466.0,3046770.0
2018-01-23 09:43:48.183714,465.8,465.8,466.0,3046770.0
2018-01-23 09:43:49.501759,466.0,465.8,466.2,3047470.0
2018-01-23 09:43:50.870451,465.8,465.6,465.8,3049470.0
2018-01-23 09:43:52.164626,465.6,465.6,466.2,3061270.0
2018-01-23 09:43:53.319525,465.6,465.6,466.2,3061270.0
2018-01-23 09:43:54.897316,465.6,465.6,466.2,3061270.0
2018-01-23 09:43:56.286554,465.6,465.6,466.2,3061270.0
2018-01-23 09:43:57.378735,465.8,465.6,465.8,3062616.0
2018-01-23 09:43:58.565615,465.8,465.6,465.8,3062616.0
2018-01-23 09:43:59.750042,465.8,465.6,465.8,3062616.0
2018-01-23 09:44:00.994934,465.8,465.6,465.8,3062916.0
2018-01-23 09:44:02.271995,465.8,465.6,465.8,3062616.0
2018-01-23 09:44:03.586678,465.8,465.6,465.8,3062616.0
2018-01-23 09:44:04.999946,465.8,465.6,465.8,3062916.0
2018-01-23 09:44:06.619826,465.8,465.6,465.8,3068916.0
2018-01-23 09:44:08.574035,465.8,465.6,465.8,3062916.0
2018-01-23 09:44:10.340922,465.8,465.6,465.8,3068916.0
2018-01-23 09:44:11.734654,465.8,465.6,465.8,3068916.0
2018-01-23 09:44:12.990483,465.8,465.6,465.8,3068916.0
2018-01-23 09:44:14.070005,465.8,465.6,465.8,3068916.0
2018-01-23 09:44:15.136131,465.8,465.6,465.8,3068916.0
2018-01-23 09:44:16.588756,465.8,465.6,465.8,3070216.0
2018-01-23 09:44:18.687974,465.8,465.6,465.8,3068916.0
2018-01-23 09:44:19.783312,465.8,465.6,465.8,3076216.0
2018-01-23 09:44:20.963273,465.8,465.6,465.8,3072716.0
2018-01-23 09:44:22.067488,465.8,465.6,465.8,3076216.0
2018-01-23 09:44:23.223408,465.8,465.6,465.8,3076216.0
2018-01-23 09:44:24.537070,465.8,465.6,465.8,3072716.0
2018-01-23 09:44:25.796045,465.8,465.6,465.8,3076216.0
2018-01-23 09:44:26.870122,465.8,465.6,465.8,3072716.0
2018-01-23 09:44:28.264354,465.8,465.6,465.8,3076216.0
2018-01-23 09:44:29.867768,465.8,465.6,465.8,3076216.0
2018-01-23 09:44:31.367744,465.8,465.6,465.8,3076216.0
2018-01-23 09:44:32.798529,465.8,465.6,465.8,3077920.0
2018-01-23 09:44:33.887651,465.8,465.8,466.0,3077920.0
2018-01-23 09:44:35.081853,466.0,465.8,466.0,3078120.0
2018-01-23 09:44:36.416087,466.0,465.8,466.0,3078120.0
2018-01-23 09:44:37.923753,466.0,465.8,466.0,3078120.0
2018-01-23 09:44:39.295939,465.8,465.8,466.0,3077920.0
2018-01-23 09:44:40.531638,466.0,465.8,466.0,3079620.0
2018-01-23 09:44:41.885723,466.0,465.8,466.0,3079620.0
2018-01-23 09:44:43.099870,466.0,465.8,466.0,3079620.0
2018-01-23 09:44:44.543377,466.0,465.8,466.0,3079620.0
2018-01-23 09:44:46.334385,466.0,465.8,466.0,3079620.0
2018-01-23 09:44:48.028588,465.8,466.0,466.2,3095120.0
2018-01-23 09:44:49.574873,465.8,465.8,466.0,3095120.0
2018-01-23 09:44:50.588737,465.8,465.8,466.0,3095120.0
2018-01-23 09:44:51.756347,465.8,465.8,466.0,3095120.0
2018-01-23 09:44:53.208370,465.8,465.8,466.0,3095120.0
2018-01-23 09:44:54.165090,466.0,465.8,466.0,3099744.0
2018-01-23 09:44:55.400544,466.0,465.8,466.0,3096620.0
2018-01-23 09:44:56.521904,466.2,465.8,466.2,3108244.0
2018-01-23 09:44:57.726851,466.0,465.8,466.2,3109762.0
2018-01-23 09:44:58.778655,466.0,465.8,466.2,3109762.0
2018-01-23 09:44:59.972156,466.0,465.8,466.0,3111762.0
2018-01-23 09:45:01.216326,466.0,465.8,466.0,3111762.0
2018-01-23 09:45:02.724676,466.0,465.8,466.0,3111762.0
2018-01-23 09:45:04.018797,466.0,465.8,466.0,3109762.0
2018-01-23 09:45:06.328979,466.0,465.8,466.0,3111762.0
2018-01-23 09:45:07.956756,466.0,465.8,466.0,3109762.0
2018-01-23 09:45:09.411819,466.0,465.8,466.0,3109762.0
2018-01-23 09:45:10.950736,466.0,465.8,466.0,3109762.0
2018-01-23 09:45:12.054893,466.0,465.8,466.0,3111762.0
2018-01-23 09:45:13.248830,466.0,465.8,466.0,3111762.0
2018-01-23 09:45:14.983116,466.0,465.8,466.0,3111762.0
2018-01-23 09:45:15.955689,466.0,465.8,466.0,3109762.0
2018-01-23 09:45:17.464940,466.0,466.0,466.2,3109762.0
2018-01-23 09:45:19.224237,466.2,466.0,466.2,3130862.0
2018-01-23 09:45:20.862444,466.0,466.0,466.2,3132962.0
2018-01-23 09:45:22.586544,466.0,466.0,466.2,3132962.0
2018-01-23 09:45:23.932132,466.2,466.0,466.2,3151162.0
2018-01-23 09:45:25.284407,466.2,466.0,466.2,3149862.0
2018-01-23 09:45:26.736574,466.2,466.0,466.2,3151162.0
2018-01-23 09:45:28.017654,466.2,466.0,466.2,3151162.0
2018-01-23 09:45:29.179903,466.2,466.0,466.2,3151162.0
2018-01-23 09:45:30.395230,466.2,466.0,466.2,3151162.0
2018-01-23 09:45:31.425990,466.2,466.0,466.2,3151162.0
2018-01-23 09:45:32.792786,466.2,466.0,466.2,3152662.0
2018-01-23 09:45:34.868878,466.2,466.0,466.2,3162862.0
2018-01-23 09:45:36.751397,466.2,466.0,466.2,3162862.0
2018-01-23 09:45:37.855529,466.2,466.0,466.2,3162862.0
2018-01-23 09:45:39.142383,466.2,466.0,466.2,3162862.0
2018-01-23 09:45:40.852970,466.2,466.2,466.4,3187862.0
2018-01-23 09:45:42.876593,466.2,466.2,466.4,3187862.0
2018-01-23 09:45:44.167998,466.2,466.2,466.4,3188062.0
2018-01-23 09:45:45.152790,466.2,466.2,466.4,3187862.0
2018-01-23 09:45:46.588025,466.4,466.2,466.4,3189262.0
2018-01-23 09:45:47.877444,466.2,466.2,466.4,3200862.0
2018-01-23 09:45:49.189148,466.2,466.2,466.4,3200862.0
2018-01-23 09:45:50.644052,466.2,466.2,466.4,3200862.0
2018-01-23 09:45:52.202202,466.2,466.0,466.2,3203362.0
2018-01-23 09:45:53.351414,466.2,466.2,466.4,3203362.0
2018-01-23 09:45:54.901838,466.2,466.0,466.2,3203362.0
2018-01-23 09:45:56.595787,466.2,466.0,466.2,3203362.0
2018-01-23 09:45:57.957191,466.2,466.0,466.2,3203362.0
2018-01-23 09:45:59.129090,466.2,466.0,466.2,3203362.0
2018-01-23 09:46:00.974386,466.0,466.0,466.2,3205062.0
2018-01-23 09:46:02.554832,466.0,466.0,466.2,3205062.0
2018-01-23 09:46:03.799472,466.0,466.0,466.2,3266762.0
2018-01-23 09:46:05.020449,466.0,466.0,466.2,3266762.0
2018-01-23 09:46:06.414202,466.0,465.8,466.0,3269462.0
2018-01-23 09:46:08.973903,466.0,466.0,466.2,3269562.0
2018-01-23 09:46:10.734091,466.0,466.0,466.2,3279062.0
2018-01-23 09:46:12.030673,466.0,465.8,466.0,3279762.0
2018-01-23 09:46:13.572524,466.0,465.8,466.0,3279062.0
2018-01-23 09:46:14.816173,466.0,465.8,466.0,3279762.0
2018-01-23 09:46:16.047504,466.0,465.8,466.0,3279762.0
2018-01-23 09:46:21.084900,,,,
2018-01-23 09:46:22.364857,465.8,465.6,465.8,3293162.0
2018-01-23 09:46:23.836762,465.8,465.6,465.8,3293162.0
2018-01-23 09:46:26.183259,466.0,465.6,465.8,3308762.0
2018-01-23 09:46:27.208324,466.0,465.6,466.0,3308762.0
2018-01-23 09:46:29.038310,466.0,465.8,466.0,3308762.0
2018-01-23 09:46:30.175972,466.0,465.8,466.0,3308762.0
2018-01-23 09:46:31.935352,465.8,465.6,465.8,3309737.0
2018-01-23 09:46:33.114047,465.6,465.6,465.8,3311037.0
2018-01-23 09:46:34.276876,465.8,465.6,465.8,3311337.0
2018-01-23 09:46:35.778717,465.6,465.6,465.8,3311037.0
2018-01-23 09:46:36.979870,465.6,465.6,465.8,3311037.0
2018-01-23 09:46:38.222358,465.8,465.6,465.8,3317137.0
2018-01-23 09:46:39.256515,465.8,465.6,465.8,3317037.0
2018-01-23 09:46:40.905739,465.8,465.6,465.8,3317137.0
2018-01-23 09:46:42.209752,465.8,465.6,465.8,3321137.0
2018-01-23 09:46:43.329381,465.8,465.6,465.8,3327637.0
2018-01-23 09:46:44.600125,465.8,465.6,465.8,3329637.0
2018-01-23 09:46:46.374094,465.8,465.6,465.8,3329637.0
2018-01-23 09:46:47.922406,465.8,465.8,466.0,3333137.0
2018-01-23 09:46:49.260979,465.8,465.8,466.0,3333137.0
2018-01-23 09:46:51.252354,465.8,465.8,466.0,3332837.0
2018-01-23 09:46:52.486065,465.8,465.8,466.0,3332837.0
2018-01-23 09:46:53.873636,465.8,465.8,466.0,3333137.0
2018-01-23 09:46:55.175823,465.8,465.8,466.0,3332837.0
2018-01-23 09:46:56.419104,465.8,465.8,466.0,3332837.0
2018-01-23 09:46:57.802800,465.6,465.8,466.0,3337537.0
2018-01-23 09:46:59.388757,465.6,465.6,465.8,3337537.0
2018-01-23 09:47:00.570802,465.6,465.6,465.8,3337537.0
2018-01-23 09:47:02.152666,465.6,465.6,465.8,3337537.0
2018-01-23 09:47:03.636475,465.6,465.6,465.8,3337537.0
2018-01-23 09:47:04.700565,465.6,465.6,465.8,3339137.0
2018-01-23 09:47:09.738091,,,,
2018-01-23 09:47:11.053243,465.6,465.6,465.8,3339137.0
2018-01-23 09:47:12.075613,465.6,465.6,465.8,3339137.0
2018-01-23 09:47:13.321687,465.6,465.6,465.8,3339137.0
2018-01-23 09:47:14.736022,465.8,465.6,465.8,3346437.0
2018-01-23 09:47:16.327963,465.6,465.4,465.8,3356037.0
2018-01-23 09:47:17.707172,465.6,465.4,465.8,3356037.0
2018-01-23 09:47:19.253262,465.6,465.4,465.8,3356037.0
2018-01-23 09:47:20.538035,465.6,465.4,465.8,3356937.0
2018-01-23 09:47:21.688955,465.6,465.4,465.8,3356937.0
2018-01-23 09:47:23.354228,465.6,465.4,465.8,3356937.0
2018-01-23 09:47:25.132429,465.8,465.6,465.8,3360937.0
2018-01-23 09:47:26.352501,465.8,465.4,465.8,3360937.0
2018-01-23 09:47:27.572180,465.8,465.6,465.8,3360937.0
2018-01-23 09:47:28.964610,465.8,465.6,465.8,3360937.0
2018-01-23 09:47:30.264542,465.8,465.6,465.8,3366532.0
2018-01-23 09:47:31.820336,465.8,465.6,465.8,3366532.0
2018-01-23 09:47:33.265685,465.8,465.6,465.8,3366532.0
2018-01-23 09:47:35.075641,465.8,465.6,465.8,3368632.0
2018-01-23 09:47:36.711687,465.8,465.6,465.8,3368332.0
2018-01-23 09:47:38.398195,465.8,465.6,465.8,3369932.0
2018-01-23 09:47:39.741408,465.8,465.6,465.8,3369932.0
2018-01-23 09:47:41.105566,465.8,465.6,465.8,3369932.0
2018-01-23 09:47:42.551838,465.8,465.6,465.8,3369932.0
2018-01-23 09:47:43.818331,465.8,465.6,465.8,3369932.0
2018-01-23 09:47:45.286449,465.8,465.6,465.8,3369932.0
2018-01-23 09:47:46.504289,465.8,465.6,465.8,3369932.0
2018-01-23 09:47:47.964222,465.8,465.8,466.0,3376332.0
2018-01-23 09:47:49.246240,465.8,465.8,466.0,3377332.0
2018-01-23 09:47:51.381606,465.8,465.8,466.0,3376332.0
2018-01-23 09:47:52.812226,465.8,465.8,466.0,3376332.0
2018-01-23 09:47:53.968811,465.8,465.8,466.0,3392832.0
2018-01-23 09:47:55.065476,465.8,465.8,466.0,3391932.0
2018-01-23 09:47:56.931599,465.8,465.8,466.0,3392832.0
2018-01-23 09:47:58.643842,465.8,465.8,466.0,3392832.0
2018-01-23 09:47:59.993635,465.8,465.8,466.0,3392832.0
2018-01-23 09:48:01.388786,465.8,465.8,466.0,3391932.0
2018-01-23 09:48:03.279216,465.8,465.8,466.0,3392832.0
2018-01-23 09:48:04.297563,466.0,465.6,466.0,3399132.0
2018-01-23 09:48:05.452422,465.8,465.6,466.0,3394132.0
2018-01-23 09:48:06.971559,466.0,465.8,466.0,3399132.0
2018-01-23 09:48:08.295101,466.0,465.6,466.0,3399132.0
2018-01-23 09:48:09.443052,466.0,465.6,466.0,3399732.0
2018-01-23 09:48:10.454962,466.0,465.6,466.0,3399132.0
2018-01-23 09:48:11.505247,466.0,465.6,466.0,3399132.0
2018-01-23 09:48:12.997489,466.0,465.8,466.0,3399732.0
2018-01-23 09:48:14.117336,466.0,465.6,466.0,3399132.0
2018-01-23 09:48:15.177684,466.0,465.8,466.0,3399132.0
2018-01-23 09:48:16.892699,466.0,465.6,466.0,3399132.0
2018-01-23 09:48:17.995296,466.0,465.6,466.0,3399132.0
2018-01-23 09:48:19.209093,466.0,465.6,466.0,3399132.0
2018-01-23 09:48:20.185357,466.0,465.8,466.0,3406332.0
2018-01-23 09:48:21.511312,466.0,465.8,466.0,3406332.0
2018-01-23 09:48:22.611497,466.0,465.8,466.0,3406332.0
2018-01-23 09:48:23.723634,466.0,465.8,466.0,3406332.0
2018-01-23 09:48:25.335269,466.0,465.8,466.0,3406332.0
2018-01-23 09:48:26.405305,466.0,465.8,466.0,3436832.0
2018-01-23 09:48:27.566647,466.0,465.8,466.0,3436832.0
2018-01-23 09:48:28.610769,466.0,465.8,466.0,3436832.0
2018-01-23 09:48:29.810917,466.0,465.8,466.0,3436732.0
2018-01-23 09:48:31.227368,466.0,465.8,466.0,3436732.0
2018-01-23 09:48:32.483382,466.0,465.8,466.0,3436732.0
2018-01-23 09:48:33.704796,466.0,466.0,466.2,3440032.0
2018-01-23 09:48:34.862594,466.0,466.0,466.2,3436832.0
2018-01-23 09:48:36.130175,466.0,466.0,466.2,3440132.0
2018-01-23 09:48:37.487901,466.0,466.0,466.2,3440032.0
2018-01-23 09:48:38.641926,466.0,466.0,466.2,3440132.0
2018-01-23 09:48:39.858940,466.0,466.0,466.2,3440032.0
2018-01-23 09:48:41.091064,466.0,466.0,466.2,3440032.0
2018-01-23 09:48:42.132669,466.0,466.0,466.2,3441932.0
2018-01-23 09:48:43.238771,466.2,466.0,466.2,3441832.0
2018-01-23 09:48:44.372610,466.0,466.0,466.2,3441932.0
2018-01-23 09:48:45.302632,466.0,466.0,466.2,3441932.0
2018-01-23 09:48:46.181116,466.0,466.0,466.2,3441932.0
2018-01-23 09:48:47.394483,466.2,466.0,466.2,3441832.0
2018-01-23 09:48:48.762531,466.0,466.0,466.2,3441932.0
2018-01-23 09:48:49.728949,466.0,466.0,466.2,3441932.0
2018-01-23 09:48:50.606862,466.0,466.0,466.2,3441932.0
2018-01-23 09:48:51.526513,466.0,466.0,466.2,3441932.0
2018-01-23 09:48:52.455076,466.2,466.0,466.2,3444032.0
2018-01-23 09:48:53.401617,466.2,466.0,466.2,3444032.0
2018-01-23 09:48:54.328335,466.2,466.0,466.2,3444032.0
2018-01-23 09:48:55.216460,466.2,466.0,466.2,3444032.0
2018-01-23 09:48:56.537728,466.2,466.0,466.2,3444032.0
2018-01-23 09:48:57.724788,466.2,466.0,466.2,3444032.0
2018-01-23 09:48:58.628400,466.2,466.0,466.2,3444032.0
2018-01-23 09:48:59.545854,466.2,466.0,466.2,3444032.0
2018-01-23 09:49:00.464821,466.2,466.0,466.2,3444032.0
2018-01-23 09:49:01.397088,466.2,466.0,466.2,3444032.0
2018-01-23 09:49:02.388310,466.2,466.0,466.2,3444032.0
2018-01-23 09:49:03.612950,466.2,466.0,466.2,3445032.0
2018-01-23 09:49:04.848583,466.2,466.0,466.2,3445032.0
2018-01-23 09:49:06.070831,466.2,466.0,466.2,3447832.0
2018-01-23 09:49:07.962694,466.2,466.0,466.2,3447832.0
2018-01-23 09:49:09.108068,466.2,466.0,466.2,3459232.0
2018-01-23 09:49:10.535914,466.2,466.0,466.2,3459832.0
2018-01-23 09:49:11.623117,466.2,466.0,466.2,3459232.0
2018-01-23 09:49:13.642816,466.2,466.0,466.2,3459832.0
2018-01-23 09:49:15.368395,466.2,466.0,466.2,3459832.0
2018-01-23 09:49:16.612599,466.4,466.2,466.4,3462232.0
2018-01-23 09:49:18.053014,466.4,466.2,466.4,3462232.0
2018-01-23 09:49:19.272755,466.4,466.2,466.4,3462232.0
2018-01-23 09:49:20.850505,466.4,466.2,466.4,3462232.0
2018-01-23 09:49:22.519842,466.0,466.0,466.2,3467132.0
2018-01-23 09:49:24.164605,466.0,466.0,466.2,3467132.0
2018-01-23 09:49:25.566823,466.0,466.0,466.2,3467332.0
2018-01-23 09:49:26.982443,466.0,466.0,466.2,3467332.0
2018-01-23 09:49:28.692301,466.0,466.0,466.2,3467132.0
2018-01-23 09:49:30.229265,466.0,466.0,466.2,3467132.0
2018-01-23 09:49:31.940573,466.4,466.2,466.4,3478263.0
2018-01-23 09:49:33.890418,466.2,466.2,466.4,3481263.0
2018-01-23 09:49:35.240943,466.2,466.2,466.4,3481263.0
2018-01-23 09:49:36.482304,466.2,466.2,466.4,3481263.0
2018-01-23 09:49:37.711163,466.4,466.2,466.4,3483463.0
2018-01-23 09:49:38.707501,466.4,466.2,466.4,3483463.0
2018-01-23 09:49:39.915907,466.4,466.2,466.4,3483463.0
2018-01-23 09:49:41.132075,466.2,466.2,466.4,3483563.0
2018-01-23 09:49:42.321448,466.4,466.2,466.6,3497663.0
2018-01-23 09:49:43.594894,466.4,466.4,466.6,3497663.0
2018-01-23 09:49:44.756744,466.4,466.2,466.6,3497663.0
2018-01-23 09:49:45.984149,466.4,466.2,466.6,3497663.0
2018-01-23 09:49:47.708937,466.4,466.4,466.6,3498563.0
2018-01-23 09:49:49.434384,466.2,466.4,466.6,3501463.0
2018-01-23 09:49:50.813844,466.6,466.4,466.6,3499463.0
2018-01-23 09:49:51.984504,466.2,466.4,466.6,3501463.0
2018-01-23 09:49:53.520639,466.2,466.4,466.6,3501463.0
2018-01-23 09:49:54.599283,466.4,466.4,466.6,3506763.0
2018-01-23 09:49:56.136003,466.4,466.4,466.6,3506763.0
2018-01-23 09:49:57.645415,466.4,466.4,466.6,3506763.0
2018-01-23 09:49:59.060675,466.4,466.4,466.6,3506763.0
2018-01-23 09:50:00.380209,466.6,466.4,466.6,3516563.0
2018-01-23 09:50:01.877628,466.6,466.4,466.6,3516563.0
2018-01-23 09:50:02.884383,466.6,466.4,466.6,3516563.0
2018-01-23 09:50:04.603919,466.6,466.4,466.6,3516563.0
2018-01-23 09:50:06.311395,466.6,466.4,466.6,3516563.0
2018-01-23 09:50:07.501342,466.6,466.4,466.6,3516563.0
2018-01-23 09:50:09.536158,466.6,466.4,466.6,3520463.0
2018-01-23 09:50:10.808893,466.6,466.4,466.6,3520463.0
2018-01-23 09:50:11.772953,466.6,466.4,466.6,3520463.0
2018-01-23 09:50:12.901901,466.6,466.4,466.6,3520463.0
2018-01-23 09:50:14.013292,466.6,466.4,466.6,3520463.0
2018-01-23 09:50:15.374669,466.6,466.4,466.6,3522263.0
2018-01-23 09:50:16.469301,466.4,466.2,466.4,3532363.0
2018-01-23 09:50:17.860736,466.4,466.2,466.4,3532063.0
2018-01-23 09:50:19.512758,466.4,466.2,466.4,3535663.0
2018-01-23 09:50:20.738642,466.4,466.2,466.4,3535663.0
2018-01-23 09:50:22.215832,466.4,466.2,466.4,3535663.0
2018-01-23 09:50:23.617718,466.4,466.2,466.4,3535663.0
2018-01-23 09:50:24.774532,466.4,466.2,466.4,3535663.0
2018-01-23 09:50:26.084542,466.4,466.2,466.4,3535863.0
2018-01-23 09:50:27.463169,466.4,466.2,466.4,3535663.0
2018-01-23 09:50:28.886469,466.4,466.2,466.4,3541763.0
2018-01-23 09:50:29.906812,466.4,466.2,466.4,3542963.0
2018-01-23 09:50:31.393380,466.4,466.2,466.4,3541763.0
2018-01-23 09:50:32.653131,466.4,466.2,466.4,3545063.0
2018-01-23 09:50:34.304233,466.4,466.2,466.4,3556263.0
2018-01-23 09:50:35.645352,466.4,466.2,466.6,3556263.0
2018-01-23 09:50:36.942781,466.4,466.2,466.6,3561463.0
2018-01-23 09:50:38.713672,466.4,466.2,466.4,3561463.0
2018-01-23 09:50:40.338345,466.4,466.2,466.4,3566063.0
2018-01-23 09:50:41.250569,466.4,466.2,466.4,3563863.0
2018-01-23 09:50:42.600573,466.4,466.2,466.4,3563863.0
2018-01-23 09:50:44.086201,466.4,466.2,466.4,3567063.0
2018-01-23 09:50:45.438495,466.4,466.2,466.4,3567063.0
2018-01-23 09:50:46.678754,466.4,466.2,466.4,3567063.0
2018-01-23 09:50:47.777515,466.4,466.2,466.4,3566063.0
2018-01-23 09:50:48.767719,466.4,466.2,466.4,3567063.0
2018-01-23 09:50:49.834115,466.4,466.2,466.4,3567963.0
2018-01-23 09:50:50.922000,466.4,466.2,466.4,3568163.0
2018-01-23 09:50:52.399735,466.4,466.2,466.4,3568163.0
2018-01-23 09:50:53.559583,466.4,466.2,466.4,3568163.0
2018-01-23 09:50:55.610461,466.4,466.2,466.4,3570663.0
2018-01-23 09:50:56.681261,466.4,466.2,466.4,3570563.0
2018-01-23 09:50:57.542332,466.4,466.2,466.4,3570663.0
2018-01-23 09:50:58.915988,466.4,466.2,466.4,3570563.0
2018-01-23 09:50:59.905913,466.4,466.2,466.4,3570563.0
2018-01-23 09:51:01.203819,466.4,466.2,466.4,3571763.0
2018-01-23 09:51:02.361900,466.4,466.4,466.6,3571763.0
2018-01-23 09:51:03.690368,466.4,466.4,466.6,3571763.0
2018-01-23 09:51:04.933985,466.4,466.4,466.6,3571763.0
2018-01-23 09:51:06.198316,466.6,466.4,466.6,3577163.0
2018-01-23 09:51:07.774590,466.6,466.4,466.6,3576663.0
2018-01-23 09:51:08.876324,466.6,466.4,466.6,3577163.0
2018-01-23 09:51:10.223215,466.6,466.4,466.6,3577163.0
2018-01-23 09:51:11.451045,466.6,466.4,466.6,3584463.0
2018-01-23 09:51:12.636717,466.6,466.4,466.6,3577163.0
2018-01-23 09:51:13.836661,466.6,466.4,466.6,3584463.0
2018-01-23 09:51:15.568102,466.6,466.4,466.6,3577163.0
2018-01-23 09:51:16.527052,466.6,466.4,466.6,3577163.0
2018-01-23 09:51:18.302719,466.6,466.4,466.6,3577163.0
2018-01-23 09:51:19.854697,466.6,466.4,466.6,3584563.0
2018-01-23 09:51:21.121800,466.6,466.4,466.6,3584563.0
2018-01-23 09:51:22.232344,466.6,466.4,466.6,3584563.0
2018-01-23 09:51:23.562150,466.6,466.4,466.6,3584563.0
2018-01-23 09:51:25.031769,466.6,466.4,466.6,3585963.0
2018-01-23 09:51:26.238568,466.6,466.4,466.6,3586063.0
2018-01-23 09:51:27.284437,466.6,466.4,466.6,3585963.0
2018-01-23 09:51:28.569696,466.6,466.4,466.6,3586063.0
2018-01-23 09:51:29.681734,466.6,466.4,466.6,3585963.0
2018-01-23 09:51:30.842866,466.4,466.4,466.6,3588063.0
2018-01-23 09:51:32.207077,466.4,466.4,466.6,3588063.0
2018-01-23 09:51:33.492800,466.4,466.4,466.6,3588063.0
2018-01-23 09:51:35.288096,466.6,466.4,466.6,3598163.0
2018-01-23 09:51:36.353514,466.6,466.4,466.6,3598063.0
2018-01-23 09:51:37.795602,466.6,466.4,466.6,3598163.0
2018-01-23 09:51:38.858995,466.6,466.4,466.6,3598063.0
2018-01-23 09:51:39.839749,466.6,466.4,466.6,3598163.0
2018-01-23 09:51:41.496036,466.6,466.4,466.6,3598063.0
2018-01-23 09:51:43.238609,466.6,466.6,466.8,3599063.0
2018-01-23 09:51:44.205561,466.6,466.6,466.8,3599063.0
2018-01-23 09:51:45.206210,466.6,466.6,466.8,3599063.0
2018-01-23 09:51:46.212811,466.6,466.6,466.8,3599063.0
2018-01-23 09:51:47.348418,466.6,466.6,466.8,3599063.0
2018-01-23 09:51:48.568785,466.6,466.6,466.8,3599063.0
2018-01-23 09:51:49.625631,466.6,466.6,466.8,3599063.0
2018-01-23 09:51:50.572830,466.6,466.6,466.8,3599063.0
2018-01-23 09:51:51.779778,466.6,466.6,466.8,3599063.0
2018-01-23 09:51:52.807649,466.6,466.6,466.8,3599063.0
2018-01-23 09:51:53.834376,466.6,466.6,466.8,3599063.0
2018-01-23 09:51:55.384782,466.6,466.6,466.8,3599063.0
2018-01-23 09:51:56.597741,466.6,466.6,466.8,3617563.0
2018-01-23 09:51:57.635003,466.6,466.4,466.8,3617563.0
2018-01-23 09:51:58.704017,466.8,466.4,466.8,3619863.0
2018-01-23 09:51:59.707759,466.8,466.4,466.8,3619863.0
2018-01-23 09:52:01.138561,466.6,466.6,466.8,3623463.0
2018-01-23 09:52:02.393130,466.6,466.6,466.8,3623463.0
2018-01-23 09:52:04.391102,466.6,466.6,466.8,3623163.0
2018-01-23 09:52:05.506781,466.6,466.6,466.8,3623463.0
2018-01-23 09:52:06.998948,466.6,466.6,466.8,3623163.0
2018-01-23 09:52:08.382965,466.6,466.4,466.6,3629663.0
2018-01-23 09:52:09.416282,466.6,466.4,466.6,3629963.0
2018-01-23 09:52:10.882009,466.6,466.4,466.6,3629963.0
2018-01-23 09:52:11.869446,466.6,466.4,466.6,3648963.0
2018-01-23 09:52:13.376865,466.6,466.4,466.6,3629963.0
2018-01-23 09:52:14.611593,466.6,466.4,466.6,3649663.0
2018-01-23 09:52:15.810596,466.6,466.4,466.6,3648963.0
2018-01-23 09:52:17.049715,466.6,466.4,466.6,3649663.0
2018-01-23 09:52:18.199241,466.6,466.4,466.6,3649663.0
2018-01-23 09:52:19.538391,466.4,466.4,466.6,3652363.0
2018-01-23 09:52:20.634381,466.4,466.4,466.6,3652363.0
2018-01-23 09:52:22.068954,466.4,466.4,466.6,3652363.0
2018-01-23 09:52:23.740257,466.4,466.4,466.6,3652363.0
2018-01-23 09:52:25.058073,466.4,466.4,466.6,3652363.0
2018-01-23 09:52:26.128127,466.4,466.4,466.6,3652363.0
2018-01-23 09:52:27.145134,466.4,466.4,466.6,3652363.0
2018-01-23 09:52:28.358911,466.4,466.4,466.6,3652363.0
2018-01-23 09:52:30.224334,466.4,466.4,466.6,3652363.0
2018-01-23 09:52:31.560682,466.4,466.4,466.6,3652363.0
2018-01-23 09:52:32.704970,466.6,466.4,466.6,3659863.0
2018-01-23 09:52:33.785188,466.6,466.4,466.6,3659863.0
2018-01-23 09:52:35.107992,466.6,466.4,466.6,3659863.0
2018-01-23 09:52:36.187193,466.6,466.4,466.6,3659863.0
2018-01-23 09:52:37.294157,466.6,466.4,466.6,3659863.0
2018-01-23 09:52:38.182253,466.6,466.4,466.6,3661663.0
2018-01-23 09:52:39.338796,466.6,466.4,466.6,3661663.0
2018-01-23 09:52:40.808177,466.6,466.4,466.6,3661663.0
2018-01-23 09:52:41.953298,466.6,466.4,466.6,3661663.0
2018-01-23 09:52:43.753777,466.6,466.4,466.6,3661663.0
2018-01-23 09:52:44.756059,466.6,466.4,466.6,3661663.0
2018-01-23 09:52:46.477538,466.6,466.4,466.6,3661663.0
2018-01-23 09:52:47.659106,466.6,466.4,466.6,3661663.0
2018-01-23 09:52:49.144542,466.6,466.4,466.6,3661663.0
2018-01-23 09:52:50.421221,466.4,466.4,466.6,3662963.0
2018-01-23 09:52:51.738630,466.4,466.4,466.6,3662963.0
2018-01-23 09:52:53.070949,466.4,466.4,466.6,3662963.0
2018-01-23 09:52:54.161858,466.4,466.4,466.6,3668163.0
2018-01-23 09:52:56.002022,466.4,466.4,466.6,3668163.0
2018-01-23 09:52:57.364349,466.4,466.4,466.6,3669163.0
2018-01-23 09:52:58.341508,466.6,466.4,466.6,3669658.0
2018-01-23 09:52:59.794950,466.4,466.4,466.6,3669163.0
2018-01-23 09:53:01.358251,466.6,466.4,466.6,3669658.0
2018-01-23 09:53:02.866403,466.4,466.4,466.6,3669163.0
2018-01-23 09:53:03.815030,466.6,466.4,466.6,3669658.0
2018-01-23 09:53:04.880235,466.4,466.4,466.6,3673628.0
2018-01-23 09:53:05.955172,466.6,466.4,466.6,3676428.0
2018-01-23 09:53:07.029422,466.4,466.4,466.6,3673628.0
2018-01-23 09:53:08.280582,466.6,466.4,466.6,3676428.0
2018-01-23 09:53:09.723271,466.4,466.4,466.6,3673628.0
2018-01-23 09:53:10.893691,466.6,466.4,466.6,3677328.0
2018-01-23 09:53:12.282028,466.4,466.2,466.6,3685828.0
2018-01-23 09:53:13.537058,466.4,466.2,466.6,3685828.0
2018-01-23 09:53:14.598949,466.4,466.2,466.6,3683728.0
2018-01-23 09:53:16.101007,466.4,466.2,466.6,3685828.0
2018-01-23 09:53:17.248771,466.4,466.2,466.6,3683728.0
2018-01-23 09:53:19.061524,466.4,466.2,466.6,3685828.0
2018-01-23 09:53:20.712551,466.4,466.4,466.6,3687928.0
2018-01-23 09:53:21.922666,466.4,466.4,466.6,3687928.0
2018-01-23 09:53:22.844816,466.4,466.4,466.6,3687928.0
2018-01-23 09:53:24.103776,466.4,466.4,466.6,3687928.0
2018-01-23 09:53:25.991362,466.4,466.4,466.6,3687928.0
2018-01-23 09:53:27.214380,466.4,466.4,466.6,3687928.0
2018-01-23 09:53:28.318986,466.4,466.4,466.6,3687928.0
2018-01-23 09:53:29.543926,466.4,466.4,466.6,3687928.0
2018-01-23 09:53:31.313585,466.4,466.4,466.6,3687928.0
2018-01-23 09:53:32.383160,466.4,466.4,466.6,3687928.0
2018-01-23 09:53:33.271837,466.4,466.4,466.6,3687928.0
2018-01-23 09:53:34.777561,466.4,466.4,466.6,3687928.0
2018-01-23 09:53:35.754206,466.4,466.4,466.6,3692228.0
2018-01-23 09:53:37.266441,466.4,466.4,466.6,3692228.0
2018-01-23 09:53:39.057649,466.6,466.4,466.6,3691828.0
2018-01-23 09:53:40.096934,466.4,466.4,466.6,3692228.0
2018-01-23 09:53:41.416323,466.4,466.4,466.6,3692228.0
2018-01-23 09:53:42.521287,466.4,466.4,466.6,3692228.0
2018-01-23 09:53:44.172697,466.4,466.4,466.6,3692228.0
2018-01-23 09:53:45.501824,466.4,466.4,466.6,3693128.0
2018-01-23 09:53:46.849883,466.6,466.4,466.6,3693328.0
2018-01-23 09:53:48.449925,466.4,466.4,466.6,3693128.0
2018-01-23 09:53:49.609351,466.6,466.4,466.6,3693328.0
2018-01-23 09:53:51.148219,466.6,466.4,466.6,3693328.0
2018-01-23 09:53:52.067319,466.6,466.4,466.6,3693328.0
2018-01-23 09:53:53.318473,466.6,466.4,466.6,3693328.0
2018-01-23 09:53:54.268017,466.6,466.4,466.6,3693328.0
2018-01-23 09:53:55.592790,466.4,466.4,466.6,3693128.0
2018-01-23 09:53:56.859355,466.6,466.4,466.6,3693328.0
2018-01-23 09:53:58.264951,466.6,466.4,466.6,3693328.0
2018-01-23 09:53:59.572582,466.4,466.4,466.6,3693128.0
2018-01-23 09:54:00.641450,466.6,466.4,466.6,3693328.0
2018-01-23 09:54:01.652851,466.4,466.4,466.6,3695229.0
2018-01-23 09:54:03.176022,466.6,466.4,466.6,3695529.0
2018-01-23 09:54:04.332969,466.6,466.4,466.6,3695529.0
2018-01-23 09:54:06.106091,466.4,466.4,466.6,3695229.0
2018-01-23 09:54:07.826381,466.4,466.4,466.6,3695229.0
2018-01-23 09:54:09.084154,466.4,466.4,466.6,3695229.0
2018-01-23 09:54:10.263698,466.6,466.4,466.6,3695529.0
2018-01-23 09:54:11.439218,466.6,466.4,466.6,3695529.0
2018-01-23 09:54:12.470861,466.4,466.4,466.6,3696629.0
2018-01-23 09:54:13.655660,466.6,466.4,466.6,3696329.0
2018-01-23 09:54:15.030618,466.4,466.4,466.6,3696629.0
2018-01-23 09:54:16.727039,466.6,466.4,466.6,3697629.0
2018-01-23 09:54:18.533522,466.6,466.4,466.6,3697629.0
2018-01-23 09:54:19.700272,466.4,466.4,466.6,3697729.0
2018-01-23 09:54:21.316960,466.6,466.4,466.6,3697629.0
2018-01-23 09:54:23.103683,466.4,466.4,466.6,3698529.0
2018-01-23 09:54:24.120346,466.4,466.4,466.6,3698529.0
2018-01-23 09:54:25.364695,466.4,466.4,466.6,3698529.0
2018-01-23 09:54:26.763035,466.4,466.4,466.6,3698529.0
2018-01-23 09:54:28.012614,466.4,466.4,466.6,3698529.0
2018-01-23 09:54:29.219158,466.4,466.4,466.6,3698529.0
2018-01-23 09:54:30.983203,466.4,466.4,466.6,3698529.0
2018-01-23 09:54:32.300769,466.6,466.4,466.6,3699829.0
2018-01-23 09:54:34.030009,466.4,466.4,466.6,3699729.0
2018-01-23 09:54:35.093317,466.4,466.4,466.6,3699729.0
2018-01-23 09:54:36.541922,466.6,466.4,466.6,3699829.0
2018-01-23 09:54:37.895166,466.4,466.4,466.6,3710429.0
2018-01-23 09:54:39.875196,466.4,466.4,466.6,3709329.0
2018-01-23 09:54:41.489842,466.4,466.4,466.6,3709329.0
2018-01-23 09:54:42.923391,466.4,466.4,466.6,3709329.0
2018-01-23 09:54:43.997535,466.6,466.4,466.6,3712329.0
2018-01-23 09:54:45.231776,466.6,466.4,466.6,3712329.0
2018-01-23 09:54:46.810910,466.6,466.4,466.6,3712329.0
2018-01-23 09:54:48.114841,466.6,466.4,466.6,3712329.0
2018-01-23 09:54:49.245712,466.6,466.4,466.6,3712329.0
2018-01-23 09:54:50.411592,466.4,466.4,466.6,3715429.0
2018-01-23 09:54:51.537694,466.4,466.4,466.6,3715429.0
2018-01-23 09:54:53.078716,466.6,466.4,466.6,3716429.0
2018-01-23 09:54:54.713861,466.6,466.4,466.6,3718229.0
2018-01-23 09:54:55.898888,466.4,466.4,466.6,3719029.0
2018-01-23 09:54:57.364047,466.6,466.4,466.6,3718229.0
2018-01-23 09:54:58.377366,466.4,466.4,466.6,3727929.0
2018-01-23 09:54:59.366964,466.4,466.4,466.6,3727929.0
2018-01-23 09:55:00.926358,466.4,466.4,466.6,3727929.0
2018-01-23 09:55:02.553528,466.4,466.2,466.4,3727929.0
2018-01-23 09:55:29.033431,466.4,466.2,466.4,3729729.0
2018-01-23 09:55:30.653384,466.6,466.4,466.6,3769829.0
2018-01-23 09:55:32.006559,466.6,466.4,466.6,3772029.0
2018-01-23 09:55:33.907728,466.6,466.4,466.6,3772029.0
2018-01-23 09:55:35.246664,466.6,466.4,466.6,3772029.0
2018-01-23 09:55:36.301964,466.6,466.4,466.6,3769829.0
2018-01-23 09:55:38.230104,466.6,466.4,466.6,3772029.0
2018-01-23 09:55:40.061738,466.6,466.4,466.6,3772029.0
2018-01-23 09:55:41.413597,466.6,466.4,466.6,3772029.0
2018-01-23 09:55:42.513863,466.6,466.4,466.6,3772029.0
2018-01-23 09:55:43.941936,466.6,466.4,466.6,3772029.0
2018-01-23 09:55:45.403597,466.6,466.6,466.8,3780529.0
2018-01-23 09:55:47.046154,466.8,466.6,466.8,3780729.0
2018-01-23 09:55:48.193667,466.6,466.6,466.8,3780529.0
2018-01-23 09:55:49.673472,466.8,466.6,466.8,3780729.0
2018-01-23 09:55:51.109457,466.8,466.6,466.8,3783729.0
2018-01-23 09:55:52.408720,466.8,466.6,466.8,3783729.0
2018-01-23 09:55:53.815485,466.8,466.6,466.8,3794329.0
2018-01-23 09:55:55.097095,466.8,466.6,466.8,3794329.0
2018-01-23 09:55:56.488987,466.6,466.6,466.8,3796029.0
2018-01-23 09:55:58.189863,466.6,466.6,466.8,3795829.0
2018-01-23 09:55:59.386164,466.6,466.6,466.8,3795829.0
2018-01-23 09:56:00.818889,466.6,466.6,466.8,3795829.0
2018-01-23 09:56:02.460545,466.6,466.6,466.8,3796029.0
2018-01-23 09:56:03.939031,466.6,466.6,466.8,3796029.0
2018-01-23 09:56:05.379497,466.6,466.6,466.8,3796029.0
2018-01-23 09:56:06.929544,466.6,466.6,466.8,3796029.0
2018-01-23 09:56:08.438375,466.6,466.6,466.8,3795829.0
2018-01-23 09:56:09.997770,466.6,466.6,466.8,3795829.0
2018-01-23 09:56:11.739252,466.6,466.6,466.8,3795829.0
2018-01-23 09:56:13.220882,466.8,466.6,466.8,3797129.0
2018-01-23 09:56:15.106155,466.6,466.6,466.8,3796029.0
2018-01-23 09:56:16.351660,466.6,466.6,466.8,3796029.0
2018-01-23 09:56:18.164815,466.8,466.6,466.8,3797129.0
2018-01-23 09:56:19.752980,466.6,466.6,466.8,3796029.0
2018-01-23 09:56:20.769428,466.6,466.6,466.8,3796029.0
2018-01-23 09:56:21.747296,466.8,466.6,466.8,3798629.0
2018-01-23 09:56:23.223243,466.8,466.6,466.8,3797729.0
2018-01-23 09:56:24.729598,466.8,466.6,466.8,3797729.0
2018-01-23 09:56:25.649456,466.8,466.6,466.8,3797729.0
2018-01-23 09:56:26.899799,466.8,466.6,466.8,3798629.0
2018-01-23 09:56:28.506690,466.8,466.6,466.8,3798629.0
2018-01-23 09:56:29.671438,466.8,466.6,466.8,3797729.0
2018-01-23 09:56:31.392633,466.8,466.6,466.8,3798629.0
2018-01-23 09:56:33.411883,466.8,466.6,466.8,3797729.0
2018-01-23 09:56:34.584385,466.8,466.6,466.8,3797729.0
2018-01-23 09:56:36.120155,466.8,466.6,466.8,3797729.0
2018-01-23 09:56:37.217360,466.8,466.6,466.8,3797729.0
2018-01-23 09:56:38.492115,466.8,466.6,466.8,3804229.0
2018-01-23 09:56:39.732279,466.8,466.6,466.8,3804229.0
2018-01-23 09:56:40.785682,466.8,466.6,466.8,3804229.0
2018-01-23 09:56:41.890386,466.8,466.6,466.8,3804229.0
2018-01-23 09:56:43.691417,466.8,466.6,466.8,3804529.0
2018-01-23 09:56:44.975217,466.8,466.6,466.8,3806529.0
2018-01-23 09:56:45.995373,466.8,466.6,466.8,3806529.0
2018-01-23 09:56:47.148121,466.6,466.6,466.8,3819229.0
2018-01-23 09:56:48.791530,466.6,466.6,466.8,3820429.0
2018-01-23 09:56:50.012812,466.6,466.6,466.8,3820429.0
2018-01-23 09:56:51.764082,466.6,466.6,466.8,3822329.0
2018-01-23 09:56:53.212381,466.6,466.6,466.8,3822329.0
2018-01-23 09:56:54.435929,466.8,466.6,466.8,3825629.0
2018-01-23 09:56:55.831921,466.8,466.6,466.8,3827729.0
2018-01-23 09:56:56.938634,466.8,466.6,466.8,3827529.0
2018-01-23 09:56:58.451657,466.8,466.8,467.0,3831329.0
2018-01-23 09:56:59.669598,466.8,466.8,467.0,3831429.0
2018-01-23 09:57:01.373007,466.8,466.8,467.0,3831429.0
2018-01-23 09:57:02.656476,466.8,466.8,467.0,3831429.0
2018-01-23 09:57:03.801722,466.8,466.8,467.0,3831429.0
2018-01-23 09:57:05.789358,466.8,466.8,467.0,3831429.0
2018-01-23 09:57:07.613412,467.0,466.8,467.0,3841729.0
2018-01-23 09:57:08.887209,466.8,466.8,467.0,3849929.0
2018-01-23 09:57:10.532929,466.8,466.8,467.0,3855129.0
2018-01-23 09:57:12.081528,466.8,466.8,467.0,3855129.0
2018-01-23 09:57:13.439531,466.8,466.8,467.0,3855129.0
2018-01-23 09:57:14.713652,466.8,466.8,467.0,3855129.0
2018-01-23 09:57:15.748105,466.8,466.8,467.0,3855229.0
2018-01-23 09:57:17.249963,466.8,466.8,467.0,3855229.0
2018-01-23 09:57:18.871648,466.8,466.8,467.0,3855129.0
2018-01-23 09:57:20.265079,467.0,466.8,467.0,3963129.0
2018-01-23 09:57:21.700801,467.0,466.8,467.0,3963129.0
2018-01-23 09:57:23.481624,467.0,466.8,467.0,3963129.0
2018-01-23 09:57:24.861199,467.0,466.8,467.0,3963129.0
2018-01-23 09:57:26.024800,467.0,466.8,467.0,3963129.0
2018-01-23 09:57:27.144854,467.0,466.8,467.0,3963129.0
2018-01-23 09:57:29.004433,467.0,466.8,467.0,3963129.0
2018-01-23 09:57:30.460991,467.0,467.0,467.2,3967729.0
2018-01-23 09:57:31.418726,467.0,467.0,467.2,3967729.0
2018-01-23 09:57:32.718441,467.0,467.0,467.2,3967729.0
2018-01-23 09:57:33.850136,467.0,467.0,467.2,3967729.0
2018-01-23 09:57:35.455327,467.0,467.0,467.2,3967729.0
2018-01-23 09:57:36.906437,467.0,467.0,467.2,3967729.0
2018-01-23 09:57:38.160736,467.0,467.0,467.2,3967729.0
2018-01-23 09:57:39.469406,467.0,467.0,467.2,3967729.0
2018-01-23 09:57:40.685830,467.2,467.0,467.2,3969029.0
2018-01-23 09:57:41.871882,467.2,467.0,467.2,3971440.0
2018-01-23 09:57:43.075439,467.2,467.0,467.2,3971440.0
2018-01-23 09:57:44.692684,467.2,467.0,467.2,3971940.0
2018-01-23 09:57:45.863833,467.2,467.0,467.2,3971940.0
2018-01-23 09:57:47.470516,467.2,467.0,467.2,3983140.0
2018-01-23 09:57:48.684946,467.4,467.2,467.4,3987740.0
2018-01-23 09:57:50.341174,467.2,467.2,467.4,3984940.0
2018-01-23 09:57:51.683799,467.4,467.2,467.4,3987740.0
2018-01-23 09:57:53.398333,467.4,467.2,467.4,3987740.0
2018-01-23 09:57:55.061112,467.4,467.2,467.4,4002340.0
2018-01-23 09:57:56.778760,467.4,467.2,467.4,4002340.0
2018-01-23 09:57:57.938193,467.4,467.2,467.4,4002340.0
2018-01-23 09:57:59.126542,467.4,467.2,467.4,4002340.0
2018-01-23 09:58:00.788660,467.4,467.4,467.6,4014840.0
2018-01-23 09:58:01.926878,467.4,467.4,467.6,4016040.0
2018-01-23 09:58:03.872616,467.6,467.4,467.6,4018440.0
2018-01-23 09:58:05.215396,467.6,467.4,467.6,4018440.0
2018-01-23 09:58:06.265673,467.6,467.4,467.6,4018440.0
2018-01-23 09:58:08.021391,467.6,467.4,467.6,4018440.0
2018-01-23 09:58:09.321812,467.6,467.4,467.6,4018440.0
2018-01-23 09:58:10.582379,467.2,467.4,467.6,4025440.0
2018-01-23 09:58:11.797501,467.2,467.4,467.6,4025440.0
2018-01-23 09:58:13.558108,467.6,467.4,467.6,4018440.0
2018-01-23 09:58:15.315929,467.6,467.4,467.6,4018440.0
2018-01-23 09:58:16.944213,467.6,467.4,467.6,4055740.0
2018-01-23 09:58:18.466264,467.8,467.4,467.6,4049040.0
2018-01-23 09:58:20.941908,467.6,467.4,467.6,4055740.0
2018-01-23 09:58:22.594817,467.6,467.6,467.8,4061440.0
2018-01-23 09:58:24.115951,467.6,467.4,467.8,4065940.0
2018-01-23 09:58:25.755820,467.6,467.4,467.6,4065740.0
2018-01-23 09:58:27.943040,467.6,467.4,467.6,4065940.0
2018-01-23 09:58:29.498458,467.6,467.4,467.8,4067842.0
2018-01-23 09:58:31.212968,467.6,467.4,467.8,4068142.0
2018-01-23 09:58:32.749655,467.6,467.6,467.8,4067842.0
2018-01-23 09:58:35.067549,467.8,467.4,467.8,4070542.0
2018-01-23 09:58:36.542597,467.4,467.2,467.4,4081842.0
2018-01-23 09:58:38.407743,467.4,467.2,467.4,4085042.0
2018-01-23 09:58:39.803183,467.2,467.2,467.4,4088042.0
2018-01-23 09:58:42.119488,467.2,467.2,467.4,4088042.0
2018-01-23 09:58:43.489470,467.2,467.2,467.4,4088042.0
2018-01-23 09:58:45.808836,467.2,467.2,467.4,4088042.0
2018-01-23 09:58:47.286585,467.6,467.4,467.6,4096717.0
2018-01-23 09:58:49.053472,467.4,467.2,467.4,4099617.0
2018-01-23 09:58:50.069060,467.4,467.2,467.4,4099617.0
2018-01-23 09:58:51.095102,467.4,467.2,467.4,4099617.0
2018-01-23 09:58:52.427946,467.4,467.2,467.4,4101317.0
2018-01-23 09:58:53.962384,467.4,467.2,467.4,4101317.0
2018-01-23 09:58:55.433869,467.4,467.2,467.4,4101317.0
2018-01-23 09:58:56.670357,467.4,467.2,467.4,4101317.0
2018-01-23 09:58:58.534821,467.4,467.2,467.4,4101317.0
2018-01-23 09:58:59.900923,467.4,467.2,467.4,4101317.0
2018-01-23 09:59:01.468627,467.6,467.2,467.6,4104017.0
2018-01-23 09:59:03.038501,467.6,467.2,467.6,4104417.0
2018-01-23 09:59:04.394397,467.6,467.2,467.6,4104417.0
2018-01-23 09:59:05.421115,467.6,467.2,467.6,4104417.0
2018-01-23 09:59:07.255300,467.6,467.2,467.6,4104417.0
2018-01-23 09:59:08.665838,467.6,467.2,467.6,4104417.0
2018-01-23 09:59:10.389078,467.6,467.2,467.6,4104417.0
2018-01-23 09:59:11.762166,467.6,467.2,467.6,4104417.0
2018-01-23 09:59:13.910991,467.6,467.4,467.6,4106317.0
2018-01-23 09:59:15.525167,467.4,467.4,467.6,4106918.0
2018-01-23 09:59:16.482364,467.4,467.4,467.6,4106918.0
2018-01-23 09:59:18.158168,467.4,467.4,467.6,4106918.0
2018-01-23 09:59:19.241039,467.4,467.4,467.6,4106918.0
2018-01-23 09:59:20.510280,467.6,467.4,467.6,4108218.0
2018-01-23 09:59:22.170175,467.4,467.4,467.6,4107918.0
2018-01-23 09:59:24.362270,467.4,467.4,467.6,4107918.0
2018-01-23 09:59:26.596072,467.6,467.4,467.6,4108218.0
2018-01-23 09:59:27.717837,467.6,467.4,467.6,4109418.0
2018-01-23 09:59:29.108134,467.6,467.4,467.6,4111818.0
2018-01-23 09:59:30.491800,467.6,467.4,467.6,4109418.0
2018-01-23 09:59:32.075607,467.6,467.4,467.6,4111818.0
2018-01-23 09:59:33.565723,467.6,467.4,467.6,4111818.0
2018-01-23 09:59:35.163663,467.4,467.4,467.6,4114418.0
2018-01-23 09:59:37.403688,467.4,467.4,467.6,4114418.0
2018-01-23 09:59:39.876657,467.4,467.4,467.6,4114418.0
2018-01-23 09:59:41.859551,467.6,467.4,467.6,4120818.0
2018-01-23 09:59:43.497850,467.8,467.4,467.6,4137718.0
2018-01-23 09:59:45.321910,467.8,467.8,468.0,4144518.0
2018-01-23 09:59:47.163195,467.8,467.8,468.0,4144118.0
2018-01-23 09:59:49.644218,467.8,467.8,468.0,4144518.0
2018-01-23 09:59:51.850099,467.8,467.8,468.0,4144518.0
2018-01-23 09:59:53.757729,467.6,467.6,467.8,4150818.0
2018-01-23 09:59:55.077427,467.6,467.6,467.8,4150818.0
2018-01-23 09:59:56.612040,467.6,467.6,467.8,4150918.0
2018-01-23 09:59:58.240651,467.8,467.6,467.8,4152818.0
2018-01-23 09:59:59.665731,467.8,467.6,467.8,4152818.0
2018-01-23 10:00:01.650703,467.8,467.6,467.8,4152818.0
2018-01-23 10:00:03.793778,467.8,467.6,467.8,4155618.0
2018-01-23 10:00:05.511642,467.8,467.6,467.8,4155618.0
2018-01-23 10:00:07.402515,467.8,467.6,467.8,4155618.0
2018-01-23 10:00:08.582188,468.0,467.8,468.0,4159418.0
2018-01-23 10:00:11.241377,467.8,467.6,468.0,4159318.0
2018-01-23 10:00:13.655804,467.8,467.8,468.0,4160418.0
2018-01-23 10:00:15.471172,468.0,467.8,468.0,4159418.0
2018-01-23 10:00:17.015173,467.8,467.8,468.0,4160418.0
2018-01-23 10:00:18.719934,467.8,467.8,468.0,4160418.0
2018-01-23 10:00:20.597794,467.8,467.8,468.0,4162618.0
2018-01-23 10:00:23.123423,467.8,467.8,468.0,4165018.0
2018-01-23 10:00:24.718899,468.0,467.8,468.0,4168018.0
2018-01-23 10:00:26.361451,468.0,467.8,468.0,4171518.0
2018-01-23 10:00:28.644625,468.0,467.8,468.0,4171518.0
2018-01-23 10:00:30.798709,467.8,467.8,468.0,4174853.0
2018-01-23 10:00:32.546627,468.0,467.8,468.0,4213153.0
2018-01-23 10:00:34.077598,468.0,467.8,468.0,4213253.0
2018-01-23 10:00:35.604700,468.0,467.8,468.0,4214753.0
2018-01-23 10:00:37.530807,467.8,467.8,468.0,4221553.0
2018-01-23 10:00:39.435143,467.8,467.8,468.0,4221553.0
2018-01-23 10:00:40.831098,468.0,467.8,468.0,4255753.0
2018-01-23 10:00:42.634258,468.0,467.8,468.0,4261253.0
2018-01-23 10:00:44.499570,468.0,467.8,468.0,4264753.0
2018-01-23 10:00:46.401256,468.0,467.8,468.0,4264753.0
2018-01-23 10:00:48.116575,468.0,468.0,468.2,4271453.0
2018-01-23 10:00:49.700436,468.2,468.0,468.2,4275753.0
2018-01-23 10:00:51.281815,468.2,468.0,468.2,4275753.0
2018-01-23 10:00:53.603252,468.2,468.0,468.2,4275753.0
2018-01-23 10:00:55.288856,468.4,468.2,468.4,4282153.0
2018-01-23 10:00:57.087802,468.4,468.2,468.4,4282153.0
2018-01-23 10:00:58.390604,468.4,468.2,468.4,4282153.0
2018-01-23 10:01:00.603440,468.4,468.2,468.4,4280453.0
2018-01-23 10:01:02.305662,468.4,468.2,468.4,4282153.0
2018-01-23 10:01:03.880715,468.4,468.2,468.4,4280453.0
2018-01-23 10:01:05.104442,468.4,468.2,468.4,4282153.0
2018-01-23 10:01:06.606305,468.2,468.0,468.2,4296453.0
2018-01-23 10:01:07.940702,468.2,468.0,468.2,4296453.0
2018-01-23 10:01:10.191644,468.2,468.0,468.2,4296453.0
2018-01-23 10:01:12.661323,468.2,468.0,468.2,4297553.0
2018-01-23 10:01:13.763982,468.2,468.0,468.2,4297553.0
2018-01-23 10:01:15.527994,468.2,468.0,468.2,4297553.0
2018-01-23 10:01:17.216795,468.2,468.0,468.2,4300353.0
2018-01-23 10:01:18.988358,468.2,468.0,468.2,4299453.0
2018-01-23 10:01:20.482456,468.2,468.0,468.2,4299453.0
2018-01-23 10:01:21.958485,468.2,468.0,468.2,4299453.0
2018-01-23 10:01:23.938243,468.2,468.0,468.2,4301953.0
2018-01-23 10:01:25.059699,468.2,468.0,468.2,4301953.0
2018-01-23 10:01:26.566754,468.2,468.0,468.2,4301953.0
2018-01-23 10:01:27.829047,468.2,468.0,468.2,4301953.0
2018-01-23 10:01:29.443004,468.2,468.0,468.2,4307753.0
2018-01-23 10:01:31.999106,468.2,468.0,468.2,4307753.0
2018-01-23 10:01:33.976357,468.2,468.0,468.2,4307753.0
2018-01-23 10:01:35.933752,468.0,468.0,468.2,4308953.0
2018-01-23 10:01:38.735408,468.0,468.0,468.2,4308953.0
2018-01-23 10:01:41.021059,468.4,468.0,468.4,4317853.0
2018-01-23 10:01:42.875078,468.4,468.0,468.4,4317853.0
2018-01-23 10:01:45.385309,468.4,468.0,468.4,4317853.0
2018-01-23 10:01:48.031158,468.4,468.2,468.4,4319253.0
2018-01-23 10:01:50.545762,468.4,468.2,468.4,4319253.0
2018-01-23 10:01:53.122776,468.4,468.2,468.4,4319253.0
2018-01-23 10:01:55.165540,468.2,468.2,468.4,4321953.0
2018-01-23 10:01:57.751570,468.2,468.2,468.4,4324453.0
2018-01-23 10:01:59.746916,468.2,468.2,468.4,4324453.0
2018-01-23 10:02:02.281177,468.2,468.2,468.4,4324453.0
2018-01-23 10:02:04.381082,468.4,468.2,468.4,4326053.0
2018-01-23 10:02:06.115454,468.4,468.2,468.4,4326053.0
2018-01-23 10:02:07.967290,468.4,468.2,468.4,4326053.0
2018-01-23 10:02:09.756066,468.4,468.2,468.4,4331153.0
2018-01-23 10:02:11.554154,468.2,468.2,468.4,4334153.0
2018-01-23 10:02:14.298840,468.4,468.2,468.4,4334353.0
2018-01-23 10:02:16.387723,468.4,468.2,468.4,4334353.0
2018-01-23 10:02:18.065625,468.2,468.2,468.4,4334153.0
2018-01-23 10:02:19.895884,468.2,468.2,468.4,4346153.0
2018-01-23 10:02:21.669415,468.2,468.2,468.4,4347253.0
2018-01-23 10:02:23.336081,468.2,468.2,468.4,4347253.0
2018-01-23 10:02:25.010036,468.2,468.2,468.4,4346153.0
2018-01-23 10:02:26.801867,468.2,468.2,468.4,4347253.0
2018-01-23 10:02:28.702690,468.4,468.2,468.4,4355053.0
2018-01-23 10:02:30.640533,468.4,468.4,468.6,4356353.0
2018-01-23 10:02:32.444597,468.4,468.2,468.4,4358953.0
2018-01-23 10:02:34.945758,468.4,468.2,468.4,4360753.0
2018-01-23 10:02:36.968192,468.4,468.2,468.4,4360753.0
2018-01-23 10:02:38.973132,468.4,468.2,468.4,4360753.0
2018-01-23 10:02:40.800372,468.4,468.2,468.4,4369453.0
2018-01-23 10:02:41.970047,468.4,468.2,468.4,4369753.0
2018-01-23 10:02:43.216051,468.4,468.2,468.4,4369453.0
2018-01-23 10:02:44.434926,468.4,468.2,468.4,4369453.0
2018-01-23 10:02:45.681877,468.4,468.2,468.4,4373853.0
2018-01-23 10:02:46.563236,468.4,468.2,468.4,4373853.0
2018-01-23 10:02:47.862579,468.4,468.2,468.4,4373853.0
2018-01-23 10:02:49.057059,468.2,468.0,468.4,4392153.0
2018-01-23 10:02:50.249533,468.2,468.0,468.4,4392153.0
2018-01-23 10:02:51.154079,468.2,468.0,468.4,4392153.0
2018-01-23 10:02:52.370647,468.2,468.0,468.4,4392153.0
2018-01-23 10:02:53.378390,468.2,468.0,468.4,4392153.0
2018-01-23 10:02:54.601606,468.2,468.0,468.2,4393553.0
2018-01-23 10:02:55.814779,468.0,468.0,468.2,4403653.0
2018-01-23 10:02:56.701617,468.2,468.0,468.2,4409553.0
2018-01-23 10:02:57.762867,468.2,468.0,468.2,4409553.0
2018-01-23 10:02:58.897537,468.2,468.0,468.2,4409553.0
2018-01-23 10:02:59.764909,468.2,468.0,468.2,4426353.0
2018-01-23 10:03:00.803423,468.2,468.0,468.2,4426353.0
2018-01-23 10:03:01.905428,468.2,468.0,468.2,4426353.0
2018-01-23 10:03:03.186898,468.2,468.0,468.2,4426353.0
2018-01-23 10:03:04.680385,468.2,468.0,468.2,4426353.0
2018-01-23 10:03:05.582930,468.2,468.0,468.2,4426353.0
2018-01-23 10:03:06.541853,468.2,468.0,468.2,4426353.0
2018-01-23 10:03:07.751342,468.2,468.0,468.2,4426353.0
2018-01-23 10:03:08.961984,468.2,468.0,468.2,4426353.0
2018-01-23 10:03:10.272722,468.0,468.0,468.2,4430653.0
2018-01-23 10:03:11.481980,468.0,468.0,468.2,4430653.0
2018-01-23 10:03:12.714493,468.0,468.0,468.2,4430653.0
2018-01-23 10:03:13.898185,468.4,468.0,468.2,4447653.0
2018-01-23 10:03:15.192727,468.2,468.0,468.2,4446553.0
2018-01-23 10:03:16.348067,468.4,468.0,468.4,4447653.0
2018-01-23 10:03:17.611813,468.2,468.2,468.4,4457753.0
2018-01-23 10:03:18.539761,468.2,468.2,468.4,4457753.0
2018-01-23 10:03:19.420102,468.4,468.0,468.4,4453953.0
2018-01-23 10:03:20.328027,468.4,468.0,468.4,4453953.0
2018-01-23 10:03:21.606120,468.4,468.0,468.4,4453953.0
2018-01-23 10:03:22.834311,468.2,468.0,468.2,4458153.0
2018-01-23 10:03:24.383555,468.2,468.0,468.2,4457753.0
2018-01-23 10:03:25.306298,468.2,468.0,468.2,4457753.0
2018-01-23 10:03:26.518877,468.2,468.0,468.2,4458153.0
2018-01-23 10:03:27.975989,468.2,468.0,468.2,4458153.0
2018-01-23 10:03:29.005778,468.0,468.0,468.2,4459853.0
2018-01-23 10:03:30.704890,468.0,468.0,468.2,4459853.0
2018-01-23 10:03:31.982457,468.2,468.0,468.2,4461953.0
2018-01-23 10:03:33.700300,468.0,467.8,468.2,4511753.0
2018-01-23 10:03:34.912210,467.6,467.6,467.8,4540853.0
2018-01-23 10:03:36.854342,467.6,467.6,467.8,4540853.0
2018-01-23 10:03:38.082429,467.6,467.6,467.8,4540853.0
2018-01-23 10:03:39.807689,467.6,467.4,467.8,4543553.0
2018-01-23 10:03:40.720753,467.6,467.6,467.8,4545153.0
2018-01-23 10:03:42.178489,467.6,467.6,467.8,4545153.0
2018-01-23 10:03:43.327384,467.8,467.4,467.8,4545653.0
2018-01-23 10:03:45.220129,467.6,467.4,467.8,4545153.0
2018-01-23 10:03:46.501703,467.6,467.6,467.8,4547053.0
2018-01-23 10:03:48.119873,467.8,467.6,467.8,4545653.0
2018-01-23 10:03:50.055990,467.4,467.4,468.0,4556053.0
2018-01-23 10:03:51.092816,467.4,467.4,468.0,4556053.0
2018-01-23 10:03:52.633510,467.4,467.4,468.0,4557653.0
2018-01-23 10:03:53.917799,467.4,467.4,468.0,4557653.0
2018-01-23 10:03:55.121701,467.4,467.4,467.6,4562353.0
2018-01-23 10:03:56.320203,467.4,467.4,467.6,4562353.0
2018-01-23 10:03:58.034773,467.4,467.4,467.6,4562353.0
2018-01-23 10:03:59.090612,467.4,467.6,467.8,4562353.0
2018-01-23 10:04:01.030475,467.6,467.6,467.8,4564453.0
2018-01-23 10:04:02.164973,467.8,467.6,467.8,4569953.0
2018-01-23 10:04:03.621789,467.8,467.4,467.8,4569953.0
2018-01-23 10:04:04.941123,467.8,467.4,467.6,4569953.0
2018-01-23 10:04:06.542396,467.6,467.4,467.8,4572053.0
2018-01-23 10:04:08.289012,467.6,467.4,467.6,4572053.0
2018-01-23 10:04:09.919715,467.6,467.4,467.6,4574553.0
2018-01-23 10:04:11.316298,467.6,467.4,467.6,4574553.0
2018-01-23 10:04:12.963696,467.8,467.6,467.8,4577553.0
2018-01-23 10:04:14.846566,467.8,467.6,467.8,4577553.0
2018-01-23 10:04:18.831129,467.8,467.6,468.0,4595953.0
2018-01-23 10:04:20.014500,467.8,467.6,468.0,4600753.0
2018-01-23 10:04:21.196131,467.8,467.6,467.8,4600053.0
2018-01-23 10:04:22.852650,467.8,467.6,467.8,4600753.0
2018-01-23 10:04:24.663234,467.8,467.6,467.8,4600753.0
2018-01-23 10:04:25.846318,467.8,467.6,468.0,4600053.0
2018-01-23 10:04:26.787211,467.8,467.6,468.2,4604853.0
2018-01-23 10:04:28.485235,468.2,467.6,468.2,4607953.0
2018-01-23 10:04:29.709326,468.2,467.6,468.2,4607953.0
2018-01-23 10:04:31.054799,468.2,467.6,468.2,4607953.0
2018-01-23 10:04:32.008399,468.2,467.6,468.2,4607953.0
2018-01-23 10:04:33.300105,468.2,467.6,468.2,4607953.0
2018-01-23 10:04:34.883331,468.2,467.6,468.2,4607953.0
2018-01-23 10:04:35.973904,468.2,467.8,468.0,4611453.0
2018-01-23 10:04:37.196424,468.2,467.8,468.2,4611453.0
2018-01-23 10:04:38.563365,468.2,467.8,468.2,4611453.0
2018-01-23 10:04:40.444619,468.2,467.8,468.2,4611453.0
2018-01-23 10:04:41.542196,468.0,467.8,468.0,4618853.0
2018-01-23 10:04:42.931596,468.0,467.8,468.0,4618153.0
2018-01-23 10:04:44.246862,468.0,467.8,468.2,4620853.0
2018-01-23 10:04:45.950349,467.8,468.0,468.2,4619953.0
2018-01-23 10:04:47.225176,468.0,467.6,467.8,4620853.0
2018-01-23 10:04:48.542035,467.6,467.4,467.8,4633853.0
2018-01-23 10:04:49.770450,467.6,467.4,467.8,4633853.0
2018-01-23 10:04:51.372089,467.2,467.4,467.8,4646653.0
2018-01-23 10:04:53.338454,467.0,467.0,467.2,4663853.0
2018-01-23 10:04:55.191015,467.0,467.0,467.2,4663853.0
2018-01-23 10:04:56.296719,467.0,467.0,467.2,4669053.0
2018-01-23 10:04:57.471596,467.0,467.0,467.2,4669053.0
2018-01-23 10:04:58.888046,467.0,467.0,467.2,4669053.0
2018-01-23 10:05:00.362675,467.0,467.0,467.2,4669053.0
2018-01-23 10:05:01.470972,467.2,467.0,467.4,4676360.0
2018-01-23 10:05:02.689683,467.2,467.2,467.4,4676360.0
2018-01-23 10:05:04.239439,467.2,467.2,467.6,4684560.0
2018-01-23 10:05:05.489911,467.4,467.2,467.6,4682960.0
2018-01-23 10:05:07.040174,467.2,467.2,467.6,4689360.0
2018-01-23 10:05:08.309153,467.0,467.0,467.2,4692260.0
2018-01-23 10:05:09.601151,467.0,467.2,467.4,4692260.0
2018-01-23 10:05:10.867274,467.2,467.2,467.4,4689360.0
2018-01-23 10:05:11.890068,467.0,467.0,467.2,4692260.0
2018-01-23 10:05:13.621308,467.2,467.0,467.2,4692360.0
2018-01-23 10:05:15.265338,467.2,467.0,467.2,4692360.0
2018-01-23 10:05:16.969112,467.2,467.0,467.2,4692360.0
2018-01-23 10:05:18.699619,467.2,467.0,467.2,4692360.0
2018-01-23 10:05:20.683944,467.0,466.8,467.0,4702360.0
2018-01-23 10:05:22.426640,467.2,466.8,467.0,4715060.0
2018-01-23 10:05:23.795972,467.2,467.0,467.2,4715060.0
2018-01-23 10:05:25.905596,467.0,467.0,467.2,4719860.0
2018-01-23 10:05:27.617767,467.0,467.0,467.2,4719860.0
2018-01-23 10:05:28.946313,467.0,467.0,467.2,4721760.0
2018-01-23 10:05:30.070057,467.2,467.2,467.4,4730260.0
2018-01-23 10:05:31.331450,467.2,467.2,467.4,4730260.0
2018-01-23 10:05:32.770442,467.2,467.2,467.4,4730260.0
2018-01-23 10:05:34.028589,467.2,467.2,467.4,4730260.0
2018-01-23 10:05:35.275883,467.2,467.2,467.6,4730260.0
2018-01-23 10:05:36.366403,467.2,467.2,467.4,4730260.0
2018-01-23 10:05:37.848724,467.2,467.2,467.4,4730260.0
2018-01-23 10:05:39.610711,467.4,467.2,467.6,4733560.0
2018-01-23 10:05:40.912007,467.4,467.2,467.4,4733560.0
2018-01-23 10:05:41.950739,467.2,467.2,467.6,4730260.0
2018-01-23 10:05:43.080463,467.4,467.2,467.4,4733560.0
2018-01-23 10:05:44.322212,467.2,467.2,467.4,4730260.0
2018-01-23 10:05:45.704317,467.2,467.2,467.6,4730260.0
2018-01-23 10:05:46.997145,467.6,467.4,467.6,4734260.0
2018-01-23 10:05:48.949210,467.4,467.4,467.6,4733560.0
2018-01-23 10:05:50.616402,467.4,467.4,467.6,4733560.0
2018-01-23 10:05:52.001775,467.6,467.4,467.6,4734260.0
2018-01-23 10:05:53.600673,467.6,467.2,467.6,4734260.0
2018-01-23 10:05:54.922760,467.6,467.4,467.6,4734260.0
2018-01-23 10:05:56.677148,467.4,467.4,467.6,4734860.0
2018-01-23 10:05:58.200562,467.4,467.4,467.6,4734860.0
2018-01-23 10:05:59.222955,467.6,467.4,467.6,4735260.0
2018-01-23 10:06:00.734264,467.4,467.4,467.6,4734860.0
2018-01-23 10:06:03.213253,467.6,467.4,467.6,4735260.0
2018-01-23 10:06:04.933122,467.6,467.4,467.6,4735260.0
2018-01-23 10:06:06.205307,467.6,467.4,467.6,4735260.0
2018-01-23 10:06:07.531266,467.6,467.4,467.6,4735260.0
2018-01-23 10:06:08.813055,467.4,467.4,467.6,4735660.0
2018-01-23 10:06:10.626024,467.6,467.4,467.6,4735260.0
2018-01-23 10:06:11.794314,467.6,467.4,467.6,4737260.0
2018-01-23 10:06:13.420321,467.6,467.4,467.6,4737260.0
2018-01-23 10:06:14.927519,467.6,467.4,467.6,4737260.0
2018-01-23 10:06:16.121420,467.6,467.4,467.6,4742460.0
2018-01-23 10:06:17.314656,467.6,467.4,467.6,4742260.0
2018-01-23 10:06:18.336504,467.6,467.4,467.6,4742260.0
2018-01-23 10:06:19.631714,467.6,467.4,467.6,4742460.0
2018-01-23 10:06:21.414646,467.6,467.4,467.6,4742460.0
2018-01-23 10:06:23.345645,467.6,467.4,467.6,4742260.0
2018-01-23 10:06:24.398214,467.6,467.4,467.6,4742260.0
2018-01-23 10:06:25.624023,467.6,467.6,467.8,4745560.0
2018-01-23 10:06:26.871996,467.6,467.6,467.8,4745560.0
2018-01-23 10:06:28.357784,467.6,467.6,467.8,4745560.0
2018-01-23 10:06:29.640744,467.6,467.4,467.6,4751860.0
2018-01-23 10:06:30.889429,467.6,467.4,467.6,4751860.0
2018-01-23 10:06:32.237284,467.8,467.4,467.6,4768160.0
2018-01-23 10:06:33.250119,467.8,467.6,467.8,4768160.0
2018-01-23 10:06:34.347713,467.6,467.6,467.8,4764660.0
2018-01-23 10:06:35.489490,467.8,467.6,467.8,4768160.0
2018-01-23 10:06:36.929877,467.8,467.4,467.6,4768160.0
2018-01-23 10:06:38.605872,467.8,467.4,467.6,4768160.0
2018-01-23 10:06:39.912838,467.8,467.6,467.8,4768160.0
2018-01-23 10:06:41.334155,467.8,467.6,467.8,4768160.0
2018-01-23 10:06:42.352747,467.8,467.4,467.6,4768160.0
2018-01-23 10:06:43.596769,467.6,467.4,467.6,4775660.0
2018-01-23 10:06:45.466707,467.6,467.4,467.6,4776160.0
2018-01-23 10:06:47.062758,467.6,467.4,467.6,4776160.0
2018-01-23 10:06:48.356048,467.6,467.4,467.6,4776160.0
2018-01-23 10:06:49.613699,467.4,467.4,467.8,4780260.0
2018-01-23 10:06:50.836836,467.4,467.4,467.8,4779760.0
2018-01-23 10:06:52.062731,467.4,467.4,467.6,4780260.0
2018-01-23 10:06:53.941018,467.4,467.4,467.8,4782260.0
2018-01-23 10:06:55.278975,467.4,467.4,467.8,4782260.0
2018-01-23 10:06:56.684707,467.6,467.2,467.6,4783060.0
2018-01-23 10:06:58.396656,467.4,467.4,467.6,4782260.0
2018-01-23 10:06:59.569889,467.6,467.2,467.6,4783060.0
2018-01-23 10:07:01.002029,467.6,467.2,467.6,4783060.0
2018-01-23 10:07:02.852850,467.4,467.2,467.6,4799360.0
2018-01-23 10:07:04.209112,467.6,467.2,467.6,4800660.0
2018-01-23 10:07:06.021141,467.6,467.2,467.6,4800660.0
2018-01-23 10:07:07.310342,467.4,467.2,467.6,4799360.0
2018-01-23 10:07:08.646803,467.6,467.2,467.6,4800660.0
2018-01-23 10:07:10.106888,467.6,467.2,467.6,4810860.0
2018-01-23 10:07:11.329293,467.6,467.2,467.6,4816560.0
2018-01-23 10:07:13.002974,467.6,467.2,467.6,4810860.0
2018-01-23 10:07:14.091373,467.4,467.4,467.6,4816660.0
2018-01-23 10:07:15.317984,467.4,467.4,467.6,4816660.0
2018-01-23 10:07:16.240403,467.8,467.6,467.8,4822760.0
2018-01-23 10:07:17.156182,467.6,467.4,467.8,4822060.0
2018-01-23 10:07:18.036714,467.6,467.4,467.8,4822060.0
2018-01-23 10:07:19.002628,467.8,467.4,467.8,4822760.0
2018-01-23 10:07:19.944343,467.8,467.6,467.8,4822760.0
2018-01-23 10:07:20.845269,467.8,467.4,467.8,4822760.0
2018-01-23 10:07:22.167859,467.8,467.6,467.8,4822760.0
2018-01-23 10:07:23.358030,467.8,467.4,467.8,4822760.0
2018-01-23 10:07:24.304710,467.8,467.6,467.8,4822760.0
2018-01-23 10:07:25.526592,467.8,467.4,467.8,4822760.0
2018-01-23 10:07:26.757793,467.8,467.4,467.8,4822760.0
2018-01-23 10:07:28.301898,467.6,467.6,467.8,4822060.0
2018-01-23 10:07:29.181098,467.8,467.4,467.8,4823908.0
2018-01-23 10:07:30.059072,467.8,467.4,467.8,4823908.0
2018-01-23 10:07:31.388392,467.8,467.4,467.8,4822760.0
2018-01-23 10:07:32.796220,467.8,467.4,467.8,4823908.0
2018-01-23 10:07:33.936598,467.8,467.4,467.8,4822760.0
2018-01-23 10:07:35.872876,467.8,467.6,467.8,4822760.0
2018-01-23 10:07:36.849798,467.8,467.6,467.8,4823908.0
2018-01-23 10:07:38.117185,467.6,467.6,467.8,4824508.0
2018-01-23 10:07:39.257456,467.6,467.6,467.8,4825808.0
2018-01-23 10:07:40.973455,467.6,467.6,467.8,4826208.0
2018-01-23 10:07:42.121335,467.6,467.6,467.8,4826208.0
2018-01-23 10:07:44.422526,467.6,467.6,467.8,4825808.0
2018-01-23 10:07:46.452647,467.6,467.6,467.8,4827608.0
2018-01-23 10:07:48.332963,467.6,467.6,467.8,4828608.0
2018-01-23 10:07:50.425823,467.4,467.4,467.6,4834408.0
2018-01-23 10:07:52.245233,467.4,467.4,467.6,4834408.0
2018-01-23 10:07:54.412891,467.4,467.4,467.6,4834408.0
2018-01-23 10:07:56.208984,467.4,467.4,467.6,4831608.0
2018-01-23 10:07:58.105880,467.6,467.4,467.6,4836608.0
2018-01-23 10:08:00.216473,467.6,467.4,467.6,4836608.0
2018-01-23 10:08:02.169983,467.4,467.4,467.6,4836108.0
2018-01-23 10:08:03.896326,467.4,467.4,467.6,4836108.0
2018-01-23 10:08:05.747198,467.6,467.4,467.6,4836608.0
2018-01-23 10:08:07.563163,467.6,467.4,467.6,4836608.0
2018-01-23 10:08:09.163294,467.6,467.6,467.8,4838208.0
2018-01-23 10:08:10.980460,467.8,467.6,467.8,4837708.0
2018-01-23 10:08:11.943528,467.8,467.6,467.8,4837708.0
2018-01-23 10:08:13.561842,467.8,467.6,467.8,4837708.0
2018-01-23 10:08:14.846293,467.6,467.6,467.8,4838208.0
2018-01-23 10:08:16.613873,467.8,467.6,467.8,4837708.0
2018-01-23 10:08:18.322072,467.6,467.6,467.8,4838208.0
2018-01-23 10:08:19.549787,467.6,467.6,467.8,4838208.0
2018-01-23 10:08:20.614025,467.8,467.6,467.8,4842008.0
2018-01-23 10:08:22.538152,467.8,467.6,467.8,4849808.0
2018-01-23 10:08:24.607343,467.8,467.6,467.8,4849608.0
2018-01-23 10:08:25.952271,467.8,467.6,467.8,4851308.0
2018-01-23 10:08:27.268097,467.8,467.6,467.8,4851308.0
2018-01-23 10:08:28.471332,467.8,467.6,467.8,4851608.0
2018-01-23 10:08:29.431582,467.6,467.6,467.8,4853408.0
2018-01-23 10:08:31.060649,467.6,467.6,468.0,4853408.0
2018-01-23 10:08:32.371937,467.6,467.6,468.0,4853408.0
2018-01-23 10:08:34.033603,467.6,467.6,468.0,4853408.0
2018-01-23 10:08:35.270531,467.6,467.6,468.0,4853408.0
2018-01-23 10:08:36.720417,467.6,467.6,468.0,4853408.0
2018-01-23 10:08:38.191212,467.6,467.6,468.0,4853408.0
2018-01-23 10:08:39.487752,467.6,467.6,468.0,4853408.0
2018-01-23 10:08:40.510725,467.6,467.6,468.0,4853408.0
2018-01-23 10:08:42.143142,467.8,467.8,468.0,4854308.0
2018-01-23 10:08:43.320382,467.8,467.8,468.0,4854308.0
2018-01-23 10:08:44.517576,467.8,467.8,468.0,4854308.0
2018-01-23 10:08:46.346597,467.8,467.8,468.0,4855908.0
2018-01-23 10:08:47.795270,467.6,467.6,467.8,4857228.0
2018-01-23 10:08:49.489143,467.6,467.6,467.8,4857228.0
2018-01-23 10:08:50.970246,467.6,467.8,468.0,4857228.0
2018-01-23 10:08:52.384575,468.0,467.6,467.8,4868528.0
2018-01-23 10:08:54.495962,468.0,467.8,468.0,4868528.0
2018-01-23 10:08:55.526842,468.0,467.6,467.8,4868528.0
2018-01-23 10:08:56.707602,468.0,467.6,467.8,4868528.0
2018-01-23 10:08:58.295615,467.6,467.6,467.8,4857228.0
2018-01-23 10:08:59.833897,467.6,467.6,467.8,4857228.0
2018-01-23 10:09:01.102891,467.6,467.6,467.8,4857228.0
2018-01-23 10:09:02.563875,467.6,467.6,467.8,4857228.0
2018-01-23 10:09:04.223912,467.6,467.8,468.0,4857228.0
2018-01-23 10:09:05.449506,468.0,467.8,468.0,4868728.0
2018-01-23 10:09:07.039693,468.0,467.8,468.0,4868728.0
2018-01-23 10:09:08.462895,468.0,467.8,468.0,4868728.0
2018-01-23 10:09:09.536291,468.0,467.8,468.0,4868728.0
2018-01-23 10:09:11.287876,468.0,467.8,468.0,4868528.0
2018-01-23 10:09:12.461016,468.0,467.8,468.0,4868728.0
2018-01-23 10:09:13.710642,468.0,467.8,468.0,4868728.0
2018-01-23 10:09:14.914812,468.0,467.8,468.0,4868728.0
2018-01-23 10:09:16.251853,467.8,467.8,468.0,4877828.0
2018-01-23 10:09:17.573004,467.8,467.8,468.0,4877828.0
2018-01-23 10:09:18.597813,467.8,467.8,468.0,4877828.0
2018-01-23 10:09:20.174304,467.4,467.8,468.0,4911128.0
2018-01-23 10:09:21.843803,467.4,467.8,468.0,4911128.0
2018-01-23 10:09:23.703509,467.6,467.2,468.0,4934728.0
2018-01-23 10:09:24.763112,467.4,467.2,467.4,4934728.0
2018-01-23 10:09:26.263294,467.6,467.2,467.4,4934728.0
2018-01-23 10:09:27.990983,467.6,467.2,467.6,4935528.0
2018-01-23 10:09:29.359604,467.6,467.2,467.6,4935528.0
2018-01-23 10:09:31.378538,467.6,467.2,467.6,4935528.0
2018-01-23 10:09:32.735783,467.6,467.2,467.6,4935528.0
2018-01-23 10:09:33.936988,467.6,467.2,467.6,4935528.0
2018-01-23 10:09:35.167423,467.6,467.2,467.6,4935528.0
2018-01-23 10:09:36.632959,467.6,467.2,467.6,4935528.0
2018-01-23 10:09:38.750935,467.4,467.2,467.6,4937228.0
2018-01-23 10:09:40.109848,467.4,467.2,467.4,4937428.0
2018-01-23 10:09:41.635532,467.4,467.2,467.4,4937428.0
2018-01-23 10:09:43.040810,467.4,467.2,467.4,4937428.0
2018-01-23 10:09:44.302563,467.6,467.2,467.6,4941028.0
2018-01-23 10:09:45.993929,467.6,467.2,467.6,4941028.0
2018-01-23 10:09:47.146555,467.6,467.4,467.6,4941028.0
2018-01-23 10:09:48.855905,467.6,467.4,467.6,4942328.0
2018-01-23 10:09:50.166791,467.2,467.2,467.6,4942428.0
2018-01-23 10:09:51.971958,467.2,467.2,467.6,4942428.0
2018-01-23 10:09:53.443965,467.2,467.2,467.6,4942428.0
2018-01-23 10:09:54.812352,467.2,467.2,467.6,4942428.0
2018-01-23 10:09:56.311501,467.6,467.2,467.6,4942328.0
2018-01-23 10:09:57.969221,467.2,467.2,467.6,4942428.0
2018-01-23 10:09:59.126979,467.6,467.2,467.6,4942328.0
2018-01-23 10:10:00.557101,467.2,467.2,467.6,4942428.0
2018-01-23 10:10:01.805524,467.2,467.2,467.6,4942428.0
2018-01-23 10:10:03.041138,467.4,467.4,467.6,4943428.0
2018-01-23 10:10:04.736837,467.4,467.2,467.4,4944458.0
2018-01-23 10:10:05.714912,467.4,467.4,467.6,4944458.0
2018-01-23 10:10:07.124747,467.4,467.4,467.6,4944458.0
2018-01-23 10:10:08.731007,467.6,467.4,467.6,4948458.0
2018-01-23 10:10:09.753590,467.6,467.4,467.6,4948058.0
2018-01-23 10:10:10.928663,467.6,467.4,467.6,4948058.0
2018-01-23 10:10:11.991841,467.4,467.2,467.4,4953458.0
2018-01-23 10:10:13.328436,467.4,467.2,467.4,4951358.0
2018-01-23 10:10:14.724727,467.4,467.2,467.4,4951358.0
2018-01-23 10:10:16.851099,467.4,467.2,467.4,4951358.0
2018-01-23 10:10:17.913177,467.4,467.2,467.4,4951358.0
2018-01-23 10:10:19.319569,467.4,467.2,467.4,4951358.0
2018-01-23 10:10:20.463446,467.4,467.2,467.4,4953458.0
2018-01-23 10:10:21.780577,467.6,467.2,467.4,4962758.0
2018-01-23 10:10:23.365065,467.6,467.4,467.6,4962758.0
2018-01-23 10:10:24.750128,467.6,467.4,467.6,4961858.0
2018-01-23 10:10:26.196647,467.6,467.4,467.6,4965858.0
2018-01-23 10:10:27.888782,467.6,467.4,467.6,4962758.0
2018-01-23 10:10:29.382077,467.6,467.4,467.6,4962758.0
2018-01-23 10:10:30.786853,467.6,467.4,467.6,4962758.0
2018-01-23 10:10:32.182904,467.6,467.4,467.6,4967258.0
2018-01-23 10:10:33.960254,467.4,467.2,467.4,4968458.0
2018-01-23 10:10:36.900362,467.2,467.2,467.6,4980258.0
2018-01-23 10:10:38.763961,467.2,467.2,467.6,4980258.0
2018-01-23 10:10:40.775788,467.2,467.2,467.6,4980258.0
2018-01-23 10:10:41.862750,467.4,467.4,467.8,4983658.0
2018-01-23 10:10:43.232914,467.6,467.2,467.6,4983958.0
2018-01-23 10:10:44.523587,467.6,467.4,467.8,4983958.0
2018-01-23 10:10:45.565949,467.6,467.2,467.6,4983958.0
2018-01-23 10:10:46.985261,467.6,467.2,467.6,4983958.0
2018-01-23 10:10:48.484178,467.4,467.2,467.6,4983658.0
2018-01-23 10:10:50.343872,467.4,467.2,467.4,4983658.0
2018-01-23 10:10:51.818449,467.4,467.2,467.4,4985858.0
2018-01-23 10:10:53.116999,467.4,467.2,467.4,4985258.0
2018-01-23 10:10:54.292490,467.4,467.2,467.4,4985858.0
2018-01-23 10:10:55.590051,467.4,467.2,467.4,4985858.0
2018-01-23 10:10:56.926043,467.4,467.2,467.4,4985858.0
2018-01-23 10:10:57.953626,467.4,467.2,467.4,4985858.0
2018-01-23 10:10:59.280086,467.4,467.2,467.4,4987158.0
2018-01-23 10:11:00.566241,467.4,467.2,467.4,4985858.0
2018-01-23 10:11:01.684001,467.6,467.2,467.6,4987558.0
2018-01-23 10:11:03.151791,467.4,467.2,467.6,4987158.0
2018-01-23 10:11:04.471049,467.4,467.2,467.6,4987158.0
2018-01-23 10:11:05.667683,467.6,467.2,467.6,4987558.0
2018-01-23 10:11:06.898193,467.6,467.2,467.6,4987558.0
2018-01-23 10:11:08.424541,467.6,467.2,467.6,4987558.0
2018-01-23 10:11:09.811039,467.4,467.4,467.6,4998858.0
2018-01-23 10:11:10.992368,467.4,467.4,467.6,4998858.0
2018-01-23 10:11:12.267666,467.4,467.4,467.6,4998858.0
2018-01-23 10:11:13.800090,467.4,467.4,467.6,4998858.0
2018-01-23 10:11:15.047454,467.6,467.4,467.6,4999458.0
2018-01-23 10:11:16.231340,467.6,467.4,467.6,4999458.0
2018-01-23 10:11:17.490606,467.4,467.4,467.6,4998858.0
2018-01-23 10:11:18.937880,467.4,467.4,467.6,4998858.0
2018-01-23 10:11:20.616996,467.4,467.4,467.6,4998858.0
2018-01-23 10:11:22.308262,467.6,467.4,467.6,5002858.0
2018-01-23 10:11:24.117770,467.6,467.4,467.6,4999458.0
2018-01-23 10:11:25.357980,467.4,467.4,467.6,5004858.0
2018-01-23 10:11:26.977332,467.4,467.4,467.6,5004858.0
2018-01-23 10:11:28.218533,467.4,467.4,467.6,5004858.0
2018-01-23 10:11:29.419867,467.4,467.4,467.6,5004858.0
2018-01-23 10:11:30.637364,467.4,467.4,467.6,5003858.0
2018-01-23 10:11:31.932104,467.4,467.4,467.6,5004858.0
2018-01-23 10:11:33.965376,467.4,467.4,467.6,5004858.0
2018-01-23 10:11:35.670404,467.4,467.4,467.6,5004858.0
2018-01-23 10:11:37.223843,467.4,467.4,467.6,5004858.0
2018-01-23 10:11:38.509348,467.4,467.2,467.4,5039058.0
2018-01-23 10:11:39.847393,467.4,467.2,467.4,5039058.0
2018-01-23 10:11:41.273541,467.4,467.2,467.4,5038958.0
2018-01-23 10:11:42.949942,467.4,467.2,467.4,5043558.0
2018-01-23 10:11:44.505304,467.4,467.2,467.4,5045658.0
2018-01-23 10:11:46.225878,467.4,467.2,467.4,5044658.0
2018-01-23 10:11:47.497591,467.4,467.2,467.4,5046058.0
2018-01-23 10:11:48.770363,467.4,467.2,467.4,5046058.0
2018-01-23 10:11:50.253401,467.4,467.2,467.4,5046058.0
2018-01-23 10:11:51.785794,467.4,467.2,467.6,5046058.0
2018-01-23 10:11:53.327001,467.4,467.2,467.4,5046058.0
2018-01-23 10:11:54.388248,467.4,467.2,467.4,5046058.0
2018-01-23 10:11:55.803564,467.4,467.2,467.6,5046058.0
2018-01-23 10:11:57.159112,467.4,467.2,467.4,5046058.0
2018-01-23 10:11:58.566902,467.4,467.2,467.6,5046058.0
2018-01-23 10:11:59.877461,467.6,467.4,467.6,5049558.0
2018-01-23 10:12:01.811310,467.6,467.4,467.6,5049558.0
2018-01-23 10:12:03.756720,467.6,467.4,467.6,5049558.0
2018-01-23 10:12:05.201384,467.6,467.4,467.6,5049558.0
2018-01-23 10:12:07.015679,467.6,467.4,467.6,5049558.0
2018-01-23 10:12:08.720375,467.6,467.4,467.6,5049558.0
2018-01-23 10:12:10.013238,467.6,467.4,467.6,5050658.0
2018-01-23 10:12:11.399451,467.6,467.4,467.6,5050658.0
2018-01-23 10:12:12.539630,467.6,467.4,467.6,5050658.0
2018-01-23 10:12:13.917208,467.6,467.4,467.6,5050158.0
2018-01-23 10:12:15.154984,467.6,467.4,467.6,5050658.0
2018-01-23 10:12:16.310411,467.6,467.4,467.6,5050658.0
2018-01-23 10:12:18.192296,467.6,467.4,467.6,5050658.0
2018-01-23 10:12:19.536325,467.6,467.4,467.6,5050658.0
2018-01-23 10:12:20.783521,467.6,467.4,467.6,5050658.0
2018-01-23 10:12:22.199945,467.4,467.4,467.6,5060558.0
2018-01-23 10:12:23.729380,467.4,467.4,467.6,5061458.0
2018-01-23 10:12:24.907780,467.4,467.4,467.6,5060558.0
2018-01-23 10:12:26.456653,467.4,467.4,467.6,5060558.0
2018-01-23 10:12:27.679835,467.4,467.4,467.6,5061458.0
2018-01-23 10:12:29.040346,467.4,467.4,467.6,5060558.0
2018-01-23 10:12:30.431254,467.4,467.4,467.6,5061458.0
2018-01-23 10:12:31.728463,467.6,467.4,467.6,5063958.0
2018-01-23 10:12:33.008519,467.6,467.4,467.6,5063958.0
2018-01-23 10:12:34.297304,467.6,467.4,467.6,5063958.0
2018-01-23 10:12:36.047941,467.6,467.4,467.6,5063958.0
2018-01-23 10:12:37.442471,467.6,467.4,467.6,5063958.0
2018-01-23 10:12:38.729621,467.6,467.4,467.6,5063958.0
2018-01-23 10:12:39.840102,467.6,467.4,467.6,5063958.0
2018-01-23 10:12:41.511611,467.6,467.4,467.6,5063958.0
2018-01-23 10:12:42.594732,467.6,467.4,467.6,5063958.0
2018-01-23 10:12:43.796501,467.6,467.2,467.4,5065358.0
2018-01-23 10:12:45.895273,467.6,467.2,467.4,5065358.0
2018-01-23 10:12:47.132606,467.6,467.2,467.4,5065358.0
2018-01-23 10:12:48.923727,467.6,467.2,467.4,5065358.0
2018-01-23 10:12:49.946028,467.6,467.2,467.4,5065358.0
2018-01-23 10:12:51.407221,467.6,467.2,467.4,5065358.0
2018-01-23 10:12:52.742184,467.6,467.2,467.4,5065358.0
2018-01-23 10:12:54.329756,467.4,467.4,467.6,5068658.0
2018-01-23 10:12:55.557262,467.4,467.4,467.6,5068658.0
2018-01-23 10:12:56.578016,467.6,467.4,467.6,5068758.0
2018-01-23 10:12:57.838951,467.4,467.4,467.6,5068658.0
2018-01-23 10:12:59.267297,467.4,467.4,467.6,5068658.0
2018-01-23 10:13:00.625279,467.4,467.4,467.6,5068658.0
2018-01-23 10:13:01.965005,467.4,467.4,467.6,5068658.0
2018-01-23 10:13:03.353232,467.6,467.4,467.6,5068758.0
2018-01-23 10:13:04.484610,467.4,467.2,467.6,5079258.0
2018-01-23 10:13:05.680581,467.4,467.2,467.6,5079558.0
2018-01-23 10:13:06.900345,467.4,467.2,467.6,5079258.0
2018-01-23 10:13:08.244817,467.4,467.4,467.6,5082858.0
2018-01-23 10:13:09.850226,467.4,467.4,467.6,5082858.0
2018-01-23 10:13:11.058322,467.4,467.4,467.6,5082858.0
2018-01-23 10:13:12.757950,467.4,467.4,467.6,5082858.0
2018-01-23 10:13:14.076439,467.4,467.4,467.6,5082858.0
2018-01-23 10:13:15.290697,467.4,467.4,467.6,5082858.0
2018-01-23 10:13:16.800917,467.4,467.4,467.6,5082858.0
2018-01-23 10:13:18.297447,467.2,467.2,467.4,5086058.0
2018-01-23 10:13:20.169668,467.2,467.2,467.4,5086058.0
2018-01-23 10:13:21.423775,467.2,467.2,467.4,5086058.0
2018-01-23 10:13:23.020162,467.4,467.2,467.4,5088058.0
2018-01-23 10:13:24.494945,467.4,467.2,467.4,5088058.0
2018-01-23 10:13:26.376643,467.4,467.2,467.4,5088058.0
2018-01-23 10:13:28.114175,467.4,467.2,467.4,5088158.0
2018-01-23 10:13:30.098084,467.4,467.2,467.4,5088158.0
2018-01-23 10:13:31.106620,467.4,467.2,467.4,5088058.0
2018-01-23 10:13:32.742121,467.4,467.2,467.4,5089258.0
2018-01-23 10:13:33.813513,467.4,467.2,467.4,5089258.0
2018-01-23 10:13:35.460390,467.4,467.2,467.4,5089258.0
2018-01-23 10:13:36.746016,467.4,467.2,467.4,5089258.0
2018-01-23 10:13:38.243749,467.4,467.2,467.4,5089258.0
2018-01-23 10:13:40.090061,467.4,467.2,467.4,5089258.0
2018-01-23 10:13:42.027644,467.4,467.2,467.4,5089258.0
2018-01-23 10:13:43.762909,467.4,467.2,467.4,5089258.0
2018-01-23 10:13:44.916723,467.4,467.2,467.4,5090158.0
2018-01-23 10:13:46.313766,467.2,467.2,467.4,5090658.0
2018-01-23 10:13:47.702198,467.2,467.2,467.4,5090658.0
2018-01-23 10:13:49.207209,467.2,467.2,467.4,5090658.0
2018-01-23 10:13:50.733378,467.2,467.2,467.4,5090658.0
2018-01-23 10:13:52.380278,467.2,467.2,467.4,5090658.0
2018-01-23 10:13:53.809852,467.4,467.2,467.4,5091058.0
2018-01-23 10:13:54.982168,467.4,467.2,467.4,5091059.0
2018-01-23 10:13:56.449794,467.4,467.2,467.4,5091059.0
2018-01-23 10:13:58.062811,467.4,467.0,467.4,5091058.0
2018-01-23 10:13:59.342785,467.0,467.0,467.4,5116359.0
2018-01-23 10:14:00.587443,467.0,467.0,467.4,5116359.0
2018-01-23 10:14:01.811357,467.0,467.0,467.4,5116959.0
2018-01-23 10:14:03.554070,467.2,467.0,467.4,5118859.0
2018-01-23 10:14:04.817421,467.4,467.0,467.4,5119359.0
2018-01-23 10:14:06.527843,467.4,467.0,467.4,5119359.0
2018-01-23 10:14:07.584230,467.0,467.0,467.4,5119759.0
2018-01-23 10:14:08.721570,467.0,467.0,467.4,5124459.0
2018-01-23 10:14:10.485902,467.0,467.0,467.4,5126259.0
2018-01-23 10:14:12.018106,467.0,467.0,467.4,5124759.0
2018-01-23 10:14:13.514783,467.2,467.0,467.2,5126359.0
2018-01-23 10:14:14.817093,467.2,467.0,467.2,5126359.0
2018-01-23 10:14:16.345391,467.2,467.0,467.2,5126359.0
2018-01-23 10:14:17.658393,467.2,467.0,467.2,5126359.0
2018-01-23 10:14:18.755281,467.2,467.0,467.2,5126359.0
2018-01-23 10:14:20.157057,467.0,467.0,467.2,5126259.0
2018-01-23 10:14:21.947541,467.0,467.0,467.2,5126259.0
2018-01-23 10:14:23.325169,467.0,467.0,467.2,5127059.0
2018-01-23 10:14:24.573009,467.0,467.0,467.2,5129659.0
2018-01-23 10:14:26.079543,467.0,467.0,467.2,5141759.0
2018-01-23 10:14:27.558184,467.0,467.0,467.2,5141759.0
2018-01-23 10:14:28.799331,467.0,466.8,467.0,5145859.0
2018-01-23 10:14:29.776833,467.0,466.8,467.0,5145859.0
2018-01-23 10:14:31.157512,466.8,466.6,466.8,5151959.0
2018-01-23 10:14:33.795820,466.8,466.6,466.8,5159159.0
2018-01-23 10:14:35.858261,466.8,466.6,466.8,5151959.0
2018-01-23 10:14:37.635157,466.8,466.6,466.8,5151959.0
2018-01-23 10:14:39.512105,466.8,466.6,466.8,5151959.0
2018-01-23 10:14:42.112485,466.8,466.6,466.8,5159159.0
2018-01-23 10:14:43.658809,466.8,466.6,466.8,5159459.0
2018-01-23 10:14:45.011644,466.8,466.6,466.8,5159459.0
2018-01-23 10:14:46.285312,466.8,466.6,466.8,5159159.0
2018-01-23 10:14:47.969576,466.8,466.6,466.8,5159459.0
2018-01-23 10:14:49.211319,466.8,466.6,466.8,5159159.0
2018-01-23 10:14:50.704506,466.8,466.6,466.8,5159459.0
2018-01-23 10:14:51.829481,466.6,466.6,466.8,5160659.0
2018-01-23 10:14:53.390326,466.6,466.6,466.8,5160659.0
2018-01-23 10:14:54.699933,466.6,466.4,466.6,5164659.0
2018-01-23 10:14:56.033682,466.6,466.4,466.6,5168759.0
2018-01-23 10:14:57.277829,466.6,466.4,466.6,5168759.0
2018-01-23 10:14:58.346607,466.6,466.4,466.6,5168759.0
2018-01-23 10:15:00.191587,466.6,466.4,466.6,5172759.0
2018-01-23 10:15:01.183063,466.6,466.4,466.6,5176459.0
2018-01-23 10:15:02.334912,466.6,466.2,466.4,5176459.0
2018-01-23 10:15:03.359566,466.4,466.2,466.6,5204959.0
2018-01-23 10:15:05.264808,466.4,466.2,466.6,5204959.0
2018-01-23 10:15:06.358257,466.4,466.2,466.6,5204959.0
2018-01-23 10:15:07.566888,466.4,466.4,466.6,5208959.0
2018-01-23 10:15:09.483637,466.6,466.2,466.6,5231259.0
2018-01-23 10:15:10.631675,466.6,466.2,466.6,5231259.0
2018-01-23 10:15:12.261425,466.6,466.2,466.6,5234059.0
2018-01-23 10:15:13.431781,466.6,466.4,466.6,5235159.0
2018-01-23 10:15:14.468456,466.6,466.2,466.6,5234059.0
2018-01-23 10:15:15.876673,466.6,466.4,466.6,5236159.0
2018-01-23 10:15:17.004153,466.6,466.4,466.6,5235159.0
2018-01-23 10:15:18.561674,466.6,466.4,466.6,5236159.0
2018-01-23 10:15:20.235314,466.6,466.4,466.6,5235159.0
2018-01-23 10:15:21.716601,466.6,466.4,466.6,5236159.0
2018-01-23 10:15:22.925364,466.4,466.4,466.6,5240659.0
2018-01-23 10:15:24.220587,466.4,466.4,466.6,5241359.0
2018-01-23 10:15:25.302690,466.4,466.4,466.6,5241359.0
2018-01-23 10:15:26.579591,,,,
2018-01-23 10:15:28.632719,466.4,466.4,466.6,5241359.0
2018-01-23 10:15:29.746616,466.6,466.2,466.6,5248559.0
2018-01-23 10:15:31.160234,466.6,466.4,466.6,5248559.0
2018-01-23 10:15:32.840372,466.6,466.2,466.6,5248559.0
2018-01-23 10:15:34.230544,466.6,466.2,466.6,5248559.0
2018-01-23 10:15:36.256558,466.6,466.4,466.6,5248559.0
2018-01-23 10:15:37.786080,466.6,466.4,466.6,5252567.0
2018-01-23 10:15:38.925615,466.6,466.4,466.6,5252567.0
2018-01-23 10:15:40.818935,466.6,466.4,466.6,5252567.0
2018-01-23 10:15:42.211731,466.6,466.4,466.6,5253667.0
2018-01-23 10:15:43.644986,466.6,466.4,466.6,5253667.0
2018-01-23 10:15:45.571599,466.6,466.4,466.6,5253667.0
2018-01-23 10:15:47.417914,466.6,466.4,466.6,5253667.0
2018-01-23 10:15:49.114698,466.6,466.4,466.6,5253667.0
2018-01-23 10:15:50.690562,466.6,466.4,466.6,5253667.0
2018-01-23 10:15:52.107233,466.6,466.4,466.6,5253667.0
2018-01-23 10:15:53.525161,466.6,466.4,466.6,5259267.0
2018-01-23 10:15:54.641972,466.4,466.2,466.4,5270967.0
2018-01-23 10:15:55.796377,466.4,466.2,466.4,5271467.0
2018-01-23 10:15:57.134514,466.4,466.2,466.4,5270967.0
2018-01-23 10:15:58.261309,466.4,466.2,466.4,5270967.0
2018-01-23 10:16:00.311343,466.4,466.2,466.4,5270967.0
2018-01-23 10:16:01.611988,466.4,466.2,466.4,5270967.0
2018-01-23 10:16:02.889662,466.4,466.2,466.4,5270967.0
2018-01-23 10:16:04.820303,466.2,466.2,466.4,5273967.0
2018-01-23 10:16:06.234680,466.6,466.2,466.4,5284367.0
2018-01-23 10:16:07.735137,466.6,466.2,466.4,5284367.0
2018-01-23 10:16:09.030589,466.4,466.2,466.4,5282367.0
2018-01-23 10:16:10.276112,466.4,466.2,466.4,5282367.0
2018-01-23 10:16:11.641763,466.6,466.2,466.4,5284367.0
2018-01-23 10:16:12.957581,466.4,466.4,466.6,5287267.0
2018-01-23 10:16:14.676787,466.4,466.4,466.6,5287267.0
2018-01-23 10:16:15.895125,466.4,466.2,466.4,5300217.0
2018-01-23 10:16:17.300800,466.4,466.2,466.4,5302617.0
2018-01-23 10:16:18.695992,466.4,466.2,466.4,5305517.0
2018-01-23 10:16:20.021650,466.4,466.2,466.4,5305517.0
2018-01-23 10:16:21.104385,466.2,466.0,466.2,5308217.0
2018-01-23 10:16:22.928451,466.2,466.0,466.2,5307617.0
2018-01-23 10:16:24.215485,466.2,466.0,466.2,5307617.0
2018-01-23 10:16:25.912539,466.2,466.0,466.2,5308217.0
2018-01-23 10:16:27.104704,466.0,466.0,466.2,5323017.0
2018-01-23 10:16:28.387636,466.0,466.0,466.2,5323017.0
2018-01-23 10:16:29.767653,466.0,466.0,466.2,5321517.0
2018-01-23 10:16:30.813734,466.0,466.0,466.2,5321517.0
2018-01-23 10:16:32.242626,466.0,466.0,466.2,5325817.0
2018-01-23 10:16:33.434933,466.0,466.0,466.2,5325817.0
2018-01-23 10:16:34.529307,466.0,466.0,466.2,5325817.0
2018-01-23 10:16:36.125506,466.0,466.0,466.2,5328717.0
2018-01-23 10:16:37.612737,466.0,466.0,466.2,5328717.0
2018-01-23 10:16:39.120255,466.0,466.0,466.2,5328217.0
2018-01-23 10:16:40.836143,466.0,466.0,466.2,5328717.0
2018-01-23 10:16:42.088328,466.0,466.0,466.2,5328717.0
2018-01-23 10:16:43.100529,466.0,466.0,466.2,5328717.0
2018-01-23 10:16:44.828936,466.0,466.0,466.2,5328717.0
2018-01-23 10:16:46.176766,466.2,466.0,466.2,5331217.0
2018-01-23 10:16:48.105468,466.2,466.0,466.2,5331217.0
2018-01-23 10:16:49.275227,466.2,466.0,466.2,5331217.0
2018-01-23 10:16:50.805290,466.0,466.0,466.2,5336517.0
2018-01-23 10:16:52.324845,466.0,466.0,466.2,5335917.0
2018-01-23 10:16:53.549250,466.0,466.0,466.2,5335917.0
2018-01-23 10:16:54.804885,466.0,466.0,466.2,5336517.0
2018-01-23 10:16:56.409616,466.2,466.0,466.4,5341517.0
2018-01-23 10:16:57.459252,466.2,466.0,466.2,5345517.0
2018-01-23 10:16:58.785776,466.2,466.0,466.4,5345517.0
2018-01-23 10:17:00.511581,466.2,466.0,466.4,5345517.0
2018-01-23 10:17:01.788754,466.2,466.0,466.2,5345517.0
2018-01-23 10:17:03.088088,466.2,466.0,466.2,5348217.0
2018-01-23 10:17:04.529449,466.2,466.0,466.2,5348217.0
2018-01-23 10:17:06.341300,466.2,466.0,466.2,5348217.0
2018-01-23 10:17:07.414712,466.2,466.0,466.2,5349017.0
2018-01-23 10:17:08.562942,466.2,466.0,466.2,5348217.0
2018-01-23 10:17:09.788567,466.2,466.0,466.2,5348217.0
2018-01-23 10:17:11.310711,466.2,466.0,466.2,5349017.0
2018-01-23 10:17:12.527674,466.2,466.0,466.2,5352317.0
