time,price,bid,ask,volume
2018-01-25 10:08:50.554082,463.0,463.0,463.4,5928122.0
2018-01-25 10:08:52.226289,463.0,463.0,463.4,5929122.0
2018-01-25 10:08:53.946796,463.0,463.0,463.4,5928122.0
2018-01-25 10:08:55.052530,463.0,463.0,463.4,5929122.0
2018-01-25 10:08:56.313044,463.0,463.0,463.4,5928122.0
2018-01-25 10:08:57.350288,463.0,463.0,463.4,5928122.0
2018-01-25 10:08:58.890454,463.0,463.0,463.4,5929122.0
2018-01-25 10:09:00.495300,463.0,463.0,463.4,5928122.0
2018-01-25 10:09:02.118568,463.0,463.0,463.4,5933822.0
2018-01-25 10:09:02.995470,463.2,463.0,463.2,5934022.0
2018-01-25 10:09:04.312762,463.0,463.0,463.2,5933822.0
2018-01-25 10:09:05.532901,463.2,463.0,463.2,5936222.0
2018-01-25 10:09:06.570763,463.2,463.0,463.2,5937022.0
2018-01-25 10:09:07.650977,463.2,463.0,463.2,5937022.0
2018-01-25 10:09:08.907351,463.2,463.0,463.2,5937022.0
2018-01-25 10:09:10.125802,463.2,463.0,463.2,5937022.0
2018-01-25 10:09:11.611208,463.2,463.0,463.2,5937522.0
2018-01-25 10:09:12.892078,463.2,463.0,463.4,5948522.0
2018-01-25 10:09:14.807172,463.4,463.2,463.4,5953322.0
2018-01-25 10:09:16.028549,463.4,463.2,463.4,5953822.0
2018-01-25 10:09:17.170252,463.4,463.2,463.4,5953822.0
2018-01-25 10:09:18.811422,463.4,463.2,463.4,5956422.0
2018-01-25 10:09:20.052023,463.4,463.2,463.4,5956422.0
2018-01-25 10:09:21.191978,463.4,463.2,463.4,5956422.0
2018-01-25 10:09:22.800862,463.4,463.2,463.4,5956422.0
2018-01-25 10:09:23.932956,463.4,463.2,463.4,5956422.0
2018-01-25 10:09:25.341477,463.4,463.2,463.4,5956422.0
2018-01-25 10:09:26.790741,463.4,463.2,463.4,5956422.0
2018-01-25 10:09:28.477068,463.6,463.4,463.6,5959022.0
2018-01-25 10:09:30.172345,463.6,463.4,463.6,5959022.0
2018-01-25 10:09:31.647075,463.6,463.4,463.6,5959022.0
2018-01-25 10:09:33.006952,463.6,463.4,463.6,5959022.0
2018-01-25 10:09:34.766055,463.6,463.4,463.6,5959022.0
2018-01-25 10:09:36.748193,463.4,463.4,463.6,5962822.0
2018-01-25 10:09:38.057607,463.4,463.4,463.6,5962822.0
2018-01-25 10:09:39.700118,463.4,463.4,463.6,5964422.0
2018-01-25 10:09:41.361678,463.4,463.4,463.6,5964422.0
2018-01-25 10:09:42.623815,463.6,463.4,463.6,5967422.0
2018-01-25 10:09:43.784277,463.6,463.4,463.6,5967422.0
2018-01-25 10:09:45.631534,463.4,463.4,463.6,5967822.0
2018-01-25 10:09:46.996214,463.6,463.4,463.6,5967422.0
2018-01-25 10:09:48.463513,463.6,463.4,463.6,5967422.0
2018-01-25 10:09:50.035581,463.4,463.4,463.6,5969922.0
2018-01-25 10:09:51.327817,463.4,463.4,463.6,5969922.0
2018-01-25 10:09:53.177464,463.4,463.4,463.6,5969922.0
2018-01-25 10:09:54.269496,463.4,463.4,463.6,5969922.0
2018-01-25 10:09:55.605556,463.4,463.4,463.6,5970722.0
2018-01-25 10:09:56.491830,463.6,463.2,463.6,5972222.0
2018-01-25 10:09:57.617189,463.4,463.2,463.6,5970722.0
2018-01-25 10:09:58.601313,463.6,463.4,463.6,5972222.0
2018-01-25 10:09:59.535440,463.4,463.2,463.6,5970722.0
2018-01-25 10:10:00.498694,463.6,463.2,463.6,5973722.0
2018-01-25 10:10:01.537722,463.6,463.2,463.6,5972222.0
2018-01-25 10:10:02.624505,463.6,463.4,463.6,5974122.0
2018-01-25 10:10:03.835484,463.6,463.4,463.6,5974122.0
2018-01-25 10:10:05.099820,463.6,463.4,463.6,5977722.0
2018-01-25 10:10:06.356042,463.6,463.4,463.6,5982422.0
2018-01-25 10:10:07.276076,463.6,463.4,463.6,5982122.0
2018-01-25 10:10:08.139199,463.6,463.4,463.6,5982422.0
2018-01-25 10:10:09.048589,463.6,463.4,463.6,5982422.0
2018-01-25 10:10:10.286692,463.6,463.4,463.6,5982422.0
2018-01-25 10:10:11.442178,463.6,463.4,463.6,5982422.0
2018-01-25 10:10:12.253355,463.6,463.6,463.8,5984222.0
2018-01-25 10:10:13.342955,463.6,463.4,463.6,5984222.0
2018-01-25 10:10:14.162035,463.6,463.4,463.6,5984222.0
2018-01-25 10:10:15.196634,463.6,463.4,463.6,5984222.0
2018-01-25 10:10:16.469748,463.6,463.6,463.8,5984222.0
2018-01-25 10:10:17.361551,463.6,463.4,463.6,5984222.0
2018-01-25 10:10:18.620888,463.6,463.4,463.6,5986322.0
2018-01-25 10:10:19.869246,463.6,463.6,463.8,5986322.0
2018-01-25 10:10:21.349679,463.6,463.4,463.6,5986322.0
2018-01-25 10:10:22.361090,463.6,463.4,463.6,5986322.0
2018-01-25 10:10:23.492509,463.6,463.4,463.6,5986322.0
2018-01-25 10:10:24.403461,463.6,463.4,463.6,5986322.0
2018-01-25 10:10:25.333074,463.6,463.4,463.6,5986322.0
2018-01-25 10:10:26.581781,463.6,463.4,463.6,5986322.0
2018-01-25 10:10:27.519820,463.6,463.4,463.6,5986322.0
2018-01-25 10:10:28.441235,463.8,463.6,463.8,5997022.0
2018-01-25 10:10:29.470295,463.8,463.6,463.8,5997022.0
2018-01-25 10:10:30.273740,463.8,463.6,463.8,5997022.0
2018-01-25 10:10:31.255487,463.8,463.6,463.8,5997022.0
2018-01-25 10:10:32.324826,463.8,463.8,464.0,5998422.0
2018-01-25 10:10:33.372853,463.8,463.6,464.0,5998422.0
2018-01-25 10:10:34.268104,463.8,463.8,464.0,5998422.0
2018-01-25 10:10:35.161485,464.0,463.8,464.0,5998322.0
2018-01-25 10:10:36.194072,463.8,463.8,464.0,5998422.0
2018-01-25 10:10:37.025504,464.0,463.8,464.0,5998322.0
2018-01-25 10:10:38.230319,463.8,463.8,464.0,5998422.0
2018-01-25 10:10:39.234005,463.8,463.8,464.0,5998422.0
2018-01-25 10:10:40.075075,463.8,463.8,464.0,6001822.0
2018-01-25 10:10:41.110936,463.8,463.8,464.0,5999322.0
2018-01-25 10:10:41.962258,463.8,463.8,464.0,6001822.0
2018-01-25 10:10:43.020747,463.8,463.8,464.0,6001822.0
2018-01-25 10:10:44.097019,463.8,463.8,464.0,6001822.0
2018-01-25 10:10:45.247387,463.8,463.8,464.0,6001822.0
2018-01-25 10:10:46.094406,463.8,463.8,464.0,6001822.0
2018-01-25 10:10:47.028636,463.8,463.8,464.0,6001822.0
2018-01-25 10:10:47.828051,463.8,463.8,464.0,6001822.0
2018-01-25 10:10:48.878357,463.8,463.8,464.0,6006122.0
2018-01-25 10:10:49.861516,464.0,463.8,464.0,6006322.0
2018-01-25 10:10:50.822735,463.8,463.8,464.0,6006122.0
2018-01-25 10:10:51.749029,464.0,463.8,464.0,6006322.0
2018-01-25 10:10:52.729138,463.8,463.8,464.0,6006122.0
2018-01-25 10:10:53.637419,464.0,463.8,464.0,6006322.0
2018-01-25 10:10:55.002134,463.8,463.8,464.0,6006122.0
2018-01-25 10:10:55.913242,464.0,463.8,464.0,6006322.0
2018-01-25 10:10:56.725473,464.0,463.8,464.0,6006322.0
2018-01-25 10:10:57.796225,464.0,463.8,464.0,6006322.0
2018-01-25 10:10:58.802792,463.8,463.8,464.0,6008622.0
2018-01-25 10:10:59.845833,463.8,463.8,464.0,6008622.0
2018-01-25 10:11:00.703996,463.8,463.8,464.0,6009022.0
2018-01-25 10:11:01.725386,463.8,463.8,464.0,6008622.0
2018-01-25 10:11:02.625020,463.8,463.8,464.0,6008622.0
2018-01-25 10:11:03.725998,463.8,463.8,464.0,6009022.0
2018-01-25 10:11:04.817169,463.8,463.8,464.0,6008622.0
2018-01-25 10:11:06.266468,463.8,463.8,464.0,6008622.0
2018-01-25 10:11:07.299861,463.8,463.8,464.0,6009022.0
2018-01-25 10:11:08.367371,463.8,463.8,464.0,6009022.0
2018-01-25 10:11:09.286574,463.8,463.8,464.0,6008622.0
2018-01-25 10:11:10.466283,463.8,463.8,464.0,6011022.0
2018-01-25 10:11:11.906429,463.8,463.8,464.0,6012222.0
2018-01-25 10:11:13.300544,463.8,463.8,464.0,6012922.0
2018-01-25 10:11:14.588377,463.8,463.8,464.0,6012922.0
2018-01-25 10:11:15.786401,463.8,463.8,464.0,6012922.0
2018-01-25 10:11:16.977927,463.8,463.8,464.0,6012922.0
2018-01-25 10:11:18.118480,463.8,463.8,464.0,6012922.0
2018-01-25 10:11:19.805744,463.8,463.8,464.0,6014622.0
2018-01-25 10:11:21.033788,463.8,463.8,464.0,6014622.0
2018-01-25 10:11:22.295633,463.8,463.8,464.0,6014622.0
2018-01-25 10:11:23.455063,463.8,463.8,464.0,6014622.0
2018-01-25 10:11:24.690772,463.8,463.8,464.0,6014622.0
2018-01-25 10:11:25.876250,463.8,463.8,464.0,6014622.0
2018-01-25 10:11:27.202725,463.8,463.8,464.0,6014622.0
2018-01-25 10:11:28.366850,463.8,463.8,464.0,6014622.0
2018-01-25 10:11:29.481532,463.8,463.8,464.0,6014622.0
2018-01-25 10:11:30.992005,464.0,463.6,464.0,6037822.0
2018-01-25 10:11:32.131012,464.0,463.6,464.0,6037822.0
2018-01-25 10:11:33.555694,464.0,463.6,464.0,6037822.0
2018-01-25 10:11:34.593660,464.0,463.6,464.0,6038922.0
2018-01-25 10:11:36.046221,464.0,463.6,464.0,6038922.0
2018-01-25 10:11:37.216427,464.0,463.6,464.0,6038922.0
2018-01-25 10:11:38.192466,464.0,463.6,464.0,6039022.0
2018-01-25 10:11:39.597426,464.0,463.6,464.0,6039022.0
2018-01-25 10:11:40.674430,463.8,463.8,464.2,6059922.0
2018-01-25 10:11:41.796192,463.8,463.8,464.2,6059922.0
2018-01-25 10:11:42.782139,463.8,463.8,464.2,6059922.0
2018-01-25 10:11:44.543631,463.8,463.8,464.2,6059922.0
2018-01-25 10:11:45.920883,463.8,463.8,464.2,6059922.0
2018-01-25 10:11:47.402563,463.8,463.8,464.0,6063222.0
2018-01-25 10:11:48.382926,463.8,463.8,464.0,6063222.0
2018-01-25 10:11:49.986296,463.8,463.8,464.0,6063222.0
2018-01-25 10:11:51.071112,463.8,463.8,464.0,6063222.0
2018-01-25 10:11:52.574635,463.8,463.8,464.0,6063222.0
2018-01-25 10:11:53.770350,463.8,463.8,464.0,6063222.0
2018-01-25 10:11:55.098139,463.8,463.8,464.0,6063222.0
2018-01-25 10:11:56.576751,463.8,463.6,464.0,6065822.0
2018-01-25 10:11:57.573616,463.8,463.6,464.0,6065722.0
2018-01-25 10:11:58.793703,463.6,463.6,463.8,6068422.0
2018-01-25 10:12:00.443091,463.6,463.6,463.8,6068422.0
2018-01-25 10:12:01.981466,463.6,463.6,463.8,6068422.0
2018-01-25 10:12:03.205162,463.6,463.4,463.8,6068422.0
2018-01-25 10:12:04.400039,463.6,463.4,463.8,6091622.0
2018-01-25 10:12:06.328994,463.6,463.4,463.8,6091522.0
2018-01-25 10:12:07.660691,463.6,463.4,463.6,6094622.0
2018-01-25 10:12:09.198461,463.6,463.4,463.6,6095722.0
2018-01-25 10:12:10.467719,463.6,463.4,463.6,6095722.0
2018-01-25 10:12:11.702110,463.6,463.4,463.6,6097722.0
2018-01-25 10:12:12.863246,463.4,463.4,463.6,6108922.0
2018-01-25 10:12:13.836959,463.4,463.4,463.6,6109922.0
2018-01-25 10:12:14.949021,463.4,463.2,463.4,6109922.0
2018-01-25 10:12:16.026029,463.4,463.2,463.4,6109922.0
2018-01-25 10:12:17.493117,463.2,463.2,463.4,6112222.0
2018-01-25 10:12:18.486189,463.2,463.2,463.4,6112222.0
2018-01-25 10:12:19.920536,463.2,463.2,463.4,6112222.0
2018-01-25 10:12:21.090984,463.2,463.2,463.4,6115722.0
2018-01-25 10:12:22.451787,463.2,463.0,463.4,6122122.0
2018-01-25 10:12:23.809774,463.2,463.0,463.4,6122122.0
2018-01-25 10:12:25.190855,463.2,463.0,463.4,6128822.0
2018-01-25 10:12:26.463662,463.2,463.0,463.4,6122122.0
2018-01-25 10:12:27.761437,463.2,463.0,463.4,6122122.0
2018-01-25 10:12:28.982614,463.0,463.0,463.2,6147522.0
2018-01-25 10:12:30.003159,463.0,463.0,463.2,6149922.0
2018-01-25 10:12:31.050061,463.0,463.0,463.2,6154722.0
2018-01-25 10:12:32.399082,463.0,463.0,463.2,6167922.0
2018-01-25 10:12:33.496248,463.0,463.0,463.2,6176522.0
2018-01-25 10:12:34.485207,463.0,463.0,463.2,6172422.0
2018-01-25 10:12:35.792345,463.0,463.0,463.2,6172422.0
2018-01-25 10:12:36.992056,463.0,463.0,463.2,6202022.0
2018-01-25 10:12:38.204518,463.2,463.0,463.2,6200222.0
2018-01-25 10:12:39.347192,463.2,463.0,463.4,6202722.0
2018-01-25 10:12:40.705968,463.2,463.0,463.2,6202722.0
2018-01-25 10:12:41.643679,463.2,463.0,463.4,6202722.0
2018-01-25 10:12:42.991631,463.0,463.0,463.4,6203522.0
2018-01-25 10:12:43.953361,463.0,463.0,463.4,6203522.0
2018-01-25 10:12:45.139204,463.0,463.0,463.4,6203522.0
2018-01-25 10:12:46.400900,463.0,463.0,463.2,6204022.0
2018-01-25 10:12:48.133369,463.0,463.0,463.2,6204022.0
2018-01-25 10:12:49.980249,462.8,462.8,463.2,6236522.0
2018-01-25 10:12:51.030875,462.8,462.8,463.2,6236522.0
2018-01-25 10:12:52.551830,462.8,462.8,463.0,6236522.0
2018-01-25 10:12:54.090849,463.2,462.8,463.2,6237622.0
2018-01-25 10:12:55.318900,462.8,462.8,463.0,6237822.0
2018-01-25 10:12:56.275342,462.8,462.8,463.0,6237822.0
2018-01-25 10:12:57.511725,463.2,462.8,463.0,6237622.0
2018-01-25 10:12:59.380885,463.0,462.8,463.0,6256622.0
2018-01-25 10:13:00.582631,463.2,462.8,463.2,6260722.0
2018-01-25 10:13:01.776576,463.0,462.8,463.2,6260922.0
2018-01-25 10:13:03.268771,463.2,462.8,463.0,6260722.0
2018-01-25 10:13:04.529122,463.2,462.8,463.2,6260722.0
2018-01-25 10:13:05.478185,463.2,462.8,463.2,6260722.0
2018-01-25 10:13:06.689648,463.4,462.8,463.6,6279222.0
2018-01-25 10:13:08.371248,463.4,462.8,463.6,6268422.0
2018-01-25 10:13:10.220612,463.4,462.8,463.6,6279222.0
2018-01-25 10:13:11.264182,463.4,462.8,463.6,6282522.0
2018-01-25 10:13:13.324495,463.4,463.4,463.6,6279222.0
2018-01-25 10:13:14.337484,463.4,463.4,463.6,6282522.0
2018-01-25 10:13:15.600342,463.4,463.4,463.6,6282522.0
2018-01-25 10:13:16.997961,463.4,463.2,463.4,6282522.0
2018-01-25 10:13:18.583442,463.4,463.2,463.4,6282522.0
2018-01-25 10:13:19.903412,463.0,463.2,463.4,6286422.0
2018-01-25 10:13:21.095665,463.4,463.2,463.4,6293322.0
2018-01-25 10:13:22.761512,463.4,463.0,463.4,6293322.0
2018-01-25 10:13:24.096373,463.0,463.0,463.4,6286422.0
2018-01-25 10:13:25.431889,463.0,463.2,463.4,6286422.0
2018-01-25 10:13:26.633220,463.0,463.0,463.4,6286422.0
2018-01-25 10:13:27.881070,463.0,463.0,463.4,6286422.0
2018-01-25 10:13:29.919992,463.2,463.0,463.4,6294822.0
2018-01-25 10:13:31.635181,463.2,463.2,463.4,6294822.0
2018-01-25 10:13:32.776085,463.0,463.2,463.4,6298922.0
2018-01-25 10:13:34.471705,463.0,463.2,463.4,6298922.0
2018-01-25 10:13:35.571908,463.0,463.2,463.4,6298922.0
2018-01-25 10:13:36.987422,463.0,463.2,463.4,6301022.0
2018-01-25 10:13:38.305273,463.0,463.2,463.4,6298922.0
2018-01-25 10:13:40.069777,463.0,463.0,463.4,6301022.0
2018-01-25 10:13:41.681144,463.0,463.0,463.4,6301022.0
2018-01-25 10:13:42.940476,463.0,463.0,463.4,6301022.0
2018-01-25 10:13:44.325577,463.0,463.0,463.2,6301022.0
2018-01-25 10:13:45.845273,463.0,463.0,463.2,6302022.0
2018-01-25 10:13:47.633475,463.0,463.0,463.2,6302522.0
2018-01-25 10:13:48.973852,463.0,463.0,463.2,6302522.0
2018-01-25 10:13:50.599393,463.0,463.0,463.2,6302522.0
2018-01-25 10:13:52.232142,463.0,463.0,463.2,6305322.0
2018-01-25 10:13:53.668741,463.0,463.0,463.2,6305322.0
2018-01-25 10:13:55.149295,463.0,463.0,463.2,6306522.0
2018-01-25 10:13:56.944993,463.2,463.0,463.2,6313122.0
2018-01-25 10:13:58.526704,463.2,463.0,463.2,6319822.0
2018-01-25 10:14:00.125578,463.2,463.2,463.4,6319822.0
2018-01-25 10:14:01.397281,463.2,463.2,463.6,6319822.0
2018-01-25 10:14:02.696559,463.2,463.2,463.6,6319822.0
2018-01-25 10:14:03.865937,463.2,463.2,463.6,6321922.0
2018-01-25 10:14:05.063558,463.2,463.2,463.6,6321922.0
2018-01-25 10:14:06.458886,463.2,463.2,463.6,6322922.0
2018-01-25 10:14:07.734682,463.2,463.2,463.6,6321922.0
2018-01-25 10:14:09.021508,463.2,463.2,463.6,6322922.0
2018-01-25 10:14:10.415844,463.2,463.2,463.4,6321922.0
2018-01-25 10:14:11.750215,463.2,463.2,463.4,6323322.0
2018-01-25 10:14:13.184422,463.4,463.2,463.4,6325522.0
2018-01-25 10:14:14.382134,463.4,463.2,463.4,6325522.0
2018-01-25 10:14:15.725421,463.4,463.2,463.4,6325522.0
2018-01-25 10:14:17.230611,463.4,463.2,463.6,6327222.0
2018-01-25 10:14:18.840371,463.0,463.4,463.8,6337622.0
2018-01-25 10:14:20.105678,463.0,463.4,463.8,6337122.0
2018-01-25 10:14:21.448106,463.0,463.4,463.8,6337622.0
2018-01-25 10:14:22.620688,463.0,463.4,463.8,6337122.0
2018-01-25 10:14:23.887926,463.0,463.4,463.8,6337622.0
2018-01-25 10:14:25.196307,463.6,463.2,463.6,6340822.0
2018-01-25 10:14:26.842936,463.6,463.2,463.6,6340822.0
2018-01-25 10:14:28.193643,463.8,463.4,463.8,6343022.0
2018-01-25 10:14:29.382732,463.8,463.4,463.8,6343022.0
2018-01-25 10:14:30.688040,463.8,463.4,463.8,6343322.0
2018-01-25 10:14:32.598286,463.8,463.4,463.8,6343322.0
2018-01-25 10:14:34.309522,464.0,463.4,463.8,6346222.0
2018-01-25 10:14:35.853881,463.2,463.2,464.0,6372522.0
2018-01-25 10:14:37.336680,463.2,463.2,464.0,6372522.0
2018-01-25 10:14:38.647624,463.2,463.2,464.0,6372522.0
2018-01-25 10:14:40.084956,463.2,463.0,464.0,6372522.0
2018-01-25 10:14:41.582276,463.2,463.2,464.0,6372522.0
2018-01-25 10:14:42.821012,463.4,463.4,463.8,6372722.0
2018-01-25 10:14:44.855214,463.4,463.4,463.8,6372722.0
2018-01-25 10:14:46.437037,463.4,463.4,463.8,6373222.0
2018-01-25 10:14:47.973273,463.4,463.2,463.8,6376222.0
2018-01-25 10:14:49.649279,463.4,463.4,463.8,6376322.0
2018-01-25 10:14:51.304460,463.4,463.4,463.6,6376322.0
2018-01-25 10:14:52.705925,463.4,463.4,463.6,6376322.0
2018-01-25 10:14:53.874890,463.4,463.4,463.6,6376322.0
2018-01-25 10:14:55.143109,463.4,463.4,463.8,6376322.0
2018-01-25 10:14:57.160129,463.4,463.4,463.8,6376322.0
2018-01-25 10:14:58.487649,463.4,463.4,463.6,6376322.0
2018-01-25 10:14:59.700257,463.4,463.4,463.6,6376222.0
2018-01-25 10:15:00.516307,463.4,463.4,463.8,6376222.0
2018-01-25 10:15:01.882434,463.4,463.4,463.8,6376322.0
2018-01-25 10:15:03.088717,463.4,463.2,463.4,6376322.0
2018-01-25 10:15:04.283772,463.4,463.4,463.6,6376322.0
2018-01-25 10:15:05.523609,463.2,463.2,463.4,6383122.0
2018-01-25 10:15:06.438299,463.2,463.2,463.4,6383122.0
2018-01-25 10:15:07.717950,463.2,463.2,463.4,6383122.0
2018-01-25 10:15:08.619234,463.2,463.2,463.4,6383122.0
2018-01-25 10:15:09.515354,463.2,463.2,463.4,6383122.0
2018-01-25 10:15:10.419025,463.2,463.2,463.4,6384322.0
2018-01-25 10:15:11.654606,463.2,463.2,463.4,6383122.0
2018-01-25 10:15:12.593658,463.2,463.2,463.4,6386522.0
2018-01-25 10:15:13.528182,463.2,463.2,463.4,6386522.0
2018-01-25 10:15:14.412851,463.2,463.2,463.4,6386522.0
2018-01-25 10:15:15.443042,463.2,463.2,463.4,6386422.0
2018-01-25 10:15:16.575881,463.2,463.2,463.4,6386422.0
2018-01-25 10:15:17.547201,463.2,463.2,463.4,6386522.0
2018-01-25 10:15:18.788182,463.0,463.0,463.2,6389022.0
2018-01-25 10:15:19.964605,463.0,463.0,463.2,6389022.0
2018-01-25 10:15:20.876835,463.0,463.0,463.2,6389022.0
2018-01-25 10:15:22.163843,463.0,463.0,463.2,6389522.0
2018-01-25 10:15:23.365144,463.0,463.0,463.2,6389022.0
2018-01-25 10:15:24.660094,463.0,463.0,463.2,6389522.0
2018-01-25 10:15:25.788641,463.0,463.0,463.2,6389022.0
2018-01-25 10:15:27.002278,463.0,463.0,463.2,6394622.0
2018-01-25 10:15:27.929097,463.0,463.0,463.2,6394622.0
2018-01-25 10:15:28.852579,463.0,463.0,463.2,6394622.0
2018-01-25 10:15:29.790663,463.0,463.0,463.2,6397322.0
2018-01-25 10:15:31.008494,463.0,462.8,463.0,6416022.0
2018-01-25 10:15:31.934402,463.0,462.8,463.0,6416022.0
2018-01-25 10:15:32.910286,463.0,462.8,463.0,6416222.0
2018-01-25 10:15:34.066398,463.0,462.8,463.0,6421322.0
2018-01-25 10:15:34.994170,463.0,462.8,463.0,6421322.0
2018-01-25 10:15:36.295506,463.0,462.8,463.0,6421322.0
2018-01-25 10:15:37.477871,463.0,462.8,463.0,6421322.0
2018-01-25 10:15:38.686551,463.0,462.8,463.0,6425022.0
2018-01-25 10:15:39.924034,463.0,462.8,463.0,6425022.0
2018-01-25 10:15:40.836694,463.0,462.8,463.0,6425022.0
2018-01-25 10:15:41.747390,463.0,462.8,463.0,6421322.0
2018-01-25 10:15:42.671276,463.0,462.8,463.0,6421322.0
2018-01-25 10:15:43.718822,463.0,462.8,463.0,6421322.0
2018-01-25 10:15:44.886593,463.0,463.0,463.2,6426022.0
2018-01-25 10:15:45.763854,463.0,463.0,463.2,6426022.0
2018-01-25 10:15:46.949216,463.0,463.0,463.2,6426022.0
2018-01-25 10:15:48.213360,463.0,463.0,463.2,6426022.0
2018-01-25 10:15:49.149315,463.0,463.0,463.2,6428422.0
2018-01-25 10:15:50.187769,463.0,463.0,463.2,6430622.0
2018-01-25 10:15:51.210309,463.0,462.8,463.2,6428422.0
2018-01-25 10:15:52.172087,463.0,463.0,463.2,6428422.0
2018-01-25 10:15:53.214338,463.0,462.8,463.2,6428422.0
2018-01-25 10:15:54.196003,463.0,463.0,463.2,6430622.0
2018-01-25 10:15:54.973134,463.0,463.0,463.2,6428422.0
2018-01-25 10:15:55.786912,463.0,462.8,463.2,6428422.0
2018-01-25 10:15:56.747793,463.0,462.8,463.2,6428422.0
2018-01-25 10:15:57.710814,463.0,463.0,463.2,6428422.0
2018-01-25 10:15:58.954443,463.0,463.0,463.2,6428422.0
2018-01-25 10:15:59.884317,463.0,463.0,463.2,6428422.0
2018-01-25 10:16:00.814593,462.8,462.6,462.8,6440822.0
2018-01-25 10:16:01.967605,462.8,462.6,462.8,6440822.0
2018-01-25 10:16:03.294626,462.8,462.6,462.8,6440822.0
2018-01-25 10:16:04.378596,462.8,462.6,462.8,6440822.0
2018-01-25 10:16:05.502233,462.8,462.6,462.8,6440822.0
2018-01-25 10:16:06.516125,462.8,462.6,462.8,6440822.0
2018-01-25 10:16:07.378509,462.8,462.6,462.8,6440822.0
2018-01-25 10:16:08.524224,462.6,462.6,462.8,6442622.0
2018-01-25 10:16:09.712793,462.8,462.6,462.8,6442322.0
2018-01-25 10:16:10.704494,462.6,462.6,462.8,6442622.0
2018-01-25 10:16:11.545005,462.6,462.6,462.8,6442622.0
2018-01-25 10:16:12.633408,462.8,462.6,462.8,6442322.0
2018-01-25 10:16:13.744166,462.6,462.6,462.8,6442622.0
2018-01-25 10:16:14.727107,462.6,462.6,462.8,6442622.0
2018-01-25 10:16:15.753991,462.8,462.6,462.8,6442322.0
2018-01-25 10:16:16.686232,462.8,462.6,462.8,6442322.0
2018-01-25 10:16:17.565081,462.6,462.6,462.8,6442622.0
2018-01-25 10:16:18.589622,462.6,462.6,462.8,6442622.0
2018-01-25 10:16:19.489545,462.6,462.6,462.8,6442622.0
2018-01-25 10:16:20.564757,462.6,462.6,462.8,6442622.0
2018-01-25 10:16:21.763755,462.6,462.6,462.8,6444022.0
2018-01-25 10:16:22.935421,462.6,462.6,462.8,6444022.0
2018-01-25 10:16:24.159318,462.6,462.6,462.8,6452622.0
2018-01-25 10:16:25.073382,462.6,462.4,462.6,6452722.0
2018-01-25 10:16:25.980565,462.6,462.4,462.6,6452722.0
2018-01-25 10:16:27.151705,462.6,462.4,462.6,6452722.0
2018-01-25 10:16:28.456872,462.6,462.4,462.6,6452722.0
2018-01-25 10:16:29.760890,462.6,462.4,462.6,6452722.0
2018-01-25 10:16:30.861839,462.6,462.4,462.6,6455422.0
2018-01-25 10:16:31.809797,462.6,462.4,462.6,6455422.0
2018-01-25 10:16:32.838118,462.4,462.2,462.4,6464622.0
2018-01-25 10:16:33.889519,462.4,462.2,462.4,6464722.0
2018-01-25 10:16:34.944879,462.4,462.2,462.4,6464622.0
2018-01-25 10:16:35.951362,462.4,462.2,462.4,6464622.0
2018-01-25 10:16:36.990585,462.4,462.2,462.4,6464722.0
2018-01-25 10:16:37.937564,462.4,462.2,462.4,6464622.0
2018-01-25 10:16:39.048208,462.4,462.2,462.4,6464622.0
2018-01-25 10:16:40.120109,462.4,462.2,462.4,6496522.0
2018-01-25 10:16:41.492941,462.4,462.2,462.4,6496522.0
2018-01-25 10:16:42.624597,462.6,462.2,462.4,6498522.0
2018-01-25 10:16:43.481096,462.4,462.4,462.6,6496522.0
2018-01-25 10:16:44.319382,462.6,462.4,462.6,6498522.0
2018-01-25 10:16:45.168220,462.4,462.4,462.6,6499622.0
2018-01-25 10:16:45.962435,462.4,462.4,462.6,6499622.0
2018-01-25 10:16:46.783911,462.2,462.4,462.6,6555922.0
2018-01-25 10:16:47.816904,462.2,462.0,462.6,6523022.0
2018-01-25 10:16:48.721436,462.2,462.4,462.6,6555922.0
2018-01-25 10:16:49.795978,462.2,462.0,462.6,6555922.0
2018-01-25 10:16:50.816422,462.4,462.0,462.6,6579522.0
2018-01-25 10:16:52.112852,462.4,462.2,462.6,6579522.0
2018-01-25 10:16:53.298897,462.2,462.2,462.4,6595322.0
2018-01-25 10:16:54.210984,462.2,462.0,462.2,6595322.0
2018-01-25 10:16:55.303874,462.2,462.2,462.4,6595322.0
2018-01-25 10:16:56.313155,462.2,462.0,462.2,6595322.0
2018-01-25 10:16:57.453303,462.2,462.0,462.2,6595322.0
2018-01-25 10:16:58.369490,462.2,462.0,462.2,6595322.0
2018-01-25 10:16:59.540740,462.2,462.0,462.2,6595322.0
2018-01-25 10:17:00.468814,462.0,462.0,462.2,6611422.0
2018-01-25 10:17:01.482220,462.0,462.0,462.2,6611422.0
2018-01-25 10:17:02.526932,462.0,462.0,462.2,6611422.0
2018-01-25 10:17:03.712713,462.2,462.0,462.2,6616122.0
2018-01-25 10:17:04.676205,462.0,462.0,462.2,6617522.0
2018-01-25 10:17:05.514284,462.0,462.0,462.2,6617522.0
2018-01-25 10:17:06.458170,462.2,462.0,462.2,6616122.0
2018-01-25 10:17:07.305691,462.0,462.0,462.2,6617522.0
2018-01-25 10:17:08.304554,462.2,462.0,462.4,6621322.0
2018-01-25 10:17:09.421362,462.2,462.0,462.4,6621322.0
2018-01-25 10:17:10.499991,462.2,462.0,462.4,6622622.0
2018-01-25 10:17:11.346869,462.2,462.0,462.4,6622622.0
2018-01-25 10:17:12.267465,462.2,462.0,462.4,6624322.0
2018-01-25 10:17:13.232056,462.2,462.0,462.4,6624322.0
2018-01-25 10:17:14.584331,462.2,462.0,462.4,6624322.0
2018-01-25 10:17:15.395159,462.2,462.2,462.4,6633322.0
2018-01-25 10:17:16.324725,462.0,462.0,462.4,6633422.0
2018-01-25 10:17:17.394127,462.2,462.0,462.4,6633322.0
2018-01-25 10:17:18.209732,462.0,462.0,462.4,6640322.0
2018-01-25 10:17:19.131880,462.0,462.0,462.4,6640322.0
2018-01-25 10:17:20.202448,462.0,462.0,462.4,6643422.0
2018-01-25 10:17:21.219640,462.0,462.0,462.2,6644622.0
2018-01-25 10:17:22.034421,462.0,462.0,462.2,6646822.0
2018-01-25 10:17:23.163481,462.0,462.0,462.2,6655522.0
2018-01-25 10:17:24.049597,462.0,462.0,462.2,6646822.0
2018-01-25 10:17:24.965161,462.0,462.0,462.2,6656222.0
2018-01-25 10:17:26.117625,462.0,462.0,462.2,6656222.0
2018-01-25 10:17:27.307694,462.0,462.0,462.2,6656222.0
2018-01-25 10:17:28.474164,462.0,462.0,462.2,6656222.0
2018-01-25 10:17:29.493972,462.0,462.0,462.2,6656222.0
2018-01-25 10:17:30.381305,462.0,462.0,462.2,6657922.0
2018-01-25 10:17:31.336598,462.0,462.0,462.2,6657922.0
2018-01-25 10:17:32.388070,462.0,462.0,462.2,6678822.0
2018-01-25 10:17:33.465554,462.0,462.0,462.2,6678022.0
2018-01-25 10:17:34.790541,462.0,462.0,462.2,6679922.0
2018-01-25 10:17:35.800167,462.0,462.0,462.2,6680422.0
2018-01-25 10:17:36.594592,462.0,462.0,462.2,6680422.0
2018-01-25 10:17:37.680836,462.0,462.0,462.2,6680422.0
2018-01-25 10:17:38.540974,462.0,462.0,462.2,6681922.0
2018-01-25 10:17:39.870901,462.0,462.0,462.2,6681922.0
2018-01-25 10:17:40.734592,462.0,462.0,462.2,6681922.0
2018-01-25 10:17:41.628784,462.0,462.0,462.2,6680422.0
2018-01-25 10:17:42.976339,462.0,462.0,462.2,6682122.0
2018-01-25 10:17:44.094895,462.0,462.0,462.2,6681922.0
2018-01-25 10:17:45.308595,462.0,462.0,462.2,6682122.0
2018-01-25 10:17:46.368953,462.0,462.0,462.2,6700822.0
2018-01-25 10:17:47.251250,462.0,462.0,462.2,6700822.0
2018-01-25 10:17:48.329456,462.2,462.0,462.2,6706422.0
2018-01-25 10:17:49.432380,462.2,462.0,462.2,6706422.0
2018-01-25 10:17:50.510158,462.2,462.0,462.2,6706422.0
2018-01-25 10:17:51.706833,462.2,462.0,462.2,6707022.0
2018-01-25 10:17:52.764037,462.0,462.0,462.2,6719122.0
2018-01-25 10:17:53.772703,462.0,462.0,462.2,6718722.0
2018-01-25 10:17:54.879863,462.0,461.8,462.2,6763522.0
2018-01-25 10:17:55.996178,462.0,461.8,462.2,6763222.0
2018-01-25 10:17:57.097050,462.0,461.8,462.2,6763522.0
2018-01-25 10:17:58.253705,462.0,461.8,462.2,6763222.0
2018-01-25 10:17:59.187829,462.0,461.8,462.0,6763222.0
2018-01-25 10:18:00.320666,462.0,461.8,462.2,6763222.0
2018-01-25 10:18:01.229650,461.8,461.8,462.0,6767622.0
2018-01-25 10:18:02.164317,461.8,461.8,462.0,6767422.0
2018-01-25 10:18:03.062846,461.8,461.8,462.0,6775322.0
2018-01-25 10:18:04.232994,461.8,461.8,462.0,6775322.0
2018-01-25 10:18:05.079870,461.8,461.8,462.0,6777122.0
2018-01-25 10:18:06.084682,461.8,461.8,462.0,6777122.0
2018-01-25 10:18:07.029282,461.8,461.8,462.0,6779422.0
2018-01-25 10:18:08.213054,461.8,461.8,462.0,6779422.0
2018-01-25 10:18:09.225035,461.8,461.8,462.0,6781322.0
2018-01-25 10:18:10.252527,461.8,461.8,462.0,6779422.0
2018-01-25 10:18:11.168202,461.8,461.8,462.0,6782422.0
2018-01-25 10:18:12.057763,461.8,461.8,462.0,6786322.0
2018-01-25 10:18:13.019989,461.8,461.6,461.8,6786922.0
2018-01-25 10:18:14.130245,461.8,461.6,461.8,6786922.0
2018-01-25 10:18:15.397282,461.8,461.6,461.8,6786922.0
2018-01-25 10:18:16.618564,461.8,461.6,461.8,6786922.0
2018-01-25 10:18:17.455122,461.8,461.6,461.8,6786922.0
2018-01-25 10:18:18.334429,461.8,461.6,461.8,6787422.0
2018-01-25 10:18:19.270780,461.6,461.6,461.8,6790322.0
2018-01-25 10:18:20.366027,461.8,461.6,461.8,6796222.0
2018-01-25 10:18:21.900234,461.6,461.6,461.8,6804422.0
2018-01-25 10:18:23.048887,461.6,461.6,461.8,6804422.0
2018-01-25 10:18:24.098973,461.6,461.6,461.8,6804422.0
2018-01-25 10:18:25.562292,461.8,461.6,461.8,6816422.0
2018-01-25 10:18:27.206012,462.6,462.6,462.8,6870422.0
2018-01-25 10:18:28.238717,462.6,463.0,463.2,6868322.0
2018-01-25 10:18:29.411675,463.0,463.0,463.2,6874622.0
2018-01-25 10:18:30.436285,463.0,463.0,463.2,6874622.0
2018-01-25 10:18:31.684262,463.0,463.0,463.2,6874622.0
2018-01-25 10:18:32.654317,463.0,463.0,463.2,6882622.0
2018-01-25 10:18:33.582692,463.0,463.0,463.2,6888822.0
2018-01-25 10:18:34.921129,463.0,463.0,463.2,6882622.0
2018-01-25 10:18:36.162636,463.0,463.0,463.2,6906922.0
2018-01-25 10:18:37.449211,463.0,462.8,463.2,6937922.0
2018-01-25 10:18:38.685750,463.0,462.8,463.2,6937922.0
2018-01-25 10:18:40.289464,463.0,462.8,463.2,6937922.0
2018-01-25 10:18:41.487582,463.0,462.8,463.2,6937922.0
2018-01-25 10:18:42.615713,463.0,462.8,463.2,6937922.0
2018-01-25 10:18:44.115283,463.0,462.8,463.2,6937922.0
2018-01-25 10:18:45.006963,462.4,462.4,463.0,6939322.0
2018-01-25 10:18:46.701841,462.4,462.4,463.0,6939322.0
2018-01-25 10:18:47.964671,462.6,462.4,463.0,6939022.0
2018-01-25 10:18:49.059334,462.6,462.4,463.0,6939022.0
2018-01-25 10:18:50.190736,462.4,462.6,462.8,6939322.0
2018-01-25 10:18:51.284720,462.4,462.4,463.0,6939322.0
2018-01-25 10:18:52.207832,462.6,462.4,463.0,6942522.0
2018-01-25 10:18:53.130136,462.6,462.4,463.0,6942522.0
2018-01-25 10:18:54.233155,462.6,462.4,463.0,6942522.0
2018-01-25 10:18:55.770900,462.4,462.4,463.0,6939322.0
2018-01-25 10:18:56.870076,462.4,462.6,462.8,6947942.0
2018-01-25 10:18:57.970781,462.4,462.4,462.6,6947942.0
2018-01-25 10:18:59.836414,462.6,462.4,462.6,6948242.0
2018-01-25 10:19:00.873592,462.4,462.4,462.6,6947942.0
2018-01-25 10:19:02.372224,462.4,462.4,462.6,6947942.0
2018-01-25 10:19:03.637811,462.4,462.2,462.6,6947942.0
2018-01-25 10:19:04.654409,462.6,462.4,462.6,6959187.0
2018-01-25 10:19:05.747440,462.4,462.4,462.6,6958987.0
2018-01-25 10:19:06.917815,462.4,462.2,462.6,6962387.0
2018-01-25 10:19:08.278167,462.4,462.2,462.6,6962387.0
2018-01-25 10:19:10.176723,462.4,462.2,462.6,6961587.0
2018-01-25 10:19:11.234928,462.6,462.4,462.8,6974987.0
2018-01-25 10:19:12.271872,462.6,462.4,462.8,6974987.0
2018-01-25 10:19:13.462410,462.6,462.4,462.8,6974987.0
2018-01-25 10:19:14.512077,462.6,462.4,462.8,6974987.0
2018-01-25 10:19:15.819646,462.8,462.8,463.0,6977187.0
2018-01-25 10:19:17.308283,463.4,463.0,463.4,7009187.0
2018-01-25 10:19:18.444598,463.0,463.0,463.6,7012387.0
2018-01-25 10:19:19.636355,463.0,463.0,463.6,7012387.0
2018-01-25 10:19:20.579522,463.0,463.0,463.6,7012387.0
2018-01-25 10:19:21.747344,463.0,463.0,463.6,7012387.0
2018-01-25 10:19:23.189882,463.6,463.0,463.8,7029187.0
2018-01-25 10:19:24.222688,463.6,463.0,463.8,7028787.0
2018-01-25 10:19:25.977647,463.6,463.0,463.8,7029187.0
2018-01-25 10:19:27.676702,463.6,463.6,463.8,7035687.0
2018-01-25 10:19:29.674625,463.4,463.2,463.4,7041787.0
2018-01-25 10:19:30.972848,463.4,463.2,463.4,7041787.0
2018-01-25 10:19:32.491496,463.4,463.2,463.4,7041787.0
2018-01-25 10:19:33.764895,463.4,463.2,463.4,7041787.0
2018-01-25 10:19:34.995528,463.0,463.0,463.6,7049640.0
2018-01-25 10:19:36.300582,463.0,463.0,463.4,7049040.0
2018-01-25 10:19:37.855010,463.0,463.0,463.4,7058540.0
2018-01-25 10:19:38.795151,463.0,463.2,463.6,7058540.0
2018-01-25 10:19:40.250742,463.4,463.2,463.6,7059940.0
2018-01-25 10:19:41.293112,463.4,463.2,463.6,7059940.0
2018-01-25 10:19:42.580514,463.4,463.2,463.6,7059940.0
2018-01-25 10:19:44.420033,463.4,463.2,463.6,7059940.0
2018-01-25 10:19:45.413588,463.2,463.2,463.6,7060640.0
2018-01-25 10:19:47.457539,463.4,463.2,463.6,7063740.0
2018-01-25 10:19:48.326184,463.4,463.2,463.6,7063740.0
2018-01-25 10:19:49.463996,463.4,463.4,463.6,7063740.0
2018-01-25 10:19:50.858723,463.6,463.4,463.6,7069540.0
2018-01-25 10:19:52.046374,463.6,463.4,463.6,7067340.0
2018-01-25 10:19:53.268329,463.6,463.4,463.6,7069540.0
2018-01-25 10:19:54.634535,463.6,463.4,463.6,7069540.0
2018-01-25 10:19:55.756707,463.6,463.4,463.6,7067340.0
2018-01-25 10:19:57.330880,463.4,463.2,463.8,7076140.0
2018-01-25 10:19:58.406612,463.4,463.2,463.8,7074540.0
2018-01-25 10:19:59.800880,463.4,463.2,463.8,7074540.0
2018-01-25 10:20:01.011950,463.2,463.2,463.6,7083340.0
2018-01-25 10:20:02.370876,463.6,463.2,463.6,7084940.0
2018-01-25 10:20:03.665230,463.6,463.2,463.6,7084940.0
2018-01-25 10:20:05.553701,463.6,463.2,463.6,7084940.0
2018-01-25 10:20:06.616920,463.6,463.2,463.6,7084940.0
2018-01-25 10:20:08.042467,463.6,463.2,463.6,7084940.0
2018-01-25 10:20:09.378174,463.6,463.2,463.6,7084940.0
2018-01-25 10:20:10.297185,463.6,463.2,463.6,7084940.0
2018-01-25 10:20:11.828467,463.6,463.2,463.6,7084940.0
2018-01-25 10:20:13.332653,463.2,463.2,463.4,7087940.0
2018-01-25 10:20:14.674580,463.2,463.2,463.4,7088240.0
2018-01-25 10:20:16.202623,463.2,463.2,463.4,7087940.0
2018-01-25 10:20:17.916577,463.2,463.2,463.4,7088240.0
2018-01-25 10:20:19.003691,462.6,462.8,463.2,7107140.0
2018-01-25 10:20:20.066948,462.4,462.8,463.2,7116540.0
2018-01-25 10:20:21.257389,462.8,462.6,462.8,7116840.0
2018-01-25 10:20:22.801031,462.8,462.8,463.2,7116840.0
2018-01-25 10:20:24.237274,462.8,462.6,462.8,7116840.0
2018-01-25 10:20:25.174445,462.8,462.6,462.8,7116840.0
2018-01-25 10:20:26.388106,462.4,462.4,462.8,7117240.0
2018-01-25 10:20:27.550667,462.4,462.4,462.8,7117240.0
2018-01-25 10:20:28.954387,462.8,462.4,462.8,7116840.0
2018-01-25 10:20:30.172693,462.8,462.6,462.8,7116840.0
2018-01-25 10:20:32.033753,462.6,462.4,462.8,7117840.0
2018-01-25 10:20:33.362295,462.6,462.6,462.8,7118840.0
2018-01-25 10:20:34.498859,463.2,462.8,463.2,7127440.0
2018-01-25 10:20:35.666912,463.2,462.8,463.2,7127240.0
2018-01-25 10:20:37.028459,463.2,462.8,463.2,7127240.0
2018-01-25 10:20:38.135444,463.2,462.8,463.4,7134940.0
2018-01-25 10:20:39.509368,463.2,462.8,463.4,7134940.0
2018-01-25 10:20:40.900379,463.2,463.2,463.4,7134840.0
2018-01-25 10:20:41.970428,463.2,462.8,463.4,7134840.0
2018-01-25 10:20:43.680725,463.2,462.8,463.4,7134840.0
2018-01-25 10:20:45.057329,463.2,462.8,463.4,7134940.0
2018-01-25 10:20:46.324277,463.2,462.8,463.2,7136040.0
2018-01-25 10:20:47.501381,463.2,462.8,463.2,7136040.0
2018-01-25 10:20:48.689269,463.2,462.8,463.4,7136100.0
2018-01-25 10:20:49.616162,463.2,462.8,463.2,7136100.0
2018-01-25 10:20:50.765415,463.2,462.8,463.0,7136100.0
2018-01-25 10:20:52.231250,463.0,462.8,463.4,7137500.0
2018-01-25 10:20:53.515500,463.0,462.8,463.0,7137500.0
2018-01-25 10:20:54.698334,462.8,462.8,463.0,7138300.0
2018-01-25 10:20:56.927327,462.8,462.8,463.2,7144900.0
2018-01-25 10:20:58.247366,462.8,462.8,463.2,7144900.0
2018-01-25 10:20:59.475724,462.8,462.8,463.2,7145700.0
2018-01-25 10:21:01.220141,462.8,462.8,463.2,7145700.0
2018-01-25 10:21:02.830447,462.8,462.8,463.0,7149500.0
2018-01-25 10:21:03.939924,462.8,462.8,463.0,7145700.0
2018-01-25 10:21:05.689934,462.8,462.8,463.0,7149900.0
2018-01-25 10:21:06.845069,463.0,462.8,463.0,7154000.0
2018-01-25 10:21:08.477346,463.0,462.8,463.0,7154000.0
2018-01-25 10:21:09.988335,462.8,462.8,463.0,7168800.0
2018-01-25 10:21:11.955496,462.8,462.8,463.2,7173100.0
2018-01-25 10:21:13.142780,462.8,462.8,463.2,7173100.0
2018-01-25 10:21:14.748456,463.0,462.8,463.2,7176275.0
2018-01-25 10:21:15.945844,462.8,462.8,463.0,7175975.0
2018-01-25 10:21:17.658401,462.8,462.8,463.0,7175975.0
2018-01-25 10:21:19.166285,462.8,462.8,463.0,7175975.0
2018-01-25 10:21:20.644243,462.8,462.8,463.0,7175975.0
2018-01-25 10:21:22.159030,462.8,462.8,463.0,7175975.0
2018-01-25 10:21:23.241218,463.0,462.8,463.0,7178275.0
2018-01-25 10:21:24.313946,463.0,462.8,463.0,7178275.0
2018-01-25 10:21:25.534149,463.0,462.8,463.0,7178275.0
2018-01-25 10:21:27.112263,462.8,462.8,463.0,7186775.0
2018-01-25 10:21:28.235670,462.8,462.8,463.0,7186775.0
2018-01-25 10:21:29.950072,462.8,462.8,463.0,7186775.0
2018-01-25 10:21:31.118027,462.8,462.8,463.0,7186775.0
2018-01-25 10:21:32.935416,462.8,462.8,463.0,7186775.0
2018-01-25 10:21:34.870654,462.6,462.4,462.6,7202575.0
2018-01-25 10:21:35.972130,462.6,462.4,462.6,7202575.0
2018-01-25 10:21:37.125756,462.6,462.4,462.6,7202475.0
2018-01-25 10:21:38.549198,462.6,462.4,462.6,7202575.0
2018-01-25 10:21:39.936269,462.8,462.4,462.6,7204475.0
2018-01-25 10:21:40.925293,462.6,462.6,462.8,7204675.0
2018-01-25 10:21:42.007054,462.8,462.6,462.8,7204475.0
2018-01-25 10:21:43.082825,462.6,462.6,462.8,7204675.0
2018-01-25 10:21:45.092949,462.6,462.6,462.8,7204675.0
2018-01-25 10:21:46.158674,462.6,462.6,462.8,7204675.0
2018-01-25 10:21:47.318028,462.6,462.6,462.8,7204675.0
2018-01-25 10:21:48.345907,462.6,462.6,462.8,7204675.0
2018-01-25 10:21:49.555384,462.6,462.6,462.8,7208875.0
2018-01-25 10:21:50.752981,462.6,462.6,462.8,7208875.0
2018-01-25 10:21:51.808065,462.6,462.6,462.8,7208875.0
2018-01-25 10:21:53.260081,462.6,462.6,462.8,7208875.0
2018-01-25 10:21:54.479194,462.6,462.6,462.8,7208875.0
2018-01-25 10:21:55.872788,462.6,462.6,462.8,7210575.0
2018-01-25 10:21:56.891704,462.6,462.6,462.8,7210575.0
2018-01-25 10:21:58.072656,462.6,462.6,462.8,7210575.0
2018-01-25 10:21:59.245718,462.6,462.6,462.8,7210575.0
2018-01-25 10:22:00.533713,462.6,462.6,462.8,7210575.0
2018-01-25 10:22:01.655001,462.6,462.6,462.8,7210575.0
2018-01-25 10:22:03.005949,462.6,462.6,462.8,7212975.0
2018-01-25 10:22:04.295026,462.6,462.6,462.8,7212975.0
2018-01-25 10:22:05.604900,462.6,462.6,462.8,7212975.0
2018-01-25 10:22:07.238610,462.6,462.6,462.8,7212975.0
2018-01-25 10:22:08.569396,462.6,462.6,462.8,7214975.0
2018-01-25 10:22:09.992298,462.6,462.6,462.8,7212975.0
2018-01-25 10:22:11.199641,462.4,462.4,462.6,7225975.0
2018-01-25 10:22:12.281962,462.4,462.4,462.6,7225975.0
2018-01-25 10:22:13.794595,462.6,462.4,462.6,7226275.0
2018-01-25 10:22:15.234634,462.4,462.4,462.6,7230075.0
2018-01-25 10:22:16.249593,462.4,462.4,462.6,7230075.0
2018-01-25 10:22:17.502499,462.4,462.4,462.6,7230075.0
2018-01-25 10:22:18.701861,462.6,462.4,462.6,7237175.0
2018-01-25 10:22:19.738341,462.6,462.4,462.6,7237175.0
2018-01-25 10:22:21.645009,462.6,462.4,462.6,7237175.0
2018-01-25 10:22:22.738314,462.6,462.4,462.8,7241975.0
2018-01-25 10:22:24.464025,462.6,462.6,462.8,7242475.0
2018-01-25 10:22:26.287936,462.6,462.4,462.8,7241975.0
2018-01-25 10:22:27.733579,462.6,462.4,462.8,7241975.0
2018-01-25 10:22:28.990671,462.6,462.6,462.8,7245675.0
2018-01-25 10:22:30.904160,462.6,462.4,462.8,7245675.0
2018-01-25 10:22:32.120082,462.6,462.4,462.8,7245675.0
2018-01-25 10:22:33.344037,462.6,462.6,462.8,7246975.0
2018-01-25 10:22:35.169513,462.6,462.6,462.8,7246975.0
2018-01-25 10:22:36.219502,462.6,462.6,462.8,7246975.0
2018-01-25 10:22:37.670268,462.6,462.6,462.8,7246975.0
2018-01-25 10:22:38.700672,462.6,462.6,462.8,7246975.0
2018-01-25 10:22:39.935008,462.6,462.6,462.8,7249275.0
2018-01-25 10:22:41.142823,462.8,462.6,462.8,7249675.0
2018-01-25 10:22:43.184148,462.8,462.6,462.8,7249675.0
2018-01-25 10:22:45.020723,463.0,462.8,463.2,7284775.0
2018-01-25 10:22:46.113947,463.2,463.0,463.2,7293575.0
2018-01-25 10:22:48.066845,463.2,463.0,463.2,7293575.0
2018-01-25 10:22:49.805138,463.2,463.0,463.2,7293575.0
2018-01-25 10:22:50.988400,463.2,463.0,463.4,7296075.0
2018-01-25 10:22:51.948112,463.2,463.0,463.4,7296075.0
2018-01-25 10:22:53.080954,463.0,463.0,463.4,7296175.0
2018-01-25 10:22:54.818259,463.2,463.0,463.4,7296075.0
2018-01-25 10:22:56.130074,463.0,463.0,463.4,7296175.0
2018-01-25 10:22:57.914329,463.2,463.0,463.2,7298575.0
2018-01-25 10:22:59.479909,463.2,463.0,463.2,7298575.0
2018-01-25 10:23:00.713464,463.2,463.0,463.2,7298575.0
2018-01-25 10:23:02.254755,463.2,463.0,463.2,7300675.0
2018-01-25 10:23:03.576562,463.2,463.0,463.2,7300675.0
2018-01-25 10:23:04.530460,463.2,463.0,463.2,7300475.0
2018-01-25 10:23:05.872711,463.2,463.0,463.2,7300675.0
2018-01-25 10:23:06.984358,463.2,463.0,463.2,7300675.0
2018-01-25 10:23:08.033506,463.0,463.0,463.2,7304975.0
2018-01-25 10:23:09.231518,463.0,463.0,463.2,7303375.0
2018-01-25 10:23:10.239217,463.0,463.0,463.2,7303375.0
2018-01-25 10:23:12.164955,463.0,463.0,463.2,7303375.0
2018-01-25 10:23:13.557646,462.8,462.6,462.8,7311875.0
2018-01-25 10:23:14.916271,462.8,462.6,462.8,7311875.0
2018-01-25 10:23:16.191082,462.8,462.6,462.8,7311875.0
2018-01-25 10:23:17.383698,462.8,462.6,462.8,7311875.0
2018-01-25 10:23:19.025952,462.8,462.6,462.8,7309775.0
2018-01-25 10:23:20.083710,462.6,462.6,462.8,7312675.0
2018-01-25 10:23:21.543995,462.8,462.6,462.8,7311875.0
2018-01-25 10:23:22.732992,462.8,462.6,462.8,7311875.0
2018-01-25 10:23:23.969840,462.8,462.6,463.0,7311875.0
2018-01-25 10:23:25.335295,462.6,462.6,463.0,7312675.0
2018-01-25 10:23:26.462274,462.8,462.6,462.8,7311875.0
2018-01-25 10:23:27.555076,462.6,462.6,463.0,7312675.0
2018-01-25 10:23:28.522347,462.6,462.6,463.0,7312675.0
2018-01-25 10:23:29.673946,462.8,462.6,463.0,7311875.0
2018-01-25 10:23:30.705066,462.6,462.6,462.8,7312675.0
2018-01-25 10:23:32.079191,462.6,462.6,462.8,7312675.0
2018-01-25 10:23:33.177446,462.6,462.6,463.0,7314575.0
2018-01-25 10:23:34.479299,462.6,462.6,463.0,7312675.0
2018-01-25 10:23:35.470254,462.6,462.6,463.0,7315679.0
2018-01-25 10:23:36.842740,462.6,462.6,463.0,7314575.0
2018-01-25 10:23:38.012052,462.6,462.6,463.0,7315679.0
2018-01-25 10:23:39.017726,462.8,462.8,463.0,7316179.0
2018-01-25 10:23:40.386159,462.6,462.6,463.0,7315679.0
2018-01-25 10:23:41.389562,462.8,462.8,463.0,7316179.0
2018-01-25 10:23:42.464646,462.8,462.8,463.0,7316179.0
2018-01-25 10:23:43.714094,462.8,462.8,463.0,7316379.0
2018-01-25 10:23:44.915740,462.8,462.8,463.0,7316179.0
2018-01-25 10:23:46.111854,462.8,462.8,463.0,7316179.0
2018-01-25 10:23:47.200520,462.8,462.8,463.0,7318879.0
2018-01-25 10:23:48.144396,462.8,462.8,463.0,7318879.0
2018-01-25 10:23:49.335962,462.8,462.8,463.0,7318879.0
2018-01-25 10:23:51.357713,462.8,462.8,463.0,7318879.0
2018-01-25 10:23:52.378177,462.8,462.6,462.8,7577979.0
2018-01-25 10:23:53.327022,462.8,462.6,462.8,7577979.0
2018-01-25 10:23:54.697147,462.6,462.6,462.8,7578079.0
2018-01-25 10:23:55.917444,462.8,462.6,462.8,7577979.0
2018-01-25 10:23:57.054051,462.8,462.6,462.8,7577979.0
2018-01-25 10:23:58.205849,462.8,462.6,462.8,7577979.0
2018-01-25 10:23:59.138790,462.8,462.6,462.8,7577979.0
2018-01-25 10:24:00.390595,462.8,462.6,462.8,7577979.0
2018-01-25 10:24:01.769336,462.4,462.4,462.6,7581379.0
2018-01-25 10:24:02.992621,462.6,462.4,462.6,7581179.0
2018-01-25 10:24:04.113443,462.4,462.4,462.6,7581379.0
2018-01-25 10:24:05.376484,462.4,462.4,462.6,7581379.0
2018-01-25 10:24:06.531125,462.4,462.2,462.4,7588479.0
2018-01-25 10:24:07.878742,462.4,462.2,462.4,7588679.0
2018-01-25 10:24:09.238441,462.4,462.2,462.4,7588679.0
2018-01-25 10:24:10.467555,462.4,462.2,462.4,7588679.0
2018-01-25 10:24:11.588534,462.2,462.2,462.4,7592179.0
2018-01-25 10:24:13.664561,462.2,462.0,462.4,7592179.0
2018-01-25 10:24:15.101544,462.2,462.0,462.4,7596379.0
2018-01-25 10:24:16.643801,462.2,462.0,462.4,7596379.0
2018-01-25 10:24:18.126622,462.2,462.0,462.4,7596379.0
2018-01-25 10:24:19.929290,462.0,462.0,462.2,7615479.0
2018-01-25 10:24:21.557360,462.0,462.0,462.2,7615379.0
2018-01-25 10:24:22.937371,462.0,462.0,462.2,7615379.0
2018-01-25 10:24:25.718145,462.2,462.0,462.2,7618779.0
2018-01-25 10:24:28.325571,462.2,462.0,462.2,7618779.0
2018-01-25 10:24:32.431438,462.0,462.0,462.2,7628479.0
2018-01-25 10:24:35.175377,461.4,461.4,461.8,7652299.0
2018-01-25 10:24:38.164260,461.6,461.6,461.8,7653824.0
2018-01-25 10:24:41.646234,461.4,461.4,461.8,7658124.0
2018-01-25 10:24:44.410279,461.4,461.4,461.8,7665624.0
2018-01-25 10:24:47.045756,461.8,461.6,461.8,7695124.0
2018-01-25 10:24:49.832710,461.6,461.6,462.0,7699424.0
2018-01-25 10:24:52.342875,462.0,461.8,462.0,7710724.0
2018-01-25 10:24:54.899734,462.0,462.0,462.2,7713424.0
2018-01-25 10:24:57.528536,462.0,462.0,462.2,7713424.0
2018-01-25 10:25:00.097737,462.2,462.2,462.4,7719324.0
2018-01-25 10:25:02.681765,462.2,462.2,462.4,7719324.0
2018-01-25 10:25:08.160120,462.0,461.8,462.0,7729824.0
2018-01-25 10:25:11.162899,462.0,461.8,462.0,7729824.0
2018-01-25 10:25:13.842152,462.0,461.8,462.0,7729824.0
2018-01-25 10:25:16.658526,462.0,462.0,462.4,7729824.0
2018-01-25 10:25:18.922240,462.0,462.0,462.4,7733224.0
2018-01-25 10:25:20.598877,462.2,462.0,462.2,7730124.0
2018-01-25 10:25:21.672031,462.0,462.0,462.2,7735824.0
2018-01-25 10:25:22.744628,462.0,462.0,462.2,7735924.0
2018-01-25 10:25:23.928790,462.0,462.0,462.2,7735924.0
2018-01-25 10:25:25.157626,462.0,462.0,462.2,7735924.0
2018-01-25 10:25:26.655743,462.0,462.0,462.2,7735824.0
2018-01-25 10:25:27.601711,462.0,462.0,462.2,7748024.0
2018-01-25 10:25:29.256823,462.0,462.0,462.2,7747824.0
2018-01-25 10:25:31.234401,462.0,462.0,462.2,7748024.0
2018-01-25 10:25:32.559914,462.0,461.8,462.0,7752324.0
2018-01-25 10:25:33.475934,462.0,461.8,462.0,7754124.0
2018-01-25 10:25:34.736551,462.0,461.8,462.0,7752324.0
2018-01-25 10:25:35.956422,462.0,461.8,462.0,7752324.0
2018-01-25 10:25:37.245914,462.0,461.8,462.0,7752324.0
2018-01-25 10:25:38.400144,462.0,461.8,462.0,7754124.0
2018-01-25 10:25:39.358406,462.0,461.8,462.0,7752324.0
2018-01-25 10:25:40.374183,462.0,461.8,462.0,7752324.0
2018-01-25 10:25:41.929741,462.0,461.8,462.0,7754124.0
2018-01-25 10:25:43.462638,462.0,462.0,462.2,7756224.0
2018-01-25 10:25:44.716750,462.0,461.8,462.0,7754124.0
2018-01-25 10:25:45.902005,462.0,462.0,462.2,7754124.0
2018-01-25 10:25:47.021369,462.0,462.0,462.2,7756224.0
2018-01-25 10:25:48.936091,462.0,462.0,462.2,7757124.0
2018-01-25 10:25:50.091626,462.0,462.0,462.2,7757124.0
2018-01-25 10:25:51.338400,462.0,462.0,462.2,7759524.0
2018-01-25 10:25:52.355815,461.8,462.0,462.2,7761324.0
2018-01-25 10:25:53.921116,462.0,462.0,462.2,7759524.0
2018-01-25 10:25:55.211874,461.8,461.8,462.2,7761324.0
2018-01-25 10:25:56.561238,461.8,461.8,462.2,7761424.0
2018-01-25 10:25:57.560798,461.8,461.8,462.2,7761424.0
2018-01-25 10:25:58.788394,462.2,462.0,462.2,7762824.0
2018-01-25 10:26:00.288657,462.2,462.0,462.2,7762824.0
2018-01-25 10:26:01.544031,462.0,462.0,462.2,7768024.0
2018-01-25 10:26:02.789950,462.0,462.0,462.2,7769324.0
2018-01-25 10:26:04.255238,462.2,462.2,462.4,7783224.0
2018-01-25 10:26:05.838426,462.4,462.2,462.6,7799524.0
2018-01-25 10:26:07.104091,462.4,462.2,462.6,7799524.0
2018-01-25 10:26:08.592326,462.4,462.2,462.6,7799524.0
2018-01-25 10:26:10.064375,462.4,462.2,462.6,7799524.0
2018-01-25 10:26:11.971773,462.2,462.2,462.6,7804124.0
2018-01-25 10:26:13.572050,462.2,462.2,462.6,7804124.0
2018-01-25 10:26:14.731923,462.4,462.2,462.4,7820924.0
2018-01-25 10:26:15.871061,462.4,462.2,462.4,7820924.0
2018-01-25 10:26:17.432991,462.2,462.2,462.4,7840924.0
2018-01-25 10:26:18.667490,462.2,462.2,462.4,7840924.0
2018-01-25 10:26:19.971222,462.2,462.0,462.2,7846016.0
2018-01-25 10:26:21.188341,462.2,462.0,462.2,7846016.0
2018-01-25 10:26:22.694324,462.0,462.0,462.2,7853216.0
2018-01-25 10:26:23.930003,462.0,462.0,462.2,7853216.0
2018-01-25 10:26:24.823419,462.0,462.0,462.2,7852616.0
2018-01-25 10:26:25.921191,462.0,462.0,462.2,7852616.0
2018-01-25 10:26:26.881253,462.0,462.0,462.2,7852616.0
2018-01-25 10:26:27.880558,462.0,462.0,462.2,7852616.0
2018-01-25 10:26:29.030562,462.2,462.0,462.2,7864716.0
2018-01-25 10:26:29.938195,462.2,462.0,462.2,7867716.0
2018-01-25 10:26:31.228647,462.2,462.0,462.2,7864716.0
2018-01-25 10:26:32.133859,462.2,462.0,462.2,7867716.0
2018-01-25 10:26:33.351177,462.2,462.0,462.2,7867716.0
2018-01-25 10:26:34.285339,462.2,462.0,462.2,7864716.0
2018-01-25 10:26:35.066133,462.2,461.8,462.0,7864716.0
2018-01-25 10:26:35.914894,462.0,461.8,462.0,7918816.0
2018-01-25 10:26:36.848662,462.0,461.8,462.0,7919116.0
2018-01-25 10:26:37.964633,462.0,461.8,462.0,7919116.0
2018-01-25 10:26:38.909045,462.0,461.8,462.0,7919116.0
2018-01-25 10:26:39.932142,462.0,461.8,462.0,7919116.0
2018-01-25 10:26:40.847185,461.8,461.8,462.0,7921116.0
2018-01-25 10:26:41.902775,461.8,461.8,462.0,7921116.0
2018-01-25 10:26:42.867286,461.8,461.8,462.0,7920516.0
2018-01-25 10:26:43.767234,461.8,461.8,462.0,7921116.0
2018-01-25 10:26:44.758219,461.8,461.8,462.0,7921116.0
2018-01-25 10:26:45.888195,461.8,461.8,462.0,7921116.0
2018-01-25 10:26:47.233617,461.8,461.8,462.0,7927916.0
2018-01-25 10:26:48.459710,461.8,461.8,462.0,7927916.0
2018-01-25 10:26:49.645306,461.8,461.8,462.0,7931116.0
2018-01-25 10:26:50.554569,461.8,461.8,462.0,7931116.0
2018-01-25 10:26:51.497187,461.8,461.8,462.0,7930416.0
2018-01-25 10:26:52.693246,461.8,461.8,462.0,7932716.0
2018-01-25 10:26:53.969376,461.8,461.8,462.0,7932716.0
2018-01-25 10:26:55.150968,462.4,461.8,462.2,7959916.0
2018-01-25 10:26:56.448036,462.4,462.0,462.6,7959916.0
2018-01-25 10:26:57.477394,462.4,462.0,462.6,7959916.0
2018-01-25 10:26:58.546172,462.0,462.0,462.4,7961316.0
2018-01-25 10:26:59.458359,462.4,462.0,462.4,7959916.0
2018-01-25 10:27:00.380345,462.0,462.0,462.4,7961316.0
2018-01-25 10:27:01.600546,462.4,462.0,462.4,7959916.0
2018-01-25 10:27:02.834367,462.4,462.0,462.6,7959916.0
2018-01-25 10:27:04.132171,462.0,462.0,462.6,7961316.0
2018-01-25 10:27:05.354164,462.0,461.8,462.0,7982016.0
2018-01-25 10:27:06.591357,462.0,461.8,462.0,7982016.0
2018-01-25 10:27:07.762850,462.0,461.8,462.0,7982016.0
2018-01-25 10:27:08.990940,462.0,461.8,462.0,7982016.0
2018-01-25 10:27:09.894348,462.0,461.8,462.0,7982016.0
2018-01-25 10:27:11.120188,462.0,461.8,462.0,7982016.0
2018-01-25 10:27:12.169228,461.8,461.8,462.0,8000216.0
2018-01-25 10:27:13.279568,461.8,461.8,462.2,7997016.0
2018-01-25 10:27:14.208463,461.8,461.8,462.2,7997016.0
2018-01-25 10:27:15.134548,462.2,462.0,462.4,8020816.0
2018-01-25 10:27:16.233120,462.2,462.0,462.4,8020816.0
2018-01-25 10:27:17.318578,462.2,462.0,462.4,8020816.0
2018-01-25 10:27:18.548497,462.0,462.0,462.4,8021716.0
2018-01-25 10:27:19.524913,462.2,462.0,462.4,8020816.0
2018-01-25 10:27:20.705613,462.2,462.0,462.4,8020816.0
2018-01-25 10:27:21.905634,462.0,462.0,462.2,8022616.0
2018-01-25 10:27:22.816494,462.0,462.0,462.2,8034016.0
2018-01-25 10:27:23.962669,462.0,461.8,462.0,8034016.0
2018-01-25 10:27:25.037498,462.0,461.8,462.0,8030716.0
2018-01-25 10:27:26.497866,462.0,461.8,462.0,8034016.0
2018-01-25 10:27:27.432668,462.0,462.0,462.2,8035316.0
2018-01-25 10:27:28.699759,462.0,462.0,462.2,8035316.0
2018-01-25 10:27:29.920700,462.2,462.0,462.2,8036616.0
2018-01-25 10:27:31.107080,462.2,462.0,462.2,8036616.0
2018-01-25 10:27:32.341255,462.0,462.0,462.2,8035316.0
2018-01-25 10:27:33.257653,462.0,462.0,462.4,8038716.0
2018-01-25 10:27:34.231333,462.0,462.0,462.4,8038716.0
2018-01-25 10:27:35.474748,462.0,462.0,462.4,8051716.0
2018-01-25 10:27:36.635230,462.0,462.0,462.4,8051716.0
2018-01-25 10:27:37.616368,462.0,461.8,462.4,8056616.0
2018-01-25 10:27:38.486106,462.0,461.8,462.4,8056616.0
2018-01-25 10:27:39.483038,462.0,461.8,462.4,8056616.0
2018-01-25 10:27:40.620262,462.0,461.8,462.4,8056616.0
2018-01-25 10:27:41.538430,462.0,461.8,462.0,8059416.0
2018-01-25 10:27:42.515816,462.0,461.8,462.0,8059816.0
2018-01-25 10:27:43.717353,462.0,461.8,462.0,8059416.0
2018-01-25 10:27:44.632739,462.0,461.8,462.0,8059416.0
2018-01-25 10:27:45.847473,462.0,461.8,462.0,8059816.0
2018-01-25 10:27:47.091645,462.0,461.8,462.0,8059416.0
2018-01-25 10:27:47.998080,462.0,461.8,462.0,8059416.0
2018-01-25 10:27:48.961633,462.0,461.8,462.0,8059816.0
2018-01-25 10:27:50.148015,462.0,461.8,462.0,8059816.0
2018-01-25 10:27:51.460182,462.0,461.8,462.0,8059416.0
2018-01-25 10:27:53.079927,462.0,461.8,462.0,8059816.0
2018-01-25 10:27:54.313274,462.0,461.8,462.0,8059816.0
2018-01-25 10:27:56.149553,462.0,461.8,462.0,8062816.0
2018-01-25 10:27:58.068324,461.8,461.8,462.0,8062916.0
2018-01-25 10:27:59.431427,461.8,461.8,462.0,8062916.0
2018-01-25 10:28:01.350074,461.8,461.8,462.0,8062916.0
2018-01-25 10:28:02.790525,461.8,461.8,462.0,8066426.0
2018-01-25 10:28:04.326705,461.8,461.8,462.0,8067626.0
2018-01-25 10:28:05.307165,461.8,461.8,462.0,8067626.0
2018-01-25 10:28:06.472246,461.8,461.8,462.0,8067626.0
2018-01-25 10:28:07.504520,461.8,461.8,462.0,8067626.0
2018-01-25 10:28:08.840939,461.8,461.8,462.0,8067626.0
2018-01-25 10:28:10.395572,462.0,461.8,462.0,8073126.0
2018-01-25 10:28:11.817733,461.8,461.8,462.0,8075026.0
2018-01-25 10:28:13.941212,462.2,461.8,462.2,8101326.0
2018-01-25 10:28:15.155667,462.2,461.8,462.2,8100926.0
2018-01-25 10:28:16.718928,462.2,461.8,462.2,8100926.0
2018-01-25 10:28:18.321430,462.4,462.0,462.4,8104726.0
2018-01-25 10:28:19.710468,462.0,462.0,462.4,8118126.0
2018-01-25 10:28:21.127797,462.0,462.0,462.4,8118726.0
2018-01-25 10:28:22.834692,462.0,462.0,462.6,8118726.0
2018-01-25 10:28:23.997420,462.0,462.0,462.6,8118726.0
2018-01-25 10:28:25.438100,462.0,462.0,462.6,8124126.0
2018-01-25 10:28:27.119394,462.2,462.0,462.6,8127326.0
2018-01-25 10:28:29.109737,462.4,462.2,462.4,8126626.0
2018-01-25 10:28:30.437977,462.4,462.4,462.6,8128826.0
2018-01-25 10:28:31.601356,462.4,462.2,462.6,8129726.0
2018-01-25 10:28:32.953322,462.4,462.4,462.6,8133026.0
2018-01-25 10:28:34.669956,462.4,462.4,462.6,8133826.0
2018-01-25 10:28:35.887375,462.4,462.2,462.6,8136026.0
2018-01-25 10:28:37.673818,462.4,462.4,462.6,8135126.0
2018-01-25 10:28:39.550836,462.4,462.2,462.6,8136026.0
2018-01-25 10:28:40.900274,462.2,462.4,462.6,8137526.0
2018-01-25 10:28:42.123624,462.2,462.4,462.6,8137526.0
2018-01-25 10:28:43.518912,462.6,462.4,462.6,8138126.0
2018-01-25 10:28:44.821623,462.2,462.2,462.6,8144126.0
2018-01-25 10:28:46.161478,462.2,462.2,462.6,8144126.0
2018-01-25 10:28:47.381552,462.2,462.2,462.4,8150726.0
2018-01-25 10:28:48.854033,462.2,462.2,462.4,8151326.0
2018-01-25 10:28:50.146228,462.2,462.2,462.4,8151326.0
2018-01-25 10:28:51.807076,462.2,462.2,462.4,8150726.0
2018-01-25 10:28:52.865837,462.2,462.2,462.4,8151326.0
2018-01-25 10:28:54.110126,462.2,462.2,462.4,8151326.0
2018-01-25 10:28:55.384671,462.2,462.2,462.4,8150726.0
2018-01-25 10:28:56.578756,462.2,462.2,462.4,8150726.0
2018-01-25 10:28:57.837011,462.2,462.2,462.4,8151326.0
2018-01-25 10:29:02.872126,,,,
2018-01-25 10:29:04.226410,462.4,462.4,462.6,8176326.0
2018-01-25 10:29:05.562909,462.4,462.4,462.6,8176526.0
2018-01-25 10:29:06.782843,462.6,462.4,462.6,8181926.0
2018-01-25 10:29:08.326896,462.4,462.4,462.6,8181726.0
2018-01-25 10:29:09.455203,462.6,462.4,463.0,8195026.0
2018-01-25 10:29:10.362972,462.6,462.6,463.0,8195026.0
2018-01-25 10:29:12.081788,462.4,462.4,463.0,8196626.0
2018-01-25 10:29:13.191792,462.4,462.4,463.0,8196626.0
2018-01-25 10:29:14.580775,462.6,462.4,462.6,8197526.0
2018-01-25 10:29:16.041033,462.6,462.4,462.6,8202426.0
2018-01-25 10:29:17.077967,462.6,462.6,462.8,8203326.0
2018-01-25 10:29:18.427935,462.6,462.6,462.8,8202426.0
2018-01-25 10:29:19.798153,462.6,462.4,463.0,8202426.0
2018-01-25 10:29:21.136214,462.6,462.6,463.0,8203326.0
2018-01-25 10:29:23.145948,462.6,462.6,463.0,8203826.0
2018-01-25 10:29:24.438569,462.6,462.6,463.0,8203826.0
2018-01-25 10:29:25.776081,462.6,462.6,463.0,8203826.0
2018-01-25 10:29:26.941385,463.0,462.6,463.0,8231926.0
2018-01-25 10:29:28.218597,463.0,462.6,463.0,8231926.0
2018-01-25 10:29:29.088136,463.0,462.6,463.0,8241126.0
2018-01-25 10:29:30.360075,463.0,462.6,463.0,8231926.0
2018-01-25 10:29:31.250096,462.6,462.6,463.0,8242426.0
2018-01-25 10:29:32.275730,462.6,462.6,463.0,8242426.0
2018-01-25 10:29:33.383250,462.6,462.6,463.0,8249726.0
2018-01-25 10:29:34.495788,462.6,462.4,463.0,8249726.0
2018-01-25 10:29:35.653846,462.8,462.4,463.0,8252126.0
2018-01-25 10:29:36.896001,462.8,462.4,463.0,8252126.0
2018-01-25 10:29:38.163909,462.8,462.4,463.0,8252126.0
2018-01-25 10:29:40.427235,462.8,462.4,463.0,8252126.0
2018-01-25 10:29:41.958914,462.8,462.4,463.0,8253126.0
2018-01-25 10:29:44.151958,462.8,462.8,463.0,8253126.0
2018-01-25 10:29:45.722243,463.0,462.8,463.0,8253326.0
2018-01-25 10:29:47.375156,462.8,462.6,463.0,8261026.0
2018-01-25 10:29:48.898484,462.8,462.6,463.0,8259426.0
2018-01-25 10:29:50.450940,462.8,462.6,463.0,8261026.0
2018-01-25 10:29:51.966245,462.8,462.6,463.0,8261026.0
2018-01-25 10:29:54.299236,462.6,462.6,462.8,8261526.0
2018-01-25 10:29:55.680551,462.8,462.8,463.0,8263626.0
2018-01-25 10:29:56.655381,462.8,462.8,463.0,8263626.0
2018-01-25 10:29:58.017077,462.8,462.8,463.0,8263626.0
2018-01-25 10:29:59.208076,462.8,462.8,463.0,8264726.0
2018-01-25 10:30:00.264227,462.8,462.8,463.0,8263626.0
2018-01-25 10:30:02.587915,463.0,462.8,463.0,8268726.0
2018-01-25 10:30:04.311778,463.0,462.8,463.0,8268726.0
2018-01-25 10:30:05.583480,463.0,462.8,463.0,8268726.0
2018-01-25 10:30:06.933927,463.0,462.8,463.0,8268726.0
2018-01-25 10:30:08.352171,463.0,462.8,463.0,8268726.0
2018-01-25 10:30:09.806154,462.8,462.8,463.0,8270226.0
2018-01-25 10:30:11.509070,462.8,462.8,463.0,8270226.0
2018-01-25 10:30:12.582548,462.8,462.8,463.0,8270226.0
2018-01-25 10:30:13.628770,462.8,462.8,463.0,8270226.0
2018-01-25 10:30:14.904846,462.8,462.8,463.0,8270226.0
2018-01-25 10:30:16.915157,463.0,462.8,463.0,8270326.0
2018-01-25 10:30:18.109492,462.8,462.8,463.0,8272026.0
2018-01-25 10:30:19.102238,462.8,462.8,463.0,8271526.0
2018-01-25 10:30:20.309081,462.8,462.8,463.0,8271526.0
2018-01-25 10:30:21.609105,462.8,462.8,463.0,8272826.0
2018-01-25 10:30:22.608191,462.8,462.8,463.0,8272826.0
2018-01-25 10:30:23.932286,462.8,462.8,463.0,8274726.0
2018-01-25 10:30:25.725010,462.8,462.8,463.0,8275326.0
2018-01-25 10:30:26.754487,462.8,462.8,463.0,8275326.0
2018-01-25 10:30:28.162511,462.8,462.8,463.0,8275326.0
2018-01-25 10:30:29.350043,462.8,462.8,463.0,8274726.0
2018-01-25 10:30:31.043987,463.0,462.8,463.0,8280726.0
2018-01-25 10:30:32.392637,463.0,462.8,463.0,8280726.0
2018-01-25 10:30:33.541506,463.0,462.8,463.0,8286226.0
2018-01-25 10:30:34.848232,462.8,462.8,463.0,8286626.0
2018-01-25 10:30:36.303357,463.0,462.8,463.0,8286226.0
2018-01-25 10:30:37.825419,462.8,462.8,463.0,8286626.0
2018-01-25 10:30:39.333053,463.0,462.8,463.0,8287826.0
2018-01-25 10:30:40.407707,463.0,462.8,463.0,8287826.0
2018-01-25 10:30:41.626773,463.0,462.8,463.0,8287826.0
2018-01-25 10:30:42.915259,463.0,462.8,463.0,8287826.0
2018-01-25 10:30:44.282249,463.0,462.8,463.0,8287826.0
2018-01-25 10:30:45.394646,463.0,462.8,463.0,8287826.0
2018-01-25 10:30:46.584399,463.0,462.8,463.0,8287826.0
2018-01-25 10:30:47.758594,463.0,462.8,463.0,8287826.0
2018-01-25 10:30:49.214452,463.0,462.8,463.0,8291226.0
2018-01-25 10:30:50.747163,462.8,462.8,463.0,8291426.0
2018-01-25 10:30:52.437790,463.0,462.8,463.0,8291226.0
2018-01-25 10:30:53.874018,463.0,462.8,463.0,8291226.0
2018-01-25 10:30:55.148759,463.0,462.8,463.0,8291226.0
2018-01-25 10:30:56.351514,462.8,462.8,463.0,8291426.0
2018-01-25 10:30:57.674210,462.8,462.8,463.0,8292726.0
2018-01-25 10:30:58.928680,463.0,462.8,463.0,8292426.0
2018-01-25 10:31:00.233466,463.0,462.8,463.0,8292426.0
2018-01-25 10:31:02.104715,463.0,462.8,463.0,8299626.0
2018-01-25 10:31:03.618475,463.0,463.0,463.2,8345126.0
2018-01-25 10:31:04.673172,463.0,463.0,463.2,8345126.0
2018-01-25 10:31:06.280209,463.0,463.0,463.2,8344826.0
2018-01-25 10:31:07.576595,463.0,463.0,463.2,8352626.0
2018-01-25 10:31:09.423669,463.0,463.0,463.2,8352626.0
2018-01-25 10:31:10.689216,463.0,463.0,463.2,8344826.0
2018-01-25 10:31:11.718917,463.0,463.0,463.2,8354826.0
2018-01-25 10:31:12.923697,463.0,462.8,463.0,8355926.0
2018-01-25 10:31:14.057682,463.0,462.8,463.0,8355926.0
2018-01-25 10:31:15.717631,463.0,462.8,463.0,8356826.0
2018-01-25 10:31:16.932472,463.0,462.8,463.0,8360226.0
2018-01-25 10:31:18.077083,463.0,462.8,463.0,8360226.0
2018-01-25 10:31:19.093168,463.0,462.8,463.0,8360226.0
2018-01-25 10:31:20.245685,462.8,462.8,463.0,8359326.0
2018-01-25 10:31:21.716696,463.0,462.8,463.0,8360226.0
2018-01-25 10:31:22.802924,462.8,462.8,463.0,8359326.0
2018-01-25 10:31:24.256445,463.0,462.8,463.0,8360226.0
2018-01-25 10:31:26.062993,463.0,462.8,463.0,8360226.0
2018-01-25 10:31:27.841474,463.0,462.8,463.0,8379726.0
2018-01-25 10:31:29.633085,463.2,462.8,463.2,8384426.0
2018-01-25 10:31:30.994924,463.2,462.8,463.2,8384426.0
2018-01-25 10:31:32.567250,463.2,462.8,463.2,8384426.0
2018-01-25 10:31:33.724698,463.0,462.8,463.0,8388826.0
2018-01-25 10:31:35.123410,463.2,462.8,463.2,8389226.0
2018-01-25 10:31:37.086447,463.2,462.8,463.2,8389226.0
2018-01-25 10:31:38.764720,463.0,463.0,463.2,8390726.0
2018-01-25 10:31:40.285377,463.0,463.0,463.2,8390726.0
2018-01-25 10:31:41.528992,463.0,463.0,463.2,8390726.0
2018-01-25 10:31:42.736339,463.0,463.0,463.2,8390726.0
2018-01-25 10:31:44.204778,463.0,463.0,463.2,8390726.0
2018-01-25 10:31:45.767668,463.0,463.0,463.2,8390726.0
2018-01-25 10:31:47.004186,463.0,462.8,463.0,8393226.0
2018-01-25 10:31:48.307470,463.0,462.8,463.0,8393226.0
2018-01-25 10:31:49.328417,463.0,462.8,463.0,8393226.0
2018-01-25 10:31:51.134192,463.0,462.8,463.0,8393226.0
2018-01-25 10:31:52.799799,463.0,462.8,463.0,8393226.0
2018-01-25 10:31:54.272987,463.0,462.8,463.0,8393226.0
2018-01-25 10:31:55.671207,463.0,462.8,463.0,8395626.0
2018-01-25 10:31:56.969761,463.0,462.8,463.0,8404526.0
2018-01-25 10:31:58.668011,463.0,462.8,463.0,8404526.0
2018-01-25 10:32:00.128763,463.0,463.0,463.2,8404526.0
2018-01-25 10:32:01.495148,463.0,463.0,463.2,8418926.0
2018-01-25 10:32:02.782620,463.0,463.0,463.2,8418426.0
2018-01-25 10:32:03.873512,463.0,463.0,463.2,8418926.0
2018-01-25 10:32:05.580800,463.0,463.0,463.2,8418926.0
2018-01-25 10:32:06.890879,463.0,462.8,463.0,8430026.0
2018-01-25 10:32:08.550944,463.0,462.8,463.0,8430026.0
2018-01-25 10:32:09.835275,463.0,462.8,463.2,8430026.0
2018-01-25 10:32:11.565606,463.0,462.8,463.0,8448526.0
2018-01-25 10:32:13.035851,463.2,462.8,463.2,8448526.0
2018-01-25 10:32:14.635783,463.0,463.0,463.2,8471426.0
2018-01-25 10:32:16.146517,463.0,462.8,463.0,8472926.0
2018-01-25 10:32:17.979859,463.0,462.8,463.0,8472926.0
2018-01-25 10:32:19.251172,463.0,462.8,463.0,8473326.0
2018-01-25 10:32:20.726889,463.0,462.8,463.0,8472926.0
2018-01-25 10:32:21.975285,462.8,462.8,463.0,8475526.0
2018-01-25 10:32:23.251394,462.8,462.8,463.0,8475526.0
2018-01-25 10:32:25.021260,462.8,462.8,463.0,8475526.0
2018-01-25 10:32:26.216185,462.8,462.8,463.0,8475526.0
2018-01-25 10:32:27.832387,463.0,462.8,463.0,8490726.0
2018-01-25 10:32:29.130645,463.0,462.8,463.0,8490726.0
2018-01-25 10:32:30.864448,463.0,462.8,463.0,8490726.0
2018-01-25 10:32:32.051893,463.0,462.8,463.0,8490726.0
2018-01-25 10:32:33.289038,463.0,462.8,463.0,8494476.0
2018-01-25 10:32:34.384283,463.0,462.8,463.0,8494476.0
2018-01-25 10:32:35.754299,463.0,462.8,463.0,8494476.0
2018-01-25 10:32:36.960364,463.0,462.8,463.0,8492976.0
2018-01-25 10:32:38.191996,463.0,462.8,463.0,8492976.0
2018-01-25 10:32:39.422671,463.0,462.8,463.0,8494476.0
2018-01-25 10:32:40.823772,463.0,462.8,463.0,8494476.0
2018-01-25 10:32:42.305463,463.0,462.8,463.0,8502776.0
2018-01-25 10:32:43.596739,463.0,462.8,463.0,8502776.0
2018-01-25 10:32:45.199582,462.8,462.8,463.0,8502876.0
2018-01-25 10:32:46.638132,463.0,462.8,463.0,8505176.0
2018-01-25 10:32:47.897652,463.0,462.8,463.0,8503876.0
2018-01-25 10:32:49.123681,463.0,462.8,463.0,8503876.0
2018-01-25 10:32:50.353752,463.0,462.8,463.0,8503876.0
2018-01-25 10:32:51.584748,463.0,462.8,463.0,8505876.0
2018-01-25 10:32:53.004148,463.0,462.8,463.0,8505876.0
2018-01-25 10:32:54.043505,463.0,462.8,463.0,8505876.0
2018-01-25 10:32:55.066642,463.0,462.8,463.0,8520376.0
2018-01-25 10:32:56.786926,463.0,463.0,463.2,8520376.0
2018-01-25 10:32:57.958462,463.0,463.0,463.2,8520376.0
2018-01-25 10:32:59.112888,463.0,463.0,463.2,8532176.0
2018-01-25 10:33:00.163175,463.0,463.0,463.2,8532176.0
2018-01-25 10:33:01.769942,463.0,463.0,463.2,8531976.0
2018-01-25 10:33:02.955786,463.0,463.0,463.2,8532176.0
2018-01-25 10:33:04.383911,463.0,463.0,463.2,8532176.0
2018-01-25 10:33:06.223934,463.0,463.0,463.2,8533076.0
2018-01-25 10:33:07.933425,463.0,463.0,463.2,8535376.0
2018-01-25 10:33:09.764062,463.0,463.0,463.2,8535076.0
2018-01-25 10:33:11.137552,463.0,462.8,463.0,8540176.0
2018-01-25 10:33:12.143898,463.0,462.8,463.0,8540176.0
2018-01-25 10:33:13.601533,463.0,462.8,463.0,8540176.0
2018-01-25 10:33:15.653483,463.0,463.0,463.2,8541976.0
2018-01-25 10:33:17.556388,463.0,463.0,463.2,8540176.0
2018-01-25 10:33:18.616546,463.0,463.0,463.2,8541976.0
2018-01-25 10:33:20.133139,463.0,463.0,463.2,8541976.0
2018-01-25 10:33:21.087485,463.0,463.0,463.2,8541976.0
2018-01-25 10:33:22.272457,463.0,463.0,463.2,8541976.0
2018-01-25 10:33:23.820588,463.0,463.0,463.2,8542076.0
2018-01-25 10:33:25.009056,463.2,463.0,463.2,8543476.0
2018-01-25 10:33:26.523813,463.2,463.0,463.2,8543476.0
2018-01-25 10:33:27.686462,463.2,463.0,463.2,8543676.0
2018-01-25 10:33:28.757956,463.2,463.0,463.2,8543476.0
2018-01-25 10:33:29.876394,463.2,463.0,463.2,8543676.0
2018-01-25 10:33:30.637425,463.2,463.0,463.2,8543676.0
2018-01-25 10:33:31.532291,463.2,463.0,463.2,8543676.0
2018-01-25 10:33:32.365360,463.2,463.0,463.2,8547076.0
2018-01-25 10:33:33.664638,463.2,463.0,463.2,8548496.0
2018-01-25 10:33:34.834916,463.2,463.0,463.2,8549196.0
2018-01-25 10:33:36.119611,463.2,463.0,463.2,8549196.0
2018-01-25 10:33:37.300785,463.2,463.0,463.2,8549196.0
2018-01-25 10:33:38.328009,463.2,463.0,463.2,8549196.0
2018-01-25 10:33:39.460845,463.4,463.2,463.4,8550620.0
2018-01-25 10:33:40.402973,463.2,463.0,463.2,8549196.0
2018-01-25 10:33:41.600258,463.2,463.0,463.2,8549196.0
2018-01-25 10:33:42.553496,463.2,463.2,463.4,8549196.0
2018-01-25 10:33:43.740275,463.2,463.2,463.4,8554020.0
2018-01-25 10:33:44.649877,463.2,463.0,463.2,8560220.0
2018-01-25 10:33:45.950604,463.2,462.8,463.2,8559620.0
2018-01-25 10:33:47.133639,463.0,462.8,463.2,8568820.0
2018-01-25 10:33:48.400650,463.0,462.8,463.2,8568820.0
2018-01-25 10:33:49.634482,463.0,462.8,463.0,8572420.0
2018-01-25 10:33:50.608080,463.0,462.8,463.0,8572420.0
2018-01-25 10:33:52.159125,463.0,462.8,463.2,8572420.0
2018-01-25 10:33:53.729801,463.0,462.8,463.0,8572420.0
2018-01-25 10:33:55.018156,463.0,462.8,463.0,8573020.0
2018-01-25 10:33:56.897333,463.0,462.8,463.0,8573020.0
2018-01-25 10:33:58.168584,463.0,462.8,463.0,8577820.0
2018-01-25 10:33:59.755011,463.0,462.8,463.0,8577820.0
2018-01-25 10:34:01.230328,463.0,462.8,463.0,8577820.0
2018-01-25 10:34:03.031062,463.0,462.8,463.0,8579020.0
2018-01-25 10:34:04.059914,463.0,462.8,463.0,8577820.0
2018-01-25 10:34:05.534540,463.0,462.8,463.0,8577820.0
2018-01-25 10:34:07.032393,463.0,462.8,463.0,8581120.0
2018-01-25 10:34:08.719263,462.8,462.8,463.0,8589320.0
2018-01-25 10:34:09.908917,462.8,462.8,463.0,8589320.0
2018-01-25 10:34:11.111466,462.8,462.6,462.8,8593020.0
2018-01-25 10:34:12.444231,463.0,462.6,462.8,8594920.0
2018-01-25 10:34:13.578768,463.0,462.6,462.8,8594920.0
2018-01-25 10:34:15.017959,463.0,462.6,462.8,8594920.0
2018-01-25 10:34:16.324205,462.8,462.6,462.8,8593020.0
2018-01-25 10:34:17.434393,462.8,462.8,463.0,8601720.0
2018-01-25 10:34:19.027873,462.8,462.8,463.0,8602120.0
2018-01-25 10:34:20.060342,463.0,462.6,463.0,8626320.0
2018-01-25 10:34:21.289150,463.0,462.6,463.0,8626320.0
2018-01-25 10:34:22.510242,463.0,462.6,463.0,8626320.0
2018-01-25 10:34:23.714626,462.8,462.6,463.0,8632220.0
2018-01-25 10:34:25.087825,462.6,462.6,463.0,8632720.0
2018-01-25 10:34:26.697076,462.6,462.6,463.0,8641720.0
2018-01-25 10:34:27.720520,462.8,462.4,463.0,8643920.0
2018-01-25 10:34:29.630538,463.0,462.4,463.0,8644020.0
2018-01-25 10:34:31.604774,462.8,462.4,463.0,8643920.0
2018-01-25 10:34:32.987339,462.8,462.4,463.0,8643920.0
2018-01-25 10:34:34.395047,462.8,462.4,463.0,8645620.0
2018-01-25 10:34:35.717583,462.8,462.4,463.0,8643920.0
2018-01-25 10:34:36.952864,462.8,462.6,462.8,8645620.0
2018-01-25 10:34:38.077973,462.8,462.6,462.8,8645620.0
2018-01-25 10:34:39.875841,462.8,462.6,462.8,8645620.0
2018-01-25 10:34:41.113414,462.8,462.6,462.8,8646020.0
2018-01-25 10:34:42.362357,462.8,462.6,462.8,8646020.0
2018-01-25 10:34:43.538306,462.6,462.4,462.8,8648520.0
2018-01-25 10:34:44.705667,462.6,462.4,462.8,8648520.0
2018-01-25 10:34:46.372086,462.6,462.4,462.8,8648520.0
2018-01-25 10:34:48.185624,463.0,462.6,463.0,8661120.0
2018-01-25 10:34:49.512534,462.8,462.6,463.0,8661720.0
2018-01-25 10:34:50.766713,463.0,462.6,463.0,8661120.0
2018-01-25 10:34:52.339669,462.8,462.6,463.0,8661720.0
2018-01-25 10:34:53.545722,463.0,462.6,463.0,8661120.0
2018-01-25 10:34:54.848972,462.8,462.8,463.0,8661720.0
2018-01-25 10:34:55.971149,462.8,462.6,462.8,8663520.0
2018-01-25 10:34:56.953389,462.8,462.8,463.0,8662420.0
2018-01-25 10:34:58.003335,462.8,462.8,463.0,8662420.0
2018-01-25 10:34:59.637911,462.8,462.8,463.0,8662420.0
2018-01-25 10:35:00.888425,462.8,462.6,462.8,8663520.0
2018-01-25 10:35:02.059781,462.8,462.6,462.8,8666520.0
2018-01-25 10:35:03.466906,462.8,462.6,462.8,8666020.0
2018-01-25 10:35:04.638168,462.8,462.6,462.8,8666520.0
2018-01-25 10:35:06.237478,462.8,462.6,462.8,8666020.0
2018-01-25 10:35:07.827414,462.8,462.8,463.0,8670220.0
2018-01-25 10:35:09.200645,462.8,462.8,463.0,8670220.0
2018-01-25 10:35:10.918356,462.8,462.8,463.0,8670220.0
2018-01-25 10:35:12.653460,462.8,462.8,463.0,8670220.0
2018-01-25 10:35:14.445975,463.0,462.8,463.0,8679120.0
2018-01-25 10:35:15.721649,463.0,462.8,463.0,8679120.0
2018-01-25 10:35:17.088449,463.0,462.8,463.0,8684620.0
2018-01-25 10:35:18.512490,463.0,462.8,463.0,8679420.0
2018-01-25 10:35:19.968614,462.8,462.8,463.0,8685420.0
2018-01-25 10:35:21.186097,462.8,462.8,463.0,8685720.0
2018-01-25 10:35:22.379786,462.8,462.8,463.0,8685720.0
2018-01-25 10:35:23.731463,463.0,462.8,463.0,8686720.0
2018-01-25 10:35:25.365962,462.8,462.8,463.0,8688120.0
2018-01-25 10:35:26.379074,462.8,462.8,463.0,8688120.0
2018-01-25 10:35:27.320360,462.8,462.8,463.0,8688120.0
2018-01-25 10:35:28.300366,462.8,462.8,463.0,8688120.0
2018-01-25 10:35:29.435535,462.8,462.8,463.0,8688120.0
2018-01-25 10:35:31.082040,462.8,462.8,463.0,8688120.0
2018-01-25 10:35:32.308867,462.8,462.8,463.0,8688120.0
2018-01-25 10:35:33.584938,462.8,462.8,463.0,8688120.0
2018-01-25 10:35:35.662180,462.8,462.8,463.0,8688820.0
2018-01-25 10:35:36.587166,462.8,462.8,463.0,8689720.0
2018-01-25 10:35:37.872804,462.8,462.8,463.0,8689720.0
2018-01-25 10:35:39.014831,462.8,462.8,463.0,8688820.0
2018-01-25 10:35:40.275711,462.8,462.8,463.0,8689720.0
2018-01-25 10:35:41.993173,462.8,462.8,463.0,8689720.0
2018-01-25 10:35:43.310163,462.8,462.8,463.0,8688820.0
2018-01-25 10:35:44.999113,462.8,462.8,463.0,8688820.0
2018-01-25 10:35:47.185991,462.8,462.8,463.0,8689720.0
2018-01-25 10:35:48.202969,462.8,462.8,463.0,8689720.0
2018-01-25 10:35:49.610334,462.8,462.8,463.0,8694820.0
2018-01-25 10:35:50.833927,462.8,462.8,463.0,8700720.0
2018-01-25 10:35:51.883390,462.8,462.6,463.0,8702320.0
2018-01-25 10:35:53.379978,462.6,462.6,463.0,8703120.0
2018-01-25 10:35:54.624103,462.8,462.6,463.0,8702320.0
2018-01-25 10:35:55.603721,462.6,462.6,463.0,8703120.0
2018-01-25 10:35:56.824338,462.6,462.6,463.0,8703120.0
2018-01-25 10:35:58.113394,462.8,462.6,463.0,8702320.0
2018-01-25 10:35:59.265981,462.8,462.6,462.8,8705820.0
2018-01-25 10:36:00.518079,462.6,462.6,462.8,8707120.0
2018-01-25 10:36:02.262049,462.6,462.6,462.8,8707120.0
2018-01-25 10:36:03.778904,462.8,462.6,463.0,8711120.0
2018-01-25 10:36:05.584099,462.8,462.6,463.0,8711120.0
2018-01-25 10:36:06.805955,462.8,462.6,463.0,8711120.0
2018-01-25 10:36:08.702855,463.0,462.6,463.0,8712820.0
2018-01-25 10:36:09.731219,462.6,462.8,463.0,8714120.0
2018-01-25 10:36:11.091991,462.8,462.8,463.0,8713520.0
2018-01-25 10:36:12.380873,462.8,462.8,463.0,8713520.0
2018-01-25 10:36:14.189062,462.8,462.8,463.0,8713520.0
2018-01-25 10:36:15.230856,462.6,462.8,463.0,8714120.0
2018-01-25 10:36:16.829214,462.8,462.8,463.0,8714620.0
2018-01-25 10:36:17.997341,462.8,462.8,463.0,8714620.0
2018-01-25 10:36:19.379634,462.8,462.6,462.8,8716220.0
2018-01-25 10:36:20.729782,462.8,462.6,463.0,8715420.0
2018-01-25 10:36:22.157050,462.8,462.6,463.0,8716220.0
2018-01-25 10:36:23.277115,462.8,462.6,462.8,8715420.0
2018-01-25 10:36:24.351376,462.8,462.6,463.0,8715420.0
2018-01-25 10:36:26.000270,462.8,462.6,462.8,8716220.0
2018-01-25 10:36:27.189545,462.8,462.6,463.0,8717220.0
2018-01-25 10:36:28.501828,462.8,462.6,463.0,8716220.0
2018-01-25 10:36:29.668123,462.8,462.6,462.8,8719320.0
2018-01-25 10:36:30.645426,462.8,462.6,462.8,8719320.0
2018-01-25 10:36:32.150977,462.8,462.6,462.8,8719320.0
2018-01-25 10:36:33.604780,462.8,462.6,462.8,8719320.0
2018-01-25 10:36:35.577873,462.8,462.6,462.8,8719320.0
2018-01-25 10:36:37.072015,463.0,462.8,463.0,8722820.0
2018-01-25 10:36:38.574155,462.8,462.8,463.0,8721020.0
2018-01-25 10:36:40.207282,463.0,462.8,463.0,8722820.0
2018-01-25 10:36:41.426568,462.8,462.8,463.0,8721020.0
2018-01-25 10:36:42.609889,463.0,462.8,463.0,8722820.0
2018-01-25 10:36:44.499972,462.8,462.8,463.0,8721020.0
2018-01-25 10:36:45.970637,463.0,462.8,463.0,8722820.0
2018-01-25 10:36:46.999307,463.0,462.8,463.0,8722820.0
2018-01-25 10:36:48.805977,463.0,462.8,463.0,8722820.0
2018-01-25 10:36:49.975040,463.0,462.8,463.0,8725620.0
2018-01-25 10:36:51.175988,463.0,462.8,463.0,8725620.0
2018-01-25 10:36:52.323016,462.8,462.8,463.0,8730920.0
2018-01-25 10:36:53.499049,462.8,462.8,463.0,8735520.0
2018-01-25 10:36:55.280067,462.8,462.8,463.0,8735520.0
2018-01-25 10:36:56.807568,462.8,462.8,463.0,8735520.0
2018-01-25 10:36:58.219248,462.8,462.8,463.0,8735520.0
2018-01-25 10:36:59.643975,462.8,462.8,463.0,8735520.0
2018-01-25 10:37:01.400015,463.0,462.8,463.0,8737216.0
2018-01-25 10:37:03.064276,463.0,462.8,463.0,8737216.0
2018-01-25 10:37:05.358691,463.0,462.8,463.0,8737216.0
2018-01-25 10:37:06.560004,463.0,462.8,463.0,8737216.0
2018-01-25 10:37:07.765323,463.0,462.8,463.0,8737216.0
2018-01-25 10:37:09.059287,462.8,462.8,463.0,8751316.0
2018-01-25 10:37:10.283500,462.8,462.6,463.0,8751616.0
2018-01-25 10:37:12.121995,462.8,462.8,463.0,8751616.0
2018-01-25 10:37:13.607428,462.6,462.6,463.0,8754316.0
2018-01-25 10:37:15.095285,462.6,462.6,463.0,8754316.0
2018-01-25 10:37:16.840996,462.6,462.6,463.0,8754316.0
2018-01-25 10:37:18.365603,462.6,462.6,463.0,8754316.0
2018-01-25 10:37:20.034042,462.6,462.6,463.0,8754316.0
2018-01-25 10:37:21.678009,462.6,462.6,463.0,8754316.0
2018-01-25 10:37:23.528265,462.6,462.6,463.0,8754316.0
2018-01-25 10:37:25.006102,462.6,462.6,463.0,8754316.0
2018-01-25 10:37:26.203353,462.6,462.6,463.0,8754316.0
2018-01-25 10:37:27.448292,462.8,462.6,462.8,8759816.0
2018-01-25 10:37:28.658446,462.8,462.6,462.8,8762216.0
2018-01-25 10:37:30.122640,462.8,462.6,462.8,8762216.0
2018-01-25 10:37:31.459931,462.8,462.6,462.8,8766516.0
2018-01-25 10:37:33.193245,462.8,462.6,462.8,8762216.0
2018-01-25 10:37:34.424580,462.8,462.6,462.8,8766516.0
2018-01-25 10:37:36.100659,462.8,462.6,462.8,8766516.0
2018-01-25 10:37:37.618244,463.0,462.8,463.0,8767716.0
2018-01-25 10:37:38.957250,463.0,462.8,463.0,8767716.0
2018-01-25 10:37:40.845680,463.0,462.8,463.0,8767716.0
2018-01-25 10:37:42.100588,463.0,462.8,463.0,8767716.0
2018-01-25 10:37:43.405616,463.0,462.8,463.0,8769216.0
2018-01-25 10:37:45.018808,463.0,463.0,463.2,8803016.0
2018-01-25 10:37:46.483328,463.0,463.0,463.2,8803016.0
2018-01-25 10:37:48.079212,463.0,463.0,463.2,8803016.0
2018-01-25 10:37:49.859121,463.0,463.0,463.2,8807216.0
2018-01-25 10:37:51.321166,463.0,463.0,463.2,8805716.0
2018-01-25 10:37:52.625805,463.0,463.0,463.2,8807216.0
2018-01-25 10:37:54.103158,463.0,463.0,463.2,8807216.0
2018-01-25 10:37:55.619806,463.0,463.0,463.2,8808416.0
2018-01-25 10:37:56.920225,463.0,463.0,463.2,8828316.0
2018-01-25 10:37:58.321886,463.0,463.0,463.2,8828416.0
2018-01-25 10:37:59.976758,463.0,463.0,463.2,8828416.0
2018-01-25 10:38:01.302063,463.0,463.0,463.2,8828416.0
2018-01-25 10:38:02.972058,463.0,463.0,463.2,8828316.0
2018-01-25 10:38:04.668513,463.0,462.8,463.0,8828316.0
2018-01-25 10:38:06.355447,463.0,462.8,463.0,8833016.0
2018-01-25 10:38:08.049348,462.8,462.8,463.0,8833316.0
2018-01-25 10:38:09.505031,462.8,462.8,463.0,8833316.0
2018-01-25 10:38:10.987057,463.0,462.8,463.0,8833016.0
2018-01-25 10:38:12.293883,463.0,462.8,463.0,8833016.0
2018-01-25 10:38:13.641853,462.8,462.8,463.0,8833316.0
2018-01-25 10:38:14.870761,462.8,462.8,463.0,8833316.0
2018-01-25 10:38:16.353092,463.0,462.8,463.0,8833016.0
2018-01-25 10:38:17.747002,463.0,462.8,463.0,8834716.0
2018-01-25 10:38:19.689633,463.0,462.8,463.0,8837216.0
2018-01-25 10:38:20.881641,463.0,462.8,463.0,8837016.0
2018-01-25 10:38:22.888987,463.0,462.8,463.0,8837216.0
2018-01-25 10:38:24.482924,463.0,462.8,463.0,8837016.0
2018-01-25 10:38:25.925905,463.0,462.8,463.2,8849216.0
2018-01-25 10:38:27.837050,463.0,462.8,463.0,8852916.0
2018-01-25 10:38:29.581324,463.0,462.8,463.0,8852916.0
2018-01-25 10:38:30.950310,463.0,462.8,463.0,8856516.0
2018-01-25 10:38:32.454793,463.0,462.8,463.0,8857716.0
2018-01-25 10:38:34.011661,463.0,462.8,463.0,8856516.0
2018-01-25 10:38:35.484637,463.0,462.8,463.0,8857716.0
2018-01-25 10:38:36.692067,463.0,463.0,463.2,8865616.0
2018-01-25 10:38:37.954509,463.0,463.0,463.2,8865616.0
2018-01-25 10:38:39.313920,463.0,463.0,463.2,8863916.0
2018-01-25 10:38:40.939893,463.0,463.0,463.2,8865616.0
2018-01-25 10:38:42.900544,463.0,462.8,463.0,8868316.0
2018-01-25 10:38:44.071288,463.0,462.8,463.0,8868316.0
2018-01-25 10:38:45.972392,463.0,462.8,463.0,8868316.0
2018-01-25 10:38:47.538474,463.0,462.8,463.0,8868316.0
2018-01-25 10:38:48.760966,463.0,462.8,463.0,8871016.0
2018-01-25 10:38:50.009327,463.0,462.8,463.0,8868316.0
2018-01-25 10:38:51.592451,463.0,462.8,463.0,8871016.0
2018-01-25 10:38:52.829067,463.0,462.8,463.0,8871016.0
2018-01-25 10:38:54.288551,463.0,462.8,463.0,8875316.0
2018-01-25 10:38:55.528547,463.0,463.0,463.2,8875316.0
2018-01-25 10:38:57.014789,463.0,463.0,463.2,8875316.0
2018-01-25 10:38:58.233919,463.0,463.0,463.2,8877416.0
2018-01-25 10:38:59.454397,463.0,463.0,463.2,8877416.0
2018-01-25 10:39:00.535457,463.0,463.0,463.2,8882416.0
2018-01-25 10:39:01.898360,463.0,463.0,463.2,8877416.0
2018-01-25 10:39:03.178835,463.0,462.8,463.0,8882516.0
2018-01-25 10:39:04.525296,463.0,462.8,463.0,8882516.0
2018-01-25 10:39:06.193108,463.0,462.8,463.0,8882516.0
2018-01-25 10:39:07.786972,463.0,463.0,463.2,8882516.0
2018-01-25 10:39:09.266172,463.0,462.8,463.0,8882516.0
2018-01-25 10:39:10.346016,463.0,462.8,463.0,8882516.0
2018-01-25 10:39:11.742587,463.0,462.8,463.0,8882516.0
2018-01-25 10:39:13.300183,462.8,462.8,463.0,8884711.0
2018-01-25 10:39:14.849504,462.8,462.8,463.0,8884711.0
2018-01-25 10:39:16.019110,463.0,462.8,463.0,8885111.0
2018-01-25 10:39:17.358803,463.0,462.8,463.0,8885111.0
2018-01-25 10:39:18.501149,462.8,462.8,463.0,8886411.0
2018-01-25 10:39:19.713176,462.8,462.8,463.0,8886411.0
2018-01-25 10:39:21.031188,462.8,462.8,463.0,8886411.0
2018-01-25 10:39:22.623664,462.8,462.8,463.0,8886411.0
2018-01-25 10:39:24.066791,463.0,462.8,463.0,8887511.0
2018-01-25 10:39:25.887908,463.0,462.8,463.0,8887511.0
2018-01-25 10:39:27.732320,463.0,462.8,463.0,8887511.0
2018-01-25 10:39:28.924019,463.0,462.8,463.0,8887511.0
2018-01-25 10:39:30.559657,463.0,462.8,463.0,8887511.0
2018-01-25 10:39:32.032317,463.0,462.8,463.0,8889111.0
2018-01-25 10:39:33.194499,462.8,462.8,463.0,8889211.0
2018-01-25 10:39:34.794943,463.0,462.8,463.0,8891011.0
2018-01-25 10:39:35.898342,463.0,462.8,463.0,8891011.0
2018-01-25 10:39:37.396196,463.0,462.8,463.0,8891511.0
2018-01-25 10:39:38.817193,463.0,462.8,463.0,8891511.0
2018-01-25 10:39:40.186096,463.0,462.8,463.0,8891511.0
2018-01-25 10:39:41.857824,463.0,462.8,463.0,8891511.0
2018-01-25 10:39:43.413242,463.0,463.0,463.2,8903711.0
2018-01-25 10:39:44.467505,463.0,463.0,463.2,8916411.0
2018-01-25 10:39:45.686457,463.0,463.0,463.2,8916411.0
2018-01-25 10:39:48.009295,462.8,462.8,463.0,8922411.0
2018-01-25 10:39:50.194024,463.0,462.8,463.0,8926711.0
2018-01-25 10:39:51.472939,462.8,463.0,463.2,8927411.0
2018-01-25 10:39:52.444911,462.8,463.0,463.2,8927411.0
2018-01-25 10:39:53.698186,462.8,462.8,463.0,8927411.0
2018-01-25 10:39:54.885008,462.8,462.8,463.0,8927411.0
2018-01-25 10:39:56.119225,462.8,462.8,463.0,8927411.0
2018-01-25 10:39:57.658323,462.8,462.8,463.0,8927411.0
2018-01-25 10:39:58.978738,462.8,462.8,463.0,8930011.0
2018-01-25 10:40:00.684677,463.0,462.8,463.0,8938511.0
2018-01-25 10:40:02.755119,463.0,462.8,463.0,8938511.0
2018-01-25 10:40:03.823768,462.8,462.8,463.0,8943511.0
2018-01-25 10:40:05.360059,462.8,462.8,463.0,8946211.0
2018-01-25 10:40:06.567317,462.8,462.8,463.0,8946211.0
2018-01-25 10:40:07.893212,462.8,462.8,463.0,8946211.0
2018-01-25 10:40:09.724266,462.8,462.8,463.0,8946711.0
2018-01-25 10:40:10.886333,462.8,462.8,463.0,8956211.0
2018-01-25 10:40:12.088053,462.8,462.8,463.0,8949711.0
2018-01-25 10:40:13.425455,462.8,462.8,463.0,8949711.0
2018-01-25 10:40:14.659938,462.8,462.8,463.0,8949711.0
2018-01-25 10:40:15.847748,463.0,462.8,463.0,8957617.0
2018-01-25 10:40:17.537866,462.8,462.8,463.0,8969917.0
2018-01-25 10:40:18.847426,462.8,462.8,463.0,8969917.0
2018-01-25 10:40:20.383930,462.6,462.6,462.8,8971617.0
2018-01-25 10:40:21.964940,462.6,462.6,462.8,8971617.0
2018-01-25 10:40:23.216955,462.6,462.6,462.8,8971617.0
2018-01-25 10:40:24.280951,462.8,462.6,462.8,8971417.0
2018-01-25 10:40:25.434689,462.6,462.6,462.8,8971617.0
2018-01-25 10:40:27.058459,462.6,462.6,462.8,8971617.0
2018-01-25 10:40:29.086772,462.8,462.6,462.8,8977717.0
2018-01-25 10:40:30.640978,462.8,462.6,462.8,8979617.0
2018-01-25 10:40:32.138705,462.8,462.6,463.0,8985817.0
2018-01-25 10:40:33.814763,462.8,462.6,463.0,8985817.0
2018-01-25 10:40:35.251644,462.8,462.6,463.0,8985917.0
2018-01-25 10:40:36.386136,462.8,462.8,463.0,8985917.0
2018-01-25 10:40:37.902872,463.0,462.8,463.0,9029617.0
2018-01-25 10:40:39.444878,463.0,462.8,463.0,9029617.0
2018-01-25 10:40:40.721537,463.0,462.8,463.0,9029617.0
2018-01-25 10:40:42.204423,463.0,462.8,463.0,9029617.0
2018-01-25 10:40:43.643775,463.0,462.8,463.0,9029617.0
2018-01-25 10:40:44.836542,463.0,462.8,463.0,9029617.0
2018-01-25 10:40:46.965484,463.0,462.8,463.0,9029617.0
2018-01-25 10:40:48.722888,463.0,463.0,463.2,9032917.0
2018-01-25 10:40:50.580672,463.2,462.8,463.2,9033117.0
2018-01-25 10:40:51.945172,463.0,462.8,463.2,9035117.0
2018-01-25 10:40:53.778310,462.8,462.8,463.2,9036617.0
2018-01-25 10:40:54.939979,463.0,462.8,463.0,9038017.0
2018-01-25 10:40:56.565950,463.0,462.8,463.0,9038017.0
2018-01-25 10:40:57.775069,463.0,462.8,463.0,9038017.0
2018-01-25 10:40:59.260704,463.0,462.8,463.0,9038017.0
2018-01-25 10:41:01.040323,462.8,462.8,463.0,9036617.0
2018-01-25 10:41:02.772594,463.0,462.8,463.0,9038017.0
2018-01-25 10:41:04.036663,463.0,462.8,463.0,9038017.0
2018-01-25 10:41:05.258923,463.0,462.8,463.0,9038017.0
2018-01-25 10:41:07.257012,463.0,462.8,463.0,9040017.0
2018-01-25 10:41:08.342407,463.0,462.8,463.0,9040017.0
2018-01-25 10:41:09.714966,463.0,462.8,463.0,9040517.0
2018-01-25 10:41:10.998763,463.0,462.8,463.0,9040517.0
2018-01-25 10:41:12.697098,463.0,462.8,463.0,9040517.0
2018-01-25 10:41:14.076841,463.0,462.8,463.0,9040517.0
2018-01-25 10:41:15.390741,463.0,462.8,463.0,9040517.0
2018-01-25 10:41:16.901393,463.0,462.8,463.0,9041617.0
2018-01-25 10:41:18.301885,463.0,462.8,463.0,9046717.0
2018-01-25 10:41:19.585535,463.0,462.8,463.0,9046717.0
2018-01-25 10:41:22.135806,463.0,462.8,463.0,9046717.0
2018-01-25 10:41:23.383180,463.0,462.8,463.0,9048517.0
2018-01-25 10:41:25.117450,463.0,462.8,463.0,9048517.0
2018-01-25 10:41:26.494544,463.0,462.8,463.0,9059017.0
2018-01-25 10:41:28.108080,463.0,462.8,463.0,9058517.0
2018-01-25 10:41:29.433964,463.0,462.8,463.0,9059017.0
2018-01-25 10:41:30.761852,463.0,462.8,463.0,9058517.0
2018-01-25 10:41:32.314723,463.0,462.8,463.0,9059017.0
2018-01-25 10:41:33.528079,463.0,462.8,463.2,9082617.0
2018-01-25 10:41:34.735593,463.0,462.8,463.2,9082417.0
2018-01-25 10:41:36.084235,463.0,462.8,463.2,9093317.0
2018-01-25 10:41:37.676455,463.0,462.8,463.2,9093317.0
2018-01-25 10:41:38.746779,463.0,462.8,463.2,9093317.0
2018-01-25 10:41:39.935621,463.0,462.8,463.2,9093317.0
2018-01-25 10:41:41.175625,463.0,462.8,463.2,9088317.0
2018-01-25 10:41:42.558098,463.0,462.8,463.2,9088317.0
2018-01-25 10:41:43.967411,463.0,462.8,463.2,9088317.0
2018-01-25 10:41:45.175394,463.0,462.8,463.2,9093317.0
2018-01-25 10:41:46.435571,463.0,462.8,463.2,9088317.0
2018-01-25 10:41:48.035532,463.0,462.8,463.2,9093317.0
2018-01-25 10:41:49.988628,463.0,463.0,463.2,9098717.0
2018-01-25 10:41:51.734251,463.0,463.0,463.2,9099717.0
2018-01-25 10:41:53.037294,463.0,463.0,463.2,9099717.0
2018-01-25 10:41:54.378910,463.0,463.0,463.2,9099717.0
2018-01-25 10:41:55.633965,463.0,463.0,463.2,9115717.0
2018-01-25 10:41:57.056392,463.0,463.0,463.2,9115717.0
2018-01-25 10:41:58.255637,463.0,463.0,463.2,9099717.0
2018-01-25 10:41:59.641807,463.0,463.0,463.2,9099717.0
2018-01-25 10:42:00.686582,463.0,463.0,463.2,9116517.0
2018-01-25 10:42:01.779728,463.2,463.0,463.2,9116417.0
2018-01-25 10:42:03.524539,463.2,463.0,463.2,9116417.0
2018-01-25 10:42:05.207808,463.0,463.0,463.2,9116517.0
2018-01-25 10:42:06.439999,463.0,463.0,463.2,9117717.0
2018-01-25 10:42:07.629305,463.0,463.0,463.2,9117717.0
2018-01-25 10:42:08.897906,463.0,463.0,463.2,9117717.0
2018-01-25 10:42:10.006380,463.0,463.0,463.2,9117717.0
2018-01-25 10:42:11.807388,463.0,463.0,463.2,9117717.0
2018-01-25 10:42:12.834683,463.0,463.0,463.2,9117717.0
2018-01-25 10:42:14.516221,463.0,463.0,463.2,9117717.0
2018-01-25 10:42:15.920521,463.0,463.0,463.2,9117717.0
2018-01-25 10:42:17.516480,463.0,463.0,463.2,9117717.0
2018-01-25 10:42:18.960697,463.0,463.0,463.2,9119717.0
2018-01-25 10:42:20.365789,463.0,463.0,463.2,9123517.0
2018-01-25 10:42:22.247256,463.0,463.0,463.2,9130417.0
2018-01-25 10:42:23.601304,463.0,463.0,463.2,9130617.0
2018-01-25 10:42:25.221134,463.0,463.0,463.2,9130417.0
2018-01-25 10:42:26.596879,463.0,463.0,463.2,9135317.0
2018-01-25 10:42:27.878511,463.0,463.0,463.2,9130617.0
2018-01-25 10:42:29.244567,463.0,463.0,463.2,9135817.0
2018-01-25 10:42:31.025292,463.0,463.0,463.2,9135817.0
2018-01-25 10:42:32.408004,463.0,463.0,463.2,9135817.0
2018-01-25 10:42:34.210170,463.0,463.0,463.2,9135817.0
2018-01-25 10:42:35.956223,463.0,463.0,463.2,9135817.0
2018-01-25 10:42:37.329160,463.0,463.0,463.2,9151617.0
2018-01-25 10:42:38.822832,463.0,462.8,463.0,9154117.0
2018-01-25 10:42:40.087220,462.8,462.8,463.0,9160217.0
2018-01-25 10:42:41.787711,462.8,462.8,463.0,9160217.0
2018-01-25 10:42:43.657364,462.8,462.8,463.0,9161817.0
2018-01-25 10:42:44.862124,462.8,462.8,463.0,9161817.0
2018-01-25 10:42:46.006524,462.8,462.8,463.0,9160217.0
2018-01-25 10:42:47.630037,462.8,462.8,463.0,9161817.0
2018-01-25 10:42:50.196751,463.0,462.8,463.0,9162617.0
2018-01-25 10:42:51.465138,462.6,462.6,462.8,9186317.0
2018-01-25 10:42:52.443562,462.6,462.6,462.8,9186117.0
2018-01-25 10:42:53.562259,462.6,462.6,462.8,9190117.0
2018-01-25 10:42:54.959249,462.6,462.6,462.8,9190117.0
2018-01-25 10:42:56.368374,462.8,462.6,462.8,9190317.0
2018-01-25 10:42:58.040471,462.8,462.6,462.8,9190317.0
2018-01-25 10:43:00.052941,462.8,462.6,462.8,9190317.0
2018-01-25 10:43:01.047558,462.8,462.6,462.8,9190317.0
2018-01-25 10:43:02.804543,462.8,462.6,462.8,9191517.0
2018-01-25 10:43:04.132783,462.8,462.6,462.8,9190317.0
2018-01-25 10:43:05.598507,462.8,462.6,462.8,9191517.0
2018-01-25 10:43:07.321124,462.8,462.6,462.8,9192417.0
2018-01-25 10:43:08.765122,462.8,462.6,462.8,9192417.0
2018-01-25 10:43:10.116595,462.8,462.6,462.8,9192417.0
2018-01-25 10:43:11.457905,462.8,462.6,462.8,9191517.0
2018-01-25 10:43:13.001511,462.8,462.6,462.8,9191517.0
2018-01-25 10:43:14.825575,462.8,462.6,462.8,9191517.0
2018-01-25 10:43:16.287035,462.8,462.6,462.8,9192417.0
2018-01-25 10:43:18.063630,462.6,462.6,462.8,9194217.0
2018-01-25 10:43:19.993287,462.6,462.6,462.8,9199817.0
2018-01-25 10:43:22.045726,462.6,462.6,462.8,9201117.0
2018-01-25 10:43:23.911554,462.6,462.6,462.8,9201117.0
2018-01-25 10:43:25.481406,462.8,462.6,462.8,9203417.0
2018-01-25 10:43:26.765135,462.6,462.4,462.6,9204217.0
2018-01-25 10:43:27.964340,462.6,462.4,462.6,9204217.0
2018-01-25 10:43:29.336810,462.6,462.4,462.6,9204217.0
2018-01-25 10:43:31.252280,462.6,462.4,462.6,9209217.0
2018-01-25 10:43:32.848240,462.6,462.4,462.6,9210917.0
2018-01-25 10:43:34.257619,462.6,462.4,462.6,9210917.0
2018-01-25 10:43:35.466249,462.6,462.4,462.6,9209217.0
2018-01-25 10:43:37.227272,462.6,462.4,462.6,9210917.0
2018-01-25 10:43:38.201520,462.6,462.6,462.8,9218317.0
2018-01-25 10:43:39.622068,462.6,462.6,462.8,9218317.0
2018-01-25 10:43:40.834646,462.8,462.6,462.8,9217517.0
2018-01-25 10:43:42.275164,462.8,462.6,462.8,9217517.0
2018-01-25 10:43:43.852446,462.8,462.6,462.8,9217517.0
2018-01-25 10:43:45.830308,462.6,462.6,462.8,9219817.0
2018-01-25 10:43:46.833579,462.6,462.6,462.8,9219817.0
2018-01-25 10:43:48.219103,463.0,462.6,463.0,9243517.0
2018-01-25 10:43:49.416999,462.6,462.6,463.0,9251217.0
2018-01-25 10:43:50.565236,462.6,462.6,463.0,9244817.0
2018-01-25 10:43:52.269165,462.6,462.6,463.0,9244817.0
2018-01-25 10:43:53.301230,462.6,462.6,463.0,9251217.0
2018-01-25 10:43:54.536852,462.6,462.6,462.8,9251217.0
2018-01-25 10:43:56.011895,462.6,462.6,463.0,9259517.0
2018-01-25 10:43:57.586981,462.6,462.6,462.8,9259517.0
2018-01-25 10:43:59.048613,462.6,462.6,463.0,9251217.0
2018-01-25 10:44:00.599644,462.6,462.6,462.8,9251217.0
2018-01-25 10:44:02.111762,462.6,462.6,463.0,9251217.0
2018-01-25 10:44:03.633919,462.6,462.6,462.8,9251217.0
2018-01-25 10:44:04.796941,462.6,462.6,463.0,9251217.0
2018-01-25 10:44:06.066275,462.6,462.6,463.0,9251217.0
2018-01-25 10:44:07.340300,462.6,462.6,462.8,9251217.0
2018-01-25 10:44:09.172817,462.6,462.6,462.8,9251217.0
2018-01-25 10:44:10.820819,462.6,462.6,463.0,9259517.0
2018-01-25 10:44:12.857805,462.6,462.6,463.0,9251217.0
2018-01-25 10:44:14.008898,462.6,462.6,463.0,9251217.0
2018-01-25 10:44:15.809060,462.6,462.6,463.0,9251217.0
2018-01-25 10:44:16.931480,462.6,462.6,463.0,9259517.0
2018-01-25 10:44:18.314822,462.6,462.6,462.8,9251217.0
2018-01-25 10:44:19.927351,462.6,462.6,463.0,9251217.0
2018-01-25 10:44:21.554861,462.8,462.6,462.8,9260117.0
2018-01-25 10:44:22.803557,462.8,462.6,462.8,9260117.0
2018-01-25 10:44:24.332426,462.6,462.6,462.8,9259517.0
2018-01-25 10:44:25.730854,462.8,462.6,462.8,9260617.0
2018-01-25 10:44:26.919089,462.8,462.6,462.8,9260117.0
2018-01-25 10:44:28.434626,462.8,462.6,462.8,9260117.0
2018-01-25 10:44:29.931973,462.8,462.6,462.8,9260617.0
2018-01-25 10:44:31.219909,462.8,462.6,462.8,9260117.0
2018-01-25 10:44:32.321398,462.8,462.6,462.8,9260617.0
2018-01-25 10:44:33.707909,462.8,462.6,462.8,9260617.0
2018-01-25 10:44:34.947609,462.8,462.6,462.8,9261517.0
2018-01-25 10:44:36.798434,462.8,462.6,462.8,9261517.0
2018-01-25 10:44:37.757566,462.8,462.6,462.8,9261517.0
2018-01-25 10:44:39.234296,462.8,462.6,462.8,9261517.0
2018-01-25 10:44:40.608260,462.8,462.6,462.8,9261517.0
2018-01-25 10:44:42.320940,462.8,462.6,462.8,9261517.0
2018-01-25 10:44:43.816932,462.8,462.6,462.8,9261517.0
2018-01-25 10:44:45.003238,462.8,462.6,462.8,9267417.0
2018-01-25 10:44:46.648883,462.8,462.6,462.8,9267417.0
2018-01-25 10:44:48.169856,462.6,462.6,462.8,9277017.0
2018-01-25 10:44:49.680485,462.6,462.6,462.8,9277017.0
2018-01-25 10:44:50.883338,462.6,462.6,462.8,9275917.0
2018-01-25 10:44:52.165099,462.6,462.6,462.8,9277017.0
2018-01-25 10:44:53.206815,462.6,462.6,462.8,9278417.0
2018-01-25 10:44:54.828626,462.6,462.6,462.8,9278417.0
2018-01-25 10:44:56.145308,462.6,462.6,462.8,9278217.0
2018-01-25 10:44:57.643965,462.6,462.6,462.8,9278217.0
2018-01-25 10:44:59.539016,462.6,462.6,462.8,9280287.0
2018-01-25 10:45:01.351234,462.6,462.6,462.8,9280287.0
2018-01-25 10:45:02.604492,462.6,462.6,462.8,9280287.0
2018-01-25 10:45:04.333088,462.6,462.6,462.8,9280287.0
2018-01-25 10:45:05.434357,462.6,462.6,462.8,9280287.0
2018-01-25 10:45:06.724947,462.6,462.6,462.8,9280287.0
2018-01-25 10:45:07.946842,462.6,462.6,462.8,9280287.0
2018-01-25 10:45:09.229871,462.6,462.6,462.8,9280287.0
2018-01-25 10:45:10.392545,462.8,462.6,462.8,9282199.0
2018-01-25 10:45:11.746780,462.8,462.6,462.8,9282199.0
2018-01-25 10:45:13.093549,462.8,462.6,462.8,9282199.0
2018-01-25 10:45:14.465799,462.8,462.6,462.8,9281397.0
2018-01-25 10:45:15.946553,462.8,462.6,462.8,9282199.0
2018-01-25 10:45:17.621903,462.8,462.6,462.8,9281397.0
2018-01-25 10:45:19.228452,462.8,462.6,462.8,9281397.0
2018-01-25 10:45:20.738562,462.8,462.6,462.8,9283269.0
2018-01-25 10:45:22.593128,462.8,462.6,462.8,9283169.0
2018-01-25 10:45:23.738852,462.8,462.6,462.8,9283269.0
2018-01-25 10:45:25.748651,462.8,462.6,462.8,9283169.0
2018-01-25 10:45:27.094328,462.8,462.6,462.8,9283269.0
2018-01-25 10:45:28.506351,462.8,462.6,462.8,9283269.0
2018-01-25 10:45:30.206746,462.4,462.4,462.8,9294159.0
2018-01-25 10:45:32.007636,462.4,462.4,462.8,9294159.0
2018-01-25 10:45:33.360047,462.4,462.4,462.8,9294159.0
2018-01-25 10:45:34.649177,462.4,462.4,462.8,9294159.0
2018-01-25 10:45:35.998293,462.6,462.4,462.6,9297590.0
2018-01-25 10:45:37.147535,462.6,462.4,462.6,9301590.0
2018-01-25 10:45:39.534993,462.6,462.4,462.6,9301590.0
2018-01-25 10:45:41.004636,462.6,462.4,462.6,9301590.0
2018-01-25 10:45:42.135503,462.6,462.6,462.8,9302820.0
2018-01-25 10:45:43.494818,462.6,462.6,462.8,9302820.0
2018-01-25 10:45:45.083800,462.6,462.6,462.8,9302820.0
2018-01-25 10:45:46.265594,462.6,462.6,462.8,9302820.0
2018-01-25 10:45:48.083605,462.8,462.6,462.8,9307620.0
2018-01-25 10:45:49.719632,462.8,462.6,462.8,9307620.0
2018-01-25 10:45:51.121062,462.8,462.6,462.8,9307620.0
2018-01-25 10:45:52.422260,462.8,462.6,462.8,9307620.0
2018-01-25 10:45:54.166846,462.8,462.6,462.8,9307620.0
2018-01-25 10:45:55.406782,462.8,462.6,462.8,9307620.0
2018-01-25 10:45:56.519751,462.8,462.6,462.8,9307620.0
2018-01-25 10:45:58.042486,462.8,462.6,462.8,9307620.0
2018-01-25 10:45:59.441259,462.8,462.6,462.8,9307620.0
2018-01-25 10:46:00.625105,462.8,462.6,462.8,9307620.0
2018-01-25 10:46:01.857295,462.8,462.6,462.8,9307620.0
2018-01-25 10:46:03.635215,462.6,462.4,462.6,9311820.0
2018-01-25 10:46:05.136149,462.4,462.4,462.6,9311920.0
2018-01-25 10:46:06.635883,462.4,462.4,462.6,9311920.0
2018-01-25 10:46:07.596620,462.6,462.4,462.6,9311820.0
2018-01-25 10:46:08.380290,462.6,462.4,462.6,9311820.0
2018-01-25 10:46:09.291647,462.4,462.4,462.6,9311920.0
2018-01-25 10:46:10.216819,462.4,462.4,462.6,9311920.0
2018-01-25 10:46:11.250026,462.4,462.4,462.6,9311920.0
2018-01-25 10:46:12.210255,462.4,462.4,462.6,9311920.0
2018-01-25 10:46:13.286820,462.6,462.4,462.6,9311820.0
2018-01-25 10:46:14.330191,462.4,462.4,462.6,9311920.0
2018-01-25 10:46:15.283481,462.4,462.4,462.6,9311920.0
2018-01-25 10:46:16.362741,462.6,462.4,462.6,9311820.0
2018-01-25 10:46:17.300487,462.4,462.4,462.6,9311920.0
2018-01-25 10:46:18.401843,462.4,462.4,462.6,9313826.0
2018-01-25 10:46:19.437968,462.4,462.4,462.6,9313826.0
2018-01-25 10:46:20.657005,462.4,462.4,462.6,9313626.0
2018-01-25 10:46:21.994049,462.4,462.4,462.6,9313826.0
2018-01-25 10:46:23.162161,462.6,462.4,462.6,9315231.0
2018-01-25 10:46:24.446706,462.6,462.4,462.6,9330431.0
2018-01-25 10:46:25.785319,462.6,462.4,462.6,9330631.0
2018-01-25 10:46:26.892211,462.6,462.6,462.8,9330631.0
2018-01-25 10:46:27.762931,462.6,462.6,462.8,9330631.0
2018-01-25 10:46:28.851539,462.8,462.6,462.8,9338931.0
2018-01-25 10:46:29.914675,462.6,462.6,462.8,9339131.0
2018-01-25 10:46:31.207400,462.6,462.6,462.8,9339131.0
2018-01-25 10:46:32.073800,462.6,462.6,462.8,9339131.0
2018-01-25 10:46:33.365872,462.6,462.6,462.8,9339131.0
2018-01-25 10:46:34.219257,462.8,462.6,462.8,9338931.0
2018-01-25 10:46:35.149894,462.8,462.6,462.8,9338931.0
2018-01-25 10:46:36.367138,462.8,462.6,462.8,9338931.0
2018-01-25 10:46:37.458000,462.6,462.6,462.8,9339131.0
2018-01-25 10:46:38.868225,462.8,462.6,462.8,9338931.0
2018-01-25 10:46:39.688384,462.6,462.6,462.8,9339131.0
2018-01-25 10:46:40.674403,462.6,462.6,462.8,9339131.0
2018-01-25 10:46:41.628814,462.6,462.6,462.8,9339131.0
2018-01-25 10:46:42.867075,462.6,462.6,462.8,9339131.0
2018-01-25 10:46:43.803484,462.8,462.6,462.8,9340031.0
2018-01-25 10:46:44.671226,462.8,462.6,462.8,9340031.0
2018-01-25 10:46:45.696540,462.8,462.6,462.8,9340031.0
2018-01-25 10:46:46.798831,462.8,462.6,462.8,9340731.0
2018-01-25 10:46:47.726068,462.8,462.6,462.8,9340731.0
2018-01-25 10:46:48.662475,462.8,462.6,462.8,9340731.0
2018-01-25 10:46:49.942683,462.8,462.6,462.8,9340731.0
2018-01-25 10:46:50.931328,462.8,462.6,462.8,9340731.0
2018-01-25 10:46:52.021891,462.8,462.6,462.8,9341431.0
2018-01-25 10:46:52.950463,462.8,462.6,462.8,9340731.0
2018-01-25 10:46:53.950337,462.8,462.6,462.8,9341431.0
2018-01-25 10:46:54.986855,462.8,462.6,462.8,9341431.0
2018-01-25 10:46:56.076857,462.8,462.6,462.8,9340731.0
2018-01-25 10:46:56.944793,462.8,462.6,462.8,9340731.0
2018-01-25 10:46:57.992897,462.8,462.6,462.8,9340731.0
2018-01-25 10:46:59.116159,462.8,462.6,462.8,9340731.0
2018-01-25 10:47:00.345350,462.8,462.6,462.8,9341431.0
2018-01-25 10:47:01.281034,462.8,462.6,462.8,9340731.0
2018-01-25 10:47:02.536443,462.8,462.6,462.8,9341431.0
2018-01-25 10:47:03.719256,462.8,462.6,462.8,9340731.0
2018-01-25 10:47:04.721703,462.8,462.6,462.8,9340731.0
2018-01-25 10:47:05.662952,462.8,462.6,462.8,9340731.0
2018-01-25 10:47:06.774610,462.8,462.6,462.8,9340731.0
2018-01-25 10:47:08.090743,462.8,462.6,462.8,9341431.0
2018-01-25 10:47:09.257992,462.8,462.6,462.8,9341431.0
2018-01-25 10:47:10.558069,462.6,462.4,462.6,9348831.0
2018-01-25 10:47:11.755707,462.6,462.4,462.6,9353231.0
2018-01-25 10:47:12.985697,462.6,462.4,462.6,9348831.0
2018-01-25 10:47:13.814029,462.6,462.4,462.6,9353231.0
2018-01-25 10:47:14.654829,462.6,462.4,462.6,9348831.0
2018-01-25 10:47:15.706124,462.6,462.4,462.6,9348831.0
2018-01-25 10:47:16.913167,462.6,462.4,462.6,9353231.0
2018-01-25 10:47:17.958053,462.6,462.4,462.6,9353231.0
2018-01-25 10:47:18.794862,462.6,462.4,462.6,9348831.0
2018-01-25 10:47:20.066342,462.6,462.4,462.6,9353231.0
2018-01-25 10:47:21.265147,462.6,462.4,462.6,9354831.0
2018-01-25 10:47:22.466021,462.6,462.4,462.6,9354831.0
2018-01-25 10:47:24.066655,462.6,462.4,462.6,9354831.0
2018-01-25 10:47:24.994604,462.6,462.4,462.6,9354831.0
2018-01-25 10:47:25.936052,462.6,462.4,462.6,9354831.0
2018-01-25 10:47:27.093648,462.6,462.4,462.6,9353231.0
2018-01-25 10:47:28.288753,462.6,462.4,462.6,9354831.0
2018-01-25 10:47:29.224647,462.6,462.4,462.6,9354831.0
2018-01-25 10:47:30.484493,462.6,462.4,462.6,9354831.0
2018-01-25 10:47:31.673498,462.6,462.4,462.6,9353231.0
2018-01-25 10:47:32.623442,462.6,462.4,462.6,9354831.0
2018-01-25 10:47:33.831923,462.6,462.4,462.6,9354831.0
2018-01-25 10:47:34.734331,462.6,462.4,462.6,9354831.0
2018-01-25 10:47:35.647187,462.6,462.4,462.6,9356131.0
2018-01-25 10:47:36.872983,462.6,462.4,462.6,9359131.0
2018-01-25 10:47:37.873208,462.6,462.4,462.6,9359131.0
2018-01-25 10:47:39.028724,462.6,462.4,462.6,9359131.0
2018-01-25 10:47:40.127073,462.6,462.4,462.6,9359531.0
2018-01-25 10:47:40.926954,462.6,462.4,462.6,9359131.0
2018-01-25 10:47:41.809258,462.6,462.4,462.6,9359131.0
2018-01-25 10:47:42.684478,462.6,462.4,462.6,9359131.0
2018-01-25 10:47:43.653695,462.6,462.4,462.6,9359531.0
2018-01-25 10:47:45.206624,462.6,462.4,462.6,9359131.0
2018-01-25 10:47:46.276720,462.6,462.4,462.6,9359131.0
2018-01-25 10:47:47.361209,462.6,462.4,462.6,9359131.0
2018-01-25 10:47:48.241162,462.6,462.4,462.6,9359531.0
2018-01-25 10:47:49.517339,462.6,462.4,462.6,9359131.0
2018-01-25 10:47:50.764571,462.6,462.4,462.6,9359531.0
2018-01-25 10:47:51.987331,462.6,462.4,462.6,9359531.0
2018-01-25 10:47:53.321959,462.6,462.4,462.6,9359531.0
2018-01-25 10:47:54.362037,462.6,462.4,462.6,9359131.0
2018-01-25 10:47:55.358728,462.6,462.4,462.6,9359531.0
2018-01-25 10:47:56.600651,462.6,462.4,462.6,9359531.0
2018-01-25 10:47:57.557275,462.2,462.2,462.6,9384731.0
2018-01-25 10:47:59.066877,462.2,462.2,462.6,9384831.0
2018-01-25 10:48:00.052279,462.2,462.2,462.6,9384731.0
2018-01-25 10:48:00.954393,462.2,462.2,462.6,9384831.0
2018-01-25 10:48:02.041280,462.4,462.2,462.4,9391931.0
2018-01-25 10:48:03.007044,462.4,462.2,462.4,9392431.0
2018-01-25 10:48:04.272541,462.4,462.2,462.4,9392431.0
2018-01-25 10:48:05.173918,462.4,462.2,462.4,9391931.0
2018-01-25 10:48:06.382336,462.4,462.2,462.4,9392431.0
2018-01-25 10:48:07.561138,462.4,462.2,462.4,9392431.0
2018-01-25 10:48:09.182018,462.4,462.2,462.4,9392431.0
2018-01-25 10:48:10.418294,462.4,462.2,462.4,9392431.0
2018-01-25 10:48:11.293982,462.4,462.2,462.4,9391931.0
2018-01-25 10:48:12.591654,462.4,462.2,462.4,9391931.0
2018-01-25 10:48:13.499017,462.4,462.2,462.4,9392431.0
2018-01-25 10:48:14.713231,462.2,462.2,462.4,9397331.0
2018-01-25 10:48:15.910631,462.2,462.2,462.4,9397331.0
2018-01-25 10:48:17.139139,462.2,462.2,462.4,9397331.0
2018-01-25 10:48:18.336548,462.2,462.2,462.4,9397331.0
2018-01-25 10:48:19.472522,462.2,462.2,462.4,9397331.0
2018-01-25 10:48:20.294606,462.2,462.2,462.4,9397331.0
2018-01-25 10:48:21.468403,462.2,462.2,462.4,9397331.0
2018-01-25 10:48:23.084791,462.4,462.2,462.4,9418931.0
2018-01-25 10:48:24.852792,462.4,462.2,462.4,9418931.0
2018-01-25 10:48:26.323707,462.4,462.2,462.4,9416231.0
2018-01-25 10:48:27.473825,462.4,462.2,462.4,9416231.0
2018-01-25 10:48:28.716910,462.4,462.2,462.4,9418931.0
2018-01-25 10:48:29.882259,462.4,462.2,462.4,9420731.0
2018-01-25 10:48:31.329206,462.4,462.4,462.6,9424731.0
2018-01-25 10:48:32.544313,462.2,462.2,462.6,9426931.0
2018-01-25 10:48:34.137144,462.2,462.2,462.6,9426931.0
2018-01-25 10:48:35.303021,462.2,462.2,462.6,9426931.0
2018-01-25 10:48:36.839337,462.6,462.2,462.6,9427031.0
2018-01-25 10:48:38.025435,462.2,462.2,462.6,9428131.0
2018-01-25 10:48:39.686834,462.6,462.2,462.6,9428431.0
2018-01-25 10:48:40.827738,462.6,462.2,462.6,9428431.0
2018-01-25 10:48:42.192178,462.6,462.2,462.6,9430231.0
2018-01-25 10:48:43.303825,462.6,462.2,462.6,9430231.0
2018-01-25 10:48:44.506328,462.4,462.2,462.4,9430531.0
