time,price,bid,ask,volume
2018-01-24 10:17:12.712899,469.0,468.8,469.2,6106497.0
2018-01-24 10:17:13.957255,469.0,468.8,469.2,6106497.0
2018-01-24 10:17:16.246656,469.0,468.8,469.2,6106497.0
2018-01-24 10:17:17.639784,469.0,468.8,469.2,6112897.0
2018-01-24 10:17:18.873950,469.0,468.8,469.2,6112897.0
2018-01-24 10:17:20.132435,469.0,469.0,469.2,6112897.0
2018-01-24 10:17:21.731785,469.0,469.0,469.2,6112897.0
2018-01-24 10:17:23.066132,469.0,469.0,469.2,6112897.0
2018-01-24 10:17:24.433642,469.0,468.8,469.2,6148797.0
2018-01-24 10:17:25.912321,469.2,469.0,469.2,6162897.0
2018-01-24 10:17:27.370399,469.2,469.0,469.2,6162997.0
2018-01-24 10:17:28.670456,469.2,469.0,469.2,6162997.0
2018-01-24 10:17:30.016557,469.2,469.0,469.2,6162897.0
2018-01-24 10:17:31.234257,469.2,469.0,469.2,6168097.0
2018-01-24 10:17:32.693661,469.2,469.2,469.4,6168097.0
2018-01-24 10:17:33.798832,469.2,469.2,469.4,6168097.0
2018-01-24 10:17:35.271929,469.2,469.2,469.4,6168097.0
2018-01-24 10:17:36.514287,469.0,469.0,469.4,6177497.0
2018-01-24 10:17:37.995925,469.4,468.8,469.4,6187197.0
2018-01-24 10:17:39.218084,469.4,468.8,469.4,6187197.0
2018-01-24 10:17:40.550613,469.4,469.0,469.4,6188397.0
2018-01-24 10:17:41.859892,469.4,469.0,469.4,6189697.0
2018-01-24 10:17:43.341740,469.4,469.0,469.4,6189697.0
2018-01-24 10:17:44.665499,469.4,469.0,469.4,6189697.0
2018-01-24 10:17:46.071827,469.2,469.0,469.4,6206097.0
2018-01-24 10:17:48.216493,469.2,469.0,469.4,6206097.0
2018-01-24 10:17:50.920019,469.2,469.2,469.6,6207097.0
2018-01-24 10:17:52.320245,469.4,469.2,469.6,6207297.0
2018-01-24 10:17:53.663173,469.4,469.2,469.6,6207297.0
2018-01-24 10:17:54.893135,469.4,469.2,469.6,6207297.0
2018-01-24 10:17:56.009798,469.4,469.2,469.6,6207297.0
2018-01-24 10:17:57.281769,469.2,469.2,469.6,6207097.0
2018-01-24 10:17:58.407770,469.2,469.2,469.6,6207097.0
2018-01-24 10:17:59.435652,469.4,469.2,469.6,6210597.0
2018-01-24 10:18:01.317738,469.2,469.2,469.6,6207797.0
2018-01-24 10:18:02.495744,469.2,469.2,469.6,6207797.0
2018-01-24 10:18:03.707248,469.4,469.2,469.6,6210597.0
2018-01-24 10:18:04.935738,469.2,469.2,469.6,6207797.0
2018-01-24 10:18:06.522911,469.2,469.2,469.6,6207797.0
2018-01-24 10:18:07.816722,469.4,469.2,469.6,6210597.0
2018-01-24 10:18:09.283588,469.2,469.2,469.6,6210797.0
2018-01-24 10:18:10.621331,469.4,469.2,469.6,6211897.0
2018-01-24 10:18:12.038619,469.2,469.2,469.4,6210797.0
2018-01-24 10:18:13.350102,469.2,469.2,469.4,6210797.0
2018-01-24 10:18:14.708478,469.2,469.2,469.6,6210797.0
2018-01-24 10:18:16.225465,469.4,469.2,469.4,6211897.0
2018-01-24 10:18:17.792230,469.4,469.2,469.4,6211897.0
2018-01-24 10:18:19.300585,469.2,469.2,469.4,6212397.0
2018-01-24 10:18:20.756270,469.2,469.2,469.4,6212397.0
2018-01-24 10:18:21.883054,469.4,469.2,469.4,6213997.0
2018-01-24 10:18:23.200007,469.4,469.2,469.4,6213997.0
2018-01-24 10:18:24.591944,469.4,469.2,469.4,6213997.0
2018-01-24 10:18:25.912824,469.2,469.2,469.4,6214497.0
2018-01-24 10:18:27.417106,469.2,469.2,469.4,6214497.0
2018-01-24 10:18:28.660737,469.4,469.2,469.4,6216297.0
2018-01-24 10:18:30.140860,469.4,469.2,469.4,6220097.0
2018-01-24 10:18:31.426911,469.4,469.2,469.4,6220097.0
2018-01-24 10:18:32.771651,469.4,469.2,469.4,6220097.0
2018-01-24 10:18:34.067516,469.4,469.2,469.4,6220097.0
2018-01-24 10:18:36.806895,469.4,469.2,469.4,6220097.0
2018-01-24 10:18:37.930664,469.4,469.2,469.4,6222597.0
2018-01-24 10:18:39.104740,469.4,469.2,469.4,6222597.0
2018-01-24 10:18:41.238843,469.2,469.2,469.4,6222497.0
2018-01-24 10:18:42.415831,469.2,469.2,469.4,6222497.0
2018-01-24 10:18:44.172698,469.2,469.2,469.4,6222497.0
2018-01-24 10:18:45.367682,469.2,469.2,469.4,6222497.0
2018-01-24 10:18:46.775315,469.4,469.2,469.4,6222597.0
2018-01-24 10:18:48.042747,469.2,469.2,469.4,6223397.0
2018-01-24 10:18:49.494822,469.4,469.2,469.4,6223772.0
2018-01-24 10:18:50.801476,469.2,469.2,469.4,6224472.0
2018-01-24 10:18:51.969625,469.4,469.2,469.4,6228472.0
2018-01-24 10:18:53.179433,469.2,469.2,469.4,6224472.0
2018-01-24 10:18:54.203413,469.4,469.2,469.4,6228472.0
2018-01-24 10:18:56.297733,469.4,469.2,469.4,6228472.0
2018-01-24 10:18:57.928085,469.2,469.2,469.4,6229772.0
2018-01-24 10:18:59.609373,469.2,469.2,469.4,6229772.0
2018-01-24 10:19:00.966867,469.2,469.2,469.4,6229772.0
2018-01-24 10:19:02.753877,469.2,469.2,469.4,6229772.0
2018-01-24 10:19:04.365764,469.4,469.2,469.4,6312272.0
2018-01-24 10:19:06.440688,469.4,469.2,469.4,6312272.0
2018-01-24 10:19:07.725898,469.4,469.2,469.4,6312872.0
2018-01-24 10:19:08.910627,469.4,469.2,469.4,6312872.0
2018-01-24 10:19:10.152024,469.4,469.2,469.4,6313572.0
2018-01-24 10:19:11.426357,469.4,469.2,469.4,6312872.0
2018-01-24 10:19:12.631705,469.4,469.2,469.4,6314272.0
2018-01-24 10:19:14.056619,469.4,469.2,469.4,6315172.0
2018-01-24 10:19:15.496526,469.4,469.2,469.4,6315172.0
2018-01-24 10:19:16.585847,469.4,469.2,469.4,6319172.0
2018-01-24 10:19:17.749651,469.4,469.2,469.4,6319172.0
2018-01-24 10:19:18.971880,469.4,469.2,469.4,6315172.0
2018-01-24 10:19:20.328226,469.4,469.2,469.4,6319172.0
2018-01-24 10:19:21.527921,469.2,469.2,469.4,6320672.0
2018-01-24 10:19:23.021502,469.2,469.2,469.4,6320672.0
2018-01-24 10:19:24.259666,469.2,469.2,469.4,6320672.0
2018-01-24 10:19:25.464462,469.2,469.2,469.4,6320672.0
2018-01-24 10:19:26.671668,469.2,469.2,469.4,6320672.0
2018-01-24 10:19:27.861001,469.2,469.2,469.4,6320672.0
2018-01-24 10:19:29.252584,469.2,469.2,469.4,6320672.0
2018-01-24 10:19:30.494188,469.2,469.2,469.4,6320672.0
2018-01-24 10:19:32.238809,469.4,469.2,469.4,6322572.0
2018-01-24 10:19:33.769329,469.4,469.2,469.4,6322572.0
2018-01-24 10:19:34.959994,469.4,469.2,469.4,6322572.0
2018-01-24 10:19:36.338009,469.2,469.2,469.4,6321572.0
2018-01-24 10:19:37.498382,469.2,469.2,469.4,6321572.0
2018-01-24 10:19:38.848690,469.4,469.2,469.4,6322572.0
2018-01-24 10:19:40.104187,469.4,469.2,469.4,6322572.0
2018-01-24 10:19:41.641394,469.4,469.2,469.4,6325672.0
2018-01-24 10:19:43.134841,469.4,469.2,469.4,6327172.0
2018-01-24 10:19:44.662365,469.4,469.2,469.4,6327172.0
2018-01-24 10:19:46.325372,469.4,469.2,469.4,6328772.0
2018-01-24 10:19:47.570236,469.6,469.2,469.4,6358872.0
2018-01-24 10:19:48.763622,469.6,469.4,469.6,6365472.0
2018-01-24 10:19:50.082635,469.6,469.4,469.6,6370972.0
2018-01-24 10:19:51.456487,469.6,469.4,469.6,6370972.0
2018-01-24 10:19:52.598512,469.6,469.4,469.6,6370972.0
2018-01-24 10:19:53.769515,469.6,469.4,469.6,6370972.0
2018-01-24 10:19:54.991787,469.4,469.4,469.6,6368672.0
2018-01-24 10:19:56.220875,469.6,469.4,469.6,6370972.0
2018-01-24 10:19:58.215839,469.4,469.4,469.6,6368672.0
2018-01-24 10:19:59.616754,469.4,469.4,469.6,6368672.0
2018-01-24 10:20:00.813653,469.6,469.4,469.6,6370972.0
2018-01-24 10:20:02.513638,469.6,469.4,469.6,6370972.0
2018-01-24 10:20:03.748131,469.6,469.4,469.6,6370972.0
2018-01-24 10:20:04.925098,469.4,469.4,469.6,6372272.0
2018-01-24 10:20:06.251726,469.6,469.4,469.6,6370972.0
2018-01-24 10:20:07.380904,469.4,469.4,469.6,6372272.0
2018-01-24 10:20:08.716905,469.4,469.4,469.6,6372272.0
2018-01-24 10:20:09.928099,469.6,469.4,469.6,6370972.0
2018-01-24 10:20:11.104675,469.4,469.4,469.6,6372272.0
2018-01-24 10:20:12.355640,469.4,469.4,469.6,6372272.0
2018-01-24 10:20:13.471092,469.4,469.4,469.6,6372672.0
2018-01-24 10:20:14.689870,469.4,469.4,469.6,6372272.0
2018-01-24 10:20:15.891859,469.4,469.4,469.6,6372672.0
2018-01-24 10:20:17.289725,469.4,469.4,469.6,6372672.0
2018-01-24 10:20:18.573623,469.4,469.4,469.6,6372672.0
2018-01-24 10:20:19.834645,469.6,469.4,469.6,6375972.0
2018-01-24 10:20:21.786293,469.4,469.4,469.6,6376272.0
2018-01-24 10:20:23.048666,469.4,469.4,469.6,6387172.0
2018-01-24 10:20:24.400348,469.4,469.4,469.6,6389372.0
2018-01-24 10:20:26.176132,469.4,469.4,469.6,6393272.0
2018-01-24 10:20:27.496091,469.4,469.2,469.4,6393872.0
2018-01-24 10:20:28.677059,469.4,469.2,469.4,6395472.0
2018-01-24 10:20:29.976362,469.4,469.2,469.4,6393872.0
2018-01-24 10:20:31.226809,469.4,469.2,469.4,6393872.0
2018-01-24 10:20:32.554265,469.4,469.2,469.4,6393872.0
2018-01-24 10:20:33.932943,469.2,469.2,469.4,6398572.0
2018-01-24 10:20:35.304133,469.2,469.2,469.4,6397872.0
2018-01-24 10:20:36.677573,469.2,469.2,469.4,6398572.0
2018-01-24 10:20:37.925072,469.2,469.2,469.4,6398572.0
2018-01-24 10:20:39.018575,469.2,469.2,469.4,6398872.0
2018-01-24 10:20:40.182148,469.2,469.2,469.4,6398872.0
2018-01-24 10:20:42.244639,469.2,469.2,469.4,6404372.0
2018-01-24 10:20:43.809924,469.2,469.2,469.4,6406472.0
2018-01-24 10:20:45.052827,469.2,469.2,469.4,6406472.0
2018-01-24 10:20:46.305793,469.2,469.2,469.4,6406472.0
2018-01-24 10:20:48.073380,469.2,469.2,469.4,6406472.0
2018-01-24 10:20:49.584076,469.2,469.2,469.4,6407972.0
2018-01-24 10:20:51.145641,469.4,469.2,469.4,6408272.0
2018-01-24 10:20:52.210198,469.2,469.2,469.4,6407972.0
2018-01-24 10:20:53.749365,469.4,469.2,469.4,6408272.0
2018-01-24 10:20:55.100213,469.4,469.2,469.4,6410472.0
2018-01-24 10:20:56.405813,469.4,469.2,469.4,6410472.0
2018-01-24 10:20:57.565934,469.4,469.2,469.4,6410472.0
2018-01-24 10:20:58.812536,469.4,469.2,469.4,6410472.0
2018-01-24 10:21:00.035682,469.4,469.2,469.4,6410472.0
2018-01-24 10:21:01.533346,469.4,469.2,469.4,6410472.0
2018-01-24 10:21:02.761194,469.4,469.2,469.4,6412572.0
2018-01-24 10:21:04.219728,469.4,469.2,469.4,6412572.0
2018-01-24 10:21:05.557370,469.4,469.2,469.4,6412572.0
2018-01-24 10:21:06.808433,469.4,469.2,469.4,6415072.0
2018-01-24 10:21:07.992499,469.4,469.2,469.4,6412572.0
2018-01-24 10:21:09.221235,469.4,469.2,469.4,6415072.0
2018-01-24 10:21:10.487370,469.2,469.2,469.4,6415172.0
2018-01-24 10:21:11.571924,469.2,469.2,469.4,6417472.0
2018-01-24 10:21:12.727611,469.2,469.2,469.4,6417472.0
2018-01-24 10:21:14.126060,469.2,469.2,469.4,6417472.0
2018-01-24 10:21:15.521449,469.2,469.2,469.4,6417472.0
2018-01-24 10:21:16.936087,469.2,469.2,469.4,6418372.0
2018-01-24 10:21:18.129617,469.2,469.2,469.4,6418372.0
2018-01-24 10:21:19.466630,469.2,469.2,469.4,6418372.0
2018-01-24 10:21:20.685009,469.2,469.2,469.4,6418772.0
2018-01-24 10:21:21.855622,469.4,469.2,469.4,6423072.0
2018-01-24 10:21:23.076941,469.4,469.2,469.4,6423072.0
2018-01-24 10:21:24.371411,469.4,469.2,469.4,6423072.0
2018-01-24 10:21:26.381996,469.4,469.2,469.4,6423072.0
2018-01-24 10:21:27.577800,469.4,469.2,469.4,6423072.0
2018-01-24 10:21:28.950841,469.4,469.2,469.4,6423072.0
2018-01-24 10:21:30.554296,469.4,469.2,469.4,6427352.0
2018-01-24 10:21:32.018081,469.4,469.2,469.4,6436952.0
2018-01-24 10:21:33.216973,469.4,469.2,469.6,6436952.0
2018-01-24 10:21:34.459559,469.4,469.2,469.6,6439752.0
2018-01-24 10:21:35.740585,469.4,469.2,469.6,6443752.0
2018-01-24 10:21:37.370380,469.4,469.2,469.6,6443752.0
2018-01-24 10:21:38.723106,469.4,469.2,469.6,6443752.0
2018-01-24 10:21:39.954042,469.6,469.4,469.6,6454852.0
2018-01-24 10:21:41.186689,469.6,469.4,469.6,6454852.0
2018-01-24 10:21:42.535005,469.6,469.4,469.6,6457352.0
2018-01-24 10:21:43.963016,469.6,469.6,469.8,6458652.0
2018-01-24 10:21:45.282705,469.6,469.6,469.8,6458652.0
2018-01-24 10:21:46.855419,469.6,469.4,469.6,6457352.0
2018-01-24 10:21:48.038319,469.6,469.6,469.8,6457352.0
2018-01-24 10:21:49.709032,469.6,469.4,469.6,6460452.0
2018-01-24 10:21:50.811844,469.6,469.4,469.6,6460452.0
2018-01-24 10:21:52.141667,469.6,469.6,469.8,6458652.0
2018-01-24 10:21:53.373458,469.6,469.6,469.8,6460452.0
2018-01-24 10:21:54.723533,469.8,469.6,469.8,6477252.0
2018-01-24 10:21:55.940604,469.8,469.6,469.8,6479852.0
2018-01-24 10:21:57.322716,469.8,469.6,469.8,6479852.0
2018-01-24 10:21:58.592025,469.8,469.6,470.0,6479852.0
2018-01-24 10:21:59.739431,469.8,469.6,470.0,6479852.0
2018-01-24 10:22:00.942394,469.8,469.6,469.8,6479852.0
2018-01-24 10:22:02.182800,470.0,469.8,470.0,6483252.0
2018-01-24 10:22:03.334235,469.6,469.8,470.0,6482952.0
2018-01-24 10:22:04.578012,470.0,469.8,470.0,6483252.0
2018-01-24 10:22:05.751452,469.6,469.8,470.0,6482952.0
2018-01-24 10:22:07.068940,470.0,469.8,470.0,6483252.0
2018-01-24 10:22:08.640084,470.0,469.8,470.0,6483252.0
2018-01-24 10:22:09.871313,470.0,469.8,470.0,6485852.0
2018-01-24 10:22:11.143375,470.0,469.8,470.0,6485852.0
2018-01-24 10:22:12.601108,470.0,469.8,470.0,6485852.0
2018-01-24 10:22:13.856466,470.0,469.8,470.0,6490352.0
2018-01-24 10:22:15.118645,469.8,469.8,470.0,6486652.0
2018-01-24 10:22:16.552177,469.8,469.6,469.8,6499252.0
2018-01-24 10:22:17.905542,469.6,469.6,469.8,6498352.0
2018-01-24 10:22:19.311566,469.8,469.6,469.8,6499252.0
2018-01-24 10:22:20.431655,469.6,469.6,469.8,6498352.0
2018-01-24 10:22:21.814393,469.8,469.6,470.0,6503952.0
2018-01-24 10:22:23.100234,469.8,469.6,470.0,6503952.0
2018-01-24 10:22:24.546900,469.8,469.6,470.0,6504252.0
2018-01-24 10:22:25.773346,469.8,469.6,470.0,6504252.0
2018-01-24 10:22:27.084904,469.8,469.6,470.0,6503952.0
2018-01-24 10:22:28.264539,469.8,469.6,470.0,6504252.0
2018-01-24 10:22:29.583502,469.8,469.6,470.0,6503952.0
2018-01-24 10:22:31.171943,470.0,469.8,470.0,6510152.0
2018-01-24 10:22:32.501838,470.0,469.8,470.0,6510152.0
2018-01-24 10:22:33.809887,469.8,469.8,470.0,6509652.0
2018-01-24 10:22:35.037824,469.8,469.8,470.0,6509652.0
2018-01-24 10:22:36.285868,470.0,469.8,470.0,6510152.0
2018-01-24 10:22:37.780564,469.8,469.8,470.0,6511452.0
2018-01-24 10:22:39.024737,469.8,469.8,470.0,6511452.0
2018-01-24 10:22:40.094066,469.8,469.8,470.0,6511452.0
2018-01-24 10:22:41.411117,469.8,469.8,470.0,6511452.0
2018-01-24 10:22:42.793222,469.8,469.8,470.0,6511452.0
2018-01-24 10:22:43.982871,469.8,469.8,470.0,6511452.0
2018-01-24 10:22:45.218391,469.8,469.8,470.0,6511452.0
2018-01-24 10:22:46.639881,469.8,469.8,470.0,6511452.0
2018-01-24 10:22:47.845187,469.8,469.8,470.0,6511452.0
2018-01-24 10:22:49.080025,469.8,469.8,470.0,6511452.0
2018-01-24 10:22:50.422665,469.8,469.8,470.0,6512352.0
2018-01-24 10:22:51.737866,469.8,469.8,470.0,6512352.0
2018-01-24 10:22:52.968090,469.8,469.8,470.0,6512352.0
2018-01-24 10:22:54.498461,469.8,469.8,470.0,6515152.0
2018-01-24 10:22:55.982136,469.8,469.8,470.0,6515152.0
2018-01-24 10:22:57.238331,469.8,469.8,470.0,6515152.0
2018-01-24 10:22:58.363496,469.8,469.8,470.0,6515152.0
2018-01-24 10:22:59.868648,469.8,469.8,470.0,6515152.0
2018-01-24 10:23:01.131138,469.8,469.8,470.0,6515152.0
2018-01-24 10:23:02.295792,469.8,469.8,470.0,6515152.0
2018-01-24 10:23:03.873319,470.0,469.8,470.0,6518462.0
2018-01-24 10:23:05.069908,469.8,469.8,470.0,6517562.0
2018-01-24 10:23:06.365908,469.8,469.8,470.0,6517562.0
2018-01-24 10:23:07.604224,469.8,469.8,470.0,6537262.0
2018-01-24 10:23:08.879852,469.8,469.6,470.0,6537262.0
2018-01-24 10:23:10.291395,470.0,469.6,470.0,6541962.0
2018-01-24 10:23:11.623803,470.0,469.6,470.0,6541962.0
2018-01-24 10:23:12.816239,470.0,469.6,470.0,6546662.0
2018-01-24 10:23:14.436675,470.0,469.6,470.0,6546762.0
2018-01-24 10:23:16.114149,470.0,469.6,470.0,6546662.0
2018-01-24 10:23:17.379902,470.0,469.6,470.0,6546762.0
2018-01-24 10:23:18.565562,470.0,469.6,470.0,6546762.0
2018-01-24 10:23:19.904133,469.8,469.6,469.8,6553962.0
2018-01-24 10:23:21.373025,469.6,469.6,469.8,6553462.0
2018-01-24 10:23:22.603100,469.8,469.6,469.8,6553962.0
2018-01-24 10:23:23.903176,469.8,469.6,469.8,6556562.0
2018-01-24 10:23:25.426389,469.8,469.6,469.8,6556562.0
2018-01-24 10:23:26.694018,469.8,469.6,470.0,6556462.0
2018-01-24 10:23:27.891063,469.8,469.6,470.0,6559562.0
2018-01-24 10:23:29.067201,469.8,469.6,470.0,6559562.0
2018-01-24 10:23:30.500550,469.8,469.6,470.0,6559562.0
2018-01-24 10:23:32.122732,469.8,469.6,470.0,6559562.0
2018-01-24 10:23:33.441585,469.8,469.6,470.0,6559562.0
2018-01-24 10:23:34.663880,470.0,469.8,470.2,6631662.0
2018-01-24 10:23:35.853545,470.2,469.8,470.2,6641662.0
2018-01-24 10:23:37.089943,470.2,469.8,470.2,6639562.0
2018-01-24 10:23:38.248443,470.2,469.8,470.2,6639562.0
2018-01-24 10:23:39.453722,470.2,469.8,470.2,6639562.0
2018-01-24 10:23:41.325053,470.2,469.8,470.2,6641662.0
2018-01-24 10:23:42.754451,470.2,469.8,470.2,6639562.0
2018-01-24 10:23:44.064151,470.2,469.8,470.2,6641662.0
2018-01-24 10:23:45.296837,470.2,469.8,470.2,6639562.0
2018-01-24 10:23:46.529266,470.2,469.8,470.2,6639562.0
2018-01-24 10:23:47.745460,470.0,470.0,470.2,6643362.0
2018-01-24 10:23:49.185307,470.0,470.0,470.2,6652462.0
2018-01-24 10:23:50.521012,470.0,470.0,470.2,6652462.0
2018-01-24 10:23:51.783989,470.2,470.0,470.2,6660662.0
2018-01-24 10:23:53.065661,469.8,469.8,470.2,6660562.0
2018-01-24 10:23:54.497198,469.8,469.8,470.2,6660562.0
2018-01-24 10:23:55.740785,469.8,469.8,470.2,6660562.0
2018-01-24 10:23:57.053722,470.2,469.8,470.2,6660662.0
2018-01-24 10:23:58.343621,469.8,470.0,470.2,6660562.0
2018-01-24 10:24:01.030280,469.8,469.8,470.0,6665462.0
2018-01-24 10:24:02.341635,469.8,469.8,470.0,6664862.0
2018-01-24 10:24:03.722220,469.8,469.8,470.0,6664862.0
2018-01-24 10:24:04.962352,469.8,469.8,470.0,6667862.0
2018-01-24 10:24:06.443004,469.8,469.8,470.0,6667862.0
2018-01-24 10:24:07.885661,469.6,469.6,469.8,6676162.0
2018-01-24 10:24:09.314651,469.6,469.6,469.8,6675562.0
2018-01-24 10:24:11.364365,469.6,469.6,469.8,6675562.0
2018-01-24 10:24:12.650745,469.6,469.4,469.6,6676162.0
2018-01-24 10:24:14.232333,469.6,469.4,469.6,6676162.0
2018-01-24 10:24:15.705880,469.4,469.4,469.6,6678262.0
2018-01-24 10:24:16.989297,469.4,469.4,469.6,6678262.0
2018-01-24 10:24:18.229805,469.4,469.4,469.6,6706962.0
2018-01-24 10:24:19.481037,469.4,469.4,469.6,6706962.0
2018-01-24 10:24:20.922198,469.2,469.2,469.4,6722462.0
2018-01-24 10:24:22.449948,469.2,469.2,469.4,6722462.0
2018-01-24 10:24:23.821717,469.2,469.2,469.4,6722462.0
2018-01-24 10:24:25.291407,469.2,469.2,469.4,6722462.0
2018-01-24 10:24:26.779305,,,,
2018-01-24 10:24:28.298011,469.2,469.2,469.4,6722462.0
2018-01-24 10:24:29.561491,469.2,469.2,469.4,6722462.0
2018-01-24 10:24:30.906031,469.2,469.2,469.4,6724662.0
2018-01-24 10:24:32.138957,469.2,469.2,469.4,6724662.0
2018-01-24 10:24:33.523714,469.2,469.2,469.4,6724662.0
2018-01-24 10:24:35.151741,469.2,469.2,469.4,6728562.0
2018-01-24 10:24:36.439210,469.2,469.2,469.4,6728762.0
2018-01-24 10:24:37.873881,469.2,469.2,469.4,6728762.0
2018-01-24 10:24:39.477070,469.2,469.2,469.4,6728762.0
2018-01-24 10:24:40.803486,469.2,469.2,469.4,6732062.0
2018-01-24 10:24:42.390883,469.2,469.2,469.4,6732062.0
2018-01-24 10:24:43.717322,469.2,469.2,469.4,6730562.0
2018-01-24 10:24:45.031299,469.2,469.2,469.4,6730562.0
2018-01-24 10:24:46.220998,469.4,469.2,469.4,6734162.0
2018-01-24 10:24:47.427338,469.2,469.2,469.4,6732062.0
2018-01-24 10:24:48.733792,469.2,469.2,469.4,6735962.0
2018-01-24 10:24:50.157946,469.2,469.2,469.4,6735962.0
2018-01-24 10:24:51.793424,469.4,469.2,469.4,6735662.0
2018-01-24 10:24:53.307704,469.4,469.2,469.4,6735662.0
2018-01-24 10:24:54.520673,469.2,469.2,469.4,6735962.0
2018-01-24 10:24:55.963178,469.2,469.2,469.4,6735962.0
2018-01-24 10:24:57.761283,469.2,469.2,469.4,6737462.0
2018-01-24 10:24:59.055268,469.2,469.2,469.4,6737462.0
2018-01-24 10:25:00.241986,469.4,469.2,469.4,6737362.0
2018-01-24 10:25:01.552498,469.2,469.2,469.4,6737462.0
2018-01-24 10:25:02.750792,469.4,469.2,469.4,6737362.0
2018-01-24 10:25:04.239812,469.2,469.2,469.4,6737462.0
2018-01-24 10:25:06.385356,469.4,469.2,469.4,6737362.0
2018-01-24 10:25:07.409990,469.4,469.2,469.4,6737362.0
2018-01-24 10:25:08.563216,469.2,469.2,469.4,6737462.0
2018-01-24 10:25:09.881533,469.2,469.2,469.4,6742462.0
2018-01-24 10:25:11.072412,469.2,469.2,469.4,6742462.0
2018-01-24 10:25:12.554204,469.2,469.2,469.4,6742462.0
2018-01-24 10:25:13.756484,469.2,469.2,469.4,6742462.0
2018-01-24 10:25:16.345782,469.2,469.2,469.4,6742462.0
2018-01-24 10:25:17.622149,469.2,469.2,469.4,6742462.0
2018-01-24 10:25:18.560158,469.4,469.2,469.4,6747862.0
2018-01-24 10:25:19.479122,469.4,469.2,469.4,6747862.0
2018-01-24 10:25:20.777636,469.2,469.2,469.4,6747962.0
2018-01-24 10:25:21.943357,469.2,469.2,469.4,6747962.0
2018-01-24 10:25:22.955947,469.2,469.2,469.4,6747962.0
2018-01-24 10:25:23.854827,469.2,469.2,469.4,6750062.0
2018-01-24 10:25:24.992070,469.2,469.2,469.4,6750062.0
2018-01-24 10:25:26.018375,469.2,469.2,469.4,6750062.0
2018-01-24 10:25:27.045603,469.2,469.2,469.4,6750062.0
2018-01-24 10:25:28.114526,469.2,469.2,469.4,6750062.0
2018-01-24 10:25:29.109471,469.2,469.2,469.4,6750062.0
2018-01-24 10:25:30.210981,469.2,469.2,469.4,6756062.0
2018-01-24 10:25:31.253147,469.2,469.2,469.4,6756062.0
2018-01-24 10:25:32.153511,469.2,469.2,469.4,6756062.0
2018-01-24 10:25:33.005868,469.2,469.2,469.4,6756062.0
2018-01-24 10:25:33.962886,469.2,469.2,469.4,6756062.0
2018-01-24 10:25:34.942377,469.2,469.2,469.4,6756062.0
2018-01-24 10:25:36.015726,469.2,469.2,469.4,6756062.0
2018-01-24 10:25:37.110444,469.2,469.2,469.4,6756062.0
2018-01-24 10:25:38.039130,469.2,469.2,469.4,6759562.0
2018-01-24 10:25:39.073781,469.0,469.0,469.2,6760262.0
2018-01-24 10:25:40.143212,469.2,469.2,469.4,6763462.0
2018-01-24 10:25:41.077037,469.2,469.2,469.4,6763362.0
2018-01-24 10:25:42.237822,469.2,469.2,469.4,6763362.0
2018-01-24 10:25:43.250469,469.2,469.2,469.4,6763362.0
2018-01-24 10:25:44.177079,469.2,469.0,469.2,6764562.0
2018-01-24 10:25:45.461725,469.2,469.2,469.4,6764562.0
2018-01-24 10:25:46.740719,469.2,469.0,469.4,6765062.0
2018-01-24 10:25:48.181250,469.2,469.0,469.2,6770762.0
2018-01-24 10:25:49.490995,469.2,469.0,469.2,6770762.0
2018-01-24 10:25:50.881786,469.2,469.0,469.2,6826662.0
2018-01-24 10:25:52.212405,469.2,469.0,469.2,6826162.0
2018-01-24 10:25:53.542509,469.2,469.0,469.2,6826662.0
2018-01-24 10:25:54.861432,469.2,469.0,469.2,6826662.0
2018-01-24 10:25:56.431237,469.0,469.0,469.2,6829462.0
2018-01-24 10:25:57.886264,469.0,469.0,469.2,6829462.0
2018-01-24 10:25:59.133476,469.0,469.0,469.2,6829462.0
2018-01-24 10:26:00.296524,469.0,469.0,469.2,6829462.0
2018-01-24 10:26:01.783987,469.2,469.0,469.2,6833162.0
2018-01-24 10:26:03.000558,469.2,469.0,469.2,6833162.0
2018-01-24 10:26:04.624557,469.2,469.0,469.2,6833162.0
2018-01-24 10:26:06.017745,469.2,469.0,469.2,6833162.0
2018-01-24 10:26:07.523082,469.2,469.0,469.2,6833162.0
2018-01-24 10:26:08.670627,469.2,469.0,469.2,6833162.0
2018-01-24 10:26:09.818554,469.2,469.0,469.2,6833162.0
2018-01-24 10:26:11.673503,469.2,469.0,469.2,6833162.0
2018-01-24 10:26:12.778468,469.2,469.0,469.2,6833162.0
2018-01-24 10:26:14.028823,469.2,469.2,469.4,6838762.0
2018-01-24 10:26:15.201098,469.2,469.2,469.4,6839062.0
2018-01-24 10:26:16.659740,469.2,469.2,469.4,6838762.0
2018-01-24 10:26:18.210302,469.2,469.2,469.4,6838762.0
2018-01-24 10:26:19.560173,469.2,469.2,469.4,6839062.0
2018-01-24 10:26:21.126783,469.2,469.2,469.4,6839062.0
2018-01-24 10:26:22.458073,469.2,469.2,469.4,6838762.0
2018-01-24 10:26:23.865655,469.2,469.2,469.4,6838762.0
2018-01-24 10:26:25.100447,469.2,469.2,469.4,6839062.0
2018-01-24 10:26:27.023214,469.2,469.2,469.4,6846562.0
2018-01-24 10:26:27.915681,469.2,469.2,469.4,6846562.0
2018-01-24 10:26:28.924863,469.2,469.2,469.4,6846562.0
2018-01-24 10:26:29.920772,469.2,469.2,469.4,6846562.0
2018-01-24 10:26:31.055256,469.2,469.2,469.4,6846562.0
2018-01-24 10:26:32.120313,469.2,469.2,469.4,6846562.0
2018-01-24 10:26:33.211375,469.2,469.2,469.4,6846562.0
2018-01-24 10:26:34.434694,469.2,469.2,469.4,6846562.0
2018-01-24 10:26:35.980974,469.2,469.2,469.4,6846562.0
2018-01-24 10:26:37.060817,469.4,469.2,469.4,6847962.0
2018-01-24 10:26:38.217424,469.4,469.2,469.4,6847962.0
2018-01-24 10:26:39.311900,469.4,469.2,469.4,6847962.0
2018-01-24 10:26:40.345698,469.4,469.2,469.4,6847962.0
2018-01-24 10:26:41.589552,469.4,469.2,469.4,6847962.0
2018-01-24 10:26:42.884894,469.4,469.2,469.4,6847962.0
2018-01-24 10:26:44.051379,469.4,469.2,469.4,6847962.0
2018-01-24 10:26:45.093268,469.4,469.2,469.4,6847962.0
2018-01-24 10:26:46.232272,469.4,469.2,469.4,6847962.0
2018-01-24 10:26:47.438826,469.4,469.2,469.4,6847962.0
2018-01-24 10:26:48.980776,469.4,469.2,469.4,6847962.0
2018-01-24 10:26:50.387524,469.4,469.2,469.4,6847962.0
2018-01-24 10:26:51.954077,469.4,469.2,469.4,6847962.0
2018-01-24 10:26:53.073507,469.4,469.2,469.4,6847962.0
2018-01-24 10:26:54.195589,469.4,469.2,469.4,6847962.0
2018-01-24 10:26:55.225214,469.4,469.2,469.4,6847962.0
2018-01-24 10:26:56.346089,469.4,469.2,469.4,6847962.0
2018-01-24 10:26:57.983148,469.4,469.2,469.4,6847962.0
2018-01-24 10:26:59.106999,469.4,469.2,469.4,6847962.0
2018-01-24 10:27:00.426330,469.4,469.2,469.4,6847962.0
2018-01-24 10:27:01.704037,469.4,469.2,469.4,6847962.0
2018-01-24 10:27:02.913314,469.4,469.2,469.4,6847962.0
2018-01-24 10:27:04.135173,469.4,469.2,469.4,6847962.0
2018-01-24 10:27:06.315875,469.2,469.2,469.4,6850762.0
2018-01-24 10:27:07.769125,469.2,469.2,469.4,6850762.0
2018-01-24 10:27:09.013052,469.2,469.2,469.4,6850762.0
2018-01-24 10:27:10.282749,469.2,469.2,469.4,6853962.0
2018-01-24 10:27:11.427745,469.4,469.2,469.4,6854962.0
2018-01-24 10:27:12.664242,469.4,469.2,469.4,6854962.0
2018-01-24 10:27:14.060581,469.4,469.2,469.4,6864462.0
2018-01-24 10:27:15.510486,469.4,469.2,469.4,6864462.0
2018-01-24 10:27:16.770264,469.2,469.2,469.4,6858962.0
2018-01-24 10:27:18.211490,469.2,469.2,469.4,6866462.0
2018-01-24 10:27:19.426550,469.2,469.2,469.4,6866462.0
2018-01-24 10:27:20.645044,469.2,469.2,469.4,6867762.0
2018-01-24 10:27:21.927453,469.2,469.2,469.4,6867762.0
2018-01-24 10:27:23.109238,469.2,469.2,469.4,6867762.0
2018-01-24 10:27:24.344324,469.2,469.2,469.4,6867762.0
2018-01-24 10:27:26.324247,469.2,469.2,469.4,6867762.0
2018-01-24 10:27:27.703412,469.2,469.2,469.4,6867762.0
2018-01-24 10:27:29.345439,469.2,469.2,469.4,6867762.0
2018-01-24 10:27:31.281470,469.2,469.2,469.4,6867762.0
2018-01-24 10:27:32.641104,469.2,469.2,469.4,6867762.0
2018-01-24 10:27:33.967777,469.2,469.2,469.4,6867762.0
2018-01-24 10:27:35.185777,469.2,469.2,469.4,6867762.0
2018-01-24 10:27:36.638016,469.2,469.2,469.4,6867762.0
2018-01-24 10:27:37.905226,469.4,469.2,469.6,6889462.0
2018-01-24 10:27:39.190277,469.4,469.2,469.6,6886262.0
2018-01-24 10:27:40.916812,469.4,469.2,469.6,6886262.0
2018-01-24 10:27:42.189820,469.4,469.2,469.6,6886262.0
2018-01-24 10:27:43.519076,469.4,469.2,469.6,6889462.0
2018-01-24 10:27:45.196122,469.4,469.2,469.6,6886262.0
2018-01-24 10:27:46.619247,469.4,469.2,469.6,6886262.0
2018-01-24 10:27:47.819476,469.6,469.2,469.6,6897762.0
2018-01-24 10:27:49.010857,469.6,469.4,469.6,6897762.0
2018-01-24 10:27:50.177022,469.6,469.4,469.6,6906862.0
2018-01-24 10:27:51.377604,469.6,469.4,469.6,6906862.0
2018-01-24 10:27:52.619378,469.6,469.4,469.6,6906862.0
2018-01-24 10:27:53.882446,469.6,469.4,469.6,6906862.0
2018-01-24 10:27:55.114440,469.6,469.4,469.6,6904362.0
2018-01-24 10:27:56.283334,469.6,469.4,469.6,6906862.0
2018-01-24 10:27:57.772891,469.6,469.4,469.6,6906862.0
2018-01-24 10:27:59.296244,469.6,469.4,469.6,6904362.0
2018-01-24 10:28:01.266941,469.6,469.4,469.6,6904362.0
2018-01-24 10:28:02.694314,469.8,469.4,469.6,6913562.0
2018-01-24 10:28:04.009715,470.0,469.8,470.0,6940762.0
2018-01-24 10:28:05.533808,470.0,469.8,470.0,6936862.0
2018-01-24 10:28:06.714330,470.0,469.8,470.2,6940762.0
2018-01-24 10:28:07.986307,470.0,469.8,470.2,6950762.0
2018-01-24 10:28:09.379051,470.0,469.8,470.2,6950762.0
2018-01-24 10:28:10.623545,470.0,469.8,470.0,6944562.0
2018-01-24 10:28:11.668896,469.8,469.8,470.0,6956162.0
2018-01-24 10:28:12.832878,470.0,469.8,470.0,6950762.0
2018-01-24 10:28:14.106658,469.8,469.6,469.8,6957162.0
2018-01-24 10:28:15.518734,469.8,469.6,469.8,6957162.0
2018-01-24 10:28:16.866030,469.8,469.6,469.8,6957162.0
2018-01-24 10:28:18.664290,469.8,469.6,469.8,6957962.0
2018-01-24 10:28:20.117532,469.8,469.6,469.8,6958562.0
2018-01-24 10:28:21.489056,469.8,469.6,469.8,6957962.0
2018-01-24 10:28:22.574137,469.8,469.6,469.8,6957962.0
2018-01-24 10:28:23.970499,469.8,469.6,469.8,6958562.0
2018-01-24 10:28:25.351335,469.6,469.6,469.8,6961562.0
2018-01-24 10:28:26.752408,470.0,469.6,469.8,6965062.0
2018-01-24 10:28:27.905173,469.6,469.4,469.8,6964462.0
2018-01-24 10:28:29.283031,470.0,469.4,470.0,6965062.0
2018-01-24 10:28:31.368213,469.8,469.4,470.0,6965862.0
2018-01-24 10:28:32.793263,469.8,469.4,470.0,6965862.0
2018-01-24 10:28:34.107840,469.4,469.6,470.0,6967262.0
2018-01-24 10:28:35.403795,469.4,469.4,470.0,6967262.0
2018-01-24 10:28:36.638449,469.4,469.4,470.0,6967262.0
2018-01-24 10:28:37.856199,469.8,469.8,470.0,6968862.0
2018-01-24 10:28:39.093542,470.0,469.4,470.0,6973062.0
2018-01-24 10:28:40.241595,470.0,469.4,470.0,6973062.0
2018-01-24 10:28:41.458379,470.0,469.4,470.0,6973062.0
2018-01-24 10:28:42.594619,470.0,469.4,470.0,6973062.0
2018-01-24 10:28:43.989856,469.4,469.4,470.0,6978162.0
2018-01-24 10:28:45.494962,469.4,469.4,470.0,6978162.0
2018-01-24 10:28:46.704000,469.4,469.4,470.0,6978162.0
2018-01-24 10:28:48.195182,469.4,469.4,470.0,6978162.0
2018-01-24 10:28:49.460620,469.4,469.4,470.0,6978162.0
2018-01-24 10:28:50.741363,469.4,469.4,470.0,6978162.0
2018-01-24 10:28:52.014788,469.6,469.6,469.8,6980262.0
2018-01-24 10:28:53.367714,469.6,469.6,469.8,6980262.0
2018-01-24 10:28:54.456284,469.6,469.6,469.8,6980262.0
2018-01-24 10:28:55.881945,469.6,469.6,469.8,6980262.0
2018-01-24 10:28:57.099599,469.6,469.6,469.8,6980262.0
2018-01-24 10:28:58.372183,469.8,469.6,470.0,6987062.0
2018-01-24 10:28:59.665000,469.8,469.6,470.0,6987062.0
2018-01-24 10:29:01.064150,469.8,469.6,470.0,6987062.0
2018-01-24 10:29:02.427349,469.8,469.6,470.0,6987062.0
2018-01-24 10:29:03.662563,469.8,469.6,470.0,6987062.0
2018-01-24 10:29:04.896643,469.8,469.6,470.0,6987062.0
2018-01-24 10:29:06.315232,470.0,469.8,470.0,6990062.0
2018-01-24 10:29:07.810390,470.0,469.8,470.0,6990062.0
2018-01-24 10:29:09.234272,469.8,469.8,470.0,6989762.0
2018-01-24 10:29:10.318905,470.0,469.8,470.0,6990062.0
2018-01-24 10:29:11.525091,469.8,469.8,470.0,6989762.0
2018-01-24 10:29:12.803003,470.0,469.8,470.0,6998662.0
2018-01-24 10:29:14.406397,469.8,469.8,470.0,7002162.0
2018-01-24 10:29:15.637302,469.8,469.8,470.0,7003162.0
2018-01-24 10:29:16.856478,469.8,469.8,470.0,7003162.0
2018-01-24 10:29:18.052902,469.8,469.8,470.0,7003162.0
2018-01-24 10:29:19.332506,469.8,469.8,470.0,7002162.0
2018-01-24 10:29:20.599134,469.8,469.8,470.0,7002162.0
2018-01-24 10:29:21.836704,469.8,469.8,470.0,7002162.0
2018-01-24 10:29:23.341369,469.8,469.8,470.0,7003162.0
2018-01-24 10:29:25.125079,469.8,469.8,470.0,7016462.0
2018-01-24 10:29:26.296877,469.8,469.8,470.0,7016462.0
2018-01-24 10:29:27.488349,469.8,469.8,470.0,7016462.0
2018-01-24 10:29:28.552895,470.0,469.8,470.0,7016862.0
2018-01-24 10:29:29.774028,469.8,469.8,470.0,7016462.0
2018-01-24 10:29:31.016889,470.0,470.0,470.4,7022762.0
2018-01-24 10:29:32.230184,470.2,470.0,470.4,7044762.0
2018-01-24 10:29:33.365989,470.2,470.0,470.4,7044762.0
2018-01-24 10:29:34.770312,470.2,470.2,470.4,7044762.0
2018-01-24 10:29:35.858432,470.0,469.8,470.4,7046662.0
2018-01-24 10:29:37.702807,469.8,469.8,470.4,7046162.0
2018-01-24 10:29:38.983647,469.8,469.8,470.4,7046162.0
2018-01-24 10:29:40.263152,469.8,469.8,470.4,7046162.0
2018-01-24 10:29:41.658173,469.8,469.8,470.4,7046162.0
2018-01-24 10:29:42.898841,469.8,469.8,470.4,7046162.0
2018-01-24 10:29:44.124229,469.8,469.8,470.4,7046162.0
2018-01-24 10:29:45.342136,470.0,469.8,470.4,7046662.0
2018-01-24 10:29:46.438194,470.0,469.8,470.4,7046662.0
2018-01-24 10:29:47.718896,470.0,469.8,470.4,7046662.0
2018-01-24 10:29:49.006392,470.0,469.8,470.4,7046662.0
2018-01-24 10:29:50.242335,469.8,469.8,470.0,7047962.0
2018-01-24 10:29:51.700067,469.8,469.8,470.4,7047962.0
2018-01-24 10:29:53.035014,469.8,469.8,470.4,7047962.0
2018-01-24 10:29:58.140644,,,,
2018-01-24 10:29:59.462300,469.8,469.8,470.0,7047962.0
2018-01-24 10:30:00.704675,469.8,469.8,470.0,7049962.0
2018-01-24 10:30:01.793084,469.8,469.8,470.0,7049962.0
2018-01-24 10:30:03.195995,469.8,469.8,470.0,7049962.0
2018-01-24 10:30:04.412442,469.8,469.8,470.0,7049962.0
2018-01-24 10:30:06.531087,469.8,469.8,470.0,7049962.0
2018-01-24 10:30:07.747108,470.2,470.0,470.2,7070362.0
2018-01-24 10:30:08.982949,470.0,470.0,470.2,7070562.0
2018-01-24 10:30:10.346701,470.2,470.0,470.2,7070362.0
2018-01-24 10:30:11.595049,470.2,470.0,470.2,7087162.0
2018-01-24 10:30:13.004255,470.2,470.0,470.2,7087962.0
2018-01-24 10:30:14.184581,470.2,470.0,470.2,7087962.0
2018-01-24 10:30:15.297688,470.2,470.0,470.2,7087962.0
2018-01-24 10:30:16.803458,470.2,470.0,470.2,7087162.0
2018-01-24 10:30:18.242778,470.2,470.0,470.2,7093662.0
2018-01-24 10:30:19.491529,470.2,469.8,470.2,7093662.0
2018-01-24 10:30:20.792630,470.2,470.0,470.4,7095362.0
2018-01-24 10:30:21.958538,470.2,470.0,470.2,7097262.0
2018-01-24 10:30:23.174874,470.2,470.0,470.2,7095662.0
2018-01-24 10:30:24.534882,470.2,470.0,470.4,7095662.0
2018-01-24 10:30:25.788009,470.2,470.2,470.4,7097262.0
2018-01-24 10:30:27.101747,470.2,470.0,470.2,7097262.0
2018-01-24 10:30:28.349174,470.4,470.0,470.2,7097462.0
2018-01-24 10:30:29.605738,470.2,470.0,470.2,7097262.0
2018-01-24 10:30:30.812093,470.2,470.0,470.4,7099462.0
2018-01-24 10:30:32.047415,470.2,470.2,470.4,7099762.0
2018-01-24 10:30:33.382214,470.2,470.2,470.4,7099762.0
2018-01-24 10:30:34.578144,470.2,470.0,470.4,7099762.0
2018-01-24 10:30:36.102809,470.2,470.2,470.4,7099762.0
2018-01-24 10:30:37.864846,470.2,470.0,470.4,7099762.0
2018-01-24 10:30:39.106216,470.2,470.2,470.4,7099462.0
2018-01-24 10:30:40.345592,470.2,470.2,470.4,7099762.0
2018-01-24 10:30:41.547390,470.2,470.0,470.4,7099762.0
2018-01-24 10:30:42.863081,470.2,470.0,470.4,7100462.0
2018-01-24 10:30:44.166188,470.2,470.0,470.4,7100462.0
2018-01-24 10:30:45.474219,470.2,470.0,470.4,7100462.0
2018-01-24 10:30:46.806822,470.2,470.0,470.4,7100462.0
2018-01-24 10:30:48.016488,470.2,470.0,470.4,7100462.0
2018-01-24 10:30:49.245643,470.2,470.0,470.4,7099762.0
2018-01-24 10:30:50.454356,470.0,470.0,470.4,7107062.0
2018-01-24 10:30:51.695965,470.0,470.0,470.4,7109562.0
2018-01-24 10:30:53.106682,470.0,470.0,470.4,7109562.0
2018-01-24 10:30:55.235409,470.0,470.0,470.4,7109562.0
2018-01-24 10:30:56.495163,470.0,469.8,470.4,7109562.0
2018-01-24 10:30:58.033210,470.4,470.0,470.4,7110762.0
2018-01-24 10:30:59.556476,470.4,469.8,470.4,7110762.0
2018-01-24 10:31:00.870659,470.2,470.0,470.4,7112662.0
2018-01-24 10:31:02.481320,470.2,470.0,470.4,7112662.0
2018-01-24 10:31:04.314405,470.2,470.2,470.4,7113862.0
2018-01-24 10:31:05.588880,470.0,470.0,470.4,7113062.0
2018-01-24 10:31:06.851004,470.2,470.0,470.4,7115762.0
2018-01-24 10:31:08.266273,470.2,470.2,470.4,7115762.0
2018-01-24 10:31:09.620230,470.0,470.2,470.4,7116262.0
2018-01-24 10:31:11.103536,470.0,470.0,470.4,7117662.0
2018-01-24 10:31:12.552707,470.0,470.0,470.4,7117662.0
2018-01-24 10:31:14.020588,470.0,470.2,470.4,7117662.0
2018-01-24 10:31:15.508389,470.2,470.2,470.4,7118862.0
2018-01-24 10:31:17.014553,470.2,470.2,470.4,7118862.0
2018-01-24 10:31:18.306045,470.2,470.0,470.2,7118862.0
2018-01-24 10:31:19.744888,470.2,470.0,470.2,7137862.0
2018-01-24 10:31:20.938259,470.2,470.0,470.2,7135862.0
2018-01-24 10:31:22.143811,470.2,470.0,470.4,7140362.0
2018-01-24 10:31:23.366481,470.0,470.0,470.2,7142662.0
2018-01-24 10:31:24.721581,470.2,470.0,470.2,7143062.0
2018-01-24 10:31:26.066373,470.2,470.0,470.2,7144062.0
2018-01-24 10:31:27.570343,470.2,470.0,470.2,7146262.0
2018-01-24 10:31:29.007181,470.4,470.0,470.4,7147662.0
2018-01-24 10:31:30.493593,470.2,470.0,470.4,7147462.0
2018-01-24 10:31:31.920205,470.4,470.0,470.4,7147662.0
2018-01-24 10:31:33.261045,470.4,470.0,470.4,7147662.0
2018-01-24 10:31:34.525540,470.4,470.0,470.4,7147662.0
2018-01-24 10:31:35.623947,470.4,470.0,470.4,7148962.0
2018-01-24 10:31:36.996078,470.4,470.0,470.4,7148962.0
2018-01-24 10:31:38.226309,470.4,470.0,470.4,7148962.0
2018-01-24 10:31:39.734790,470.0,470.0,470.4,7150162.0
2018-01-24 10:31:40.958128,470.2,470.0,470.4,7150662.0
2018-01-24 10:31:42.272335,470.2,470.2,470.4,7150662.0
2018-01-24 10:31:43.411744,470.2,470.2,470.4,7150662.0
2018-01-24 10:31:44.657695,470.0,470.0,470.2,7152562.0
2018-01-24 10:31:46.275215,470.0,470.0,470.2,7152562.0
2018-01-24 10:31:47.421959,470.0,470.0,470.2,7153562.0
2018-01-24 10:31:48.832066,470.0,470.0,470.2,7152562.0
2018-01-24 10:31:49.967430,470.2,470.0,470.2,7154662.0
2018-01-24 10:31:51.194729,470.2,470.0,470.2,7153762.0
2018-01-24 10:31:52.540309,470.2,470.0,470.2,7155262.0
2018-01-24 10:31:53.741478,470.2,470.0,470.2,7154662.0
2018-01-24 10:31:55.310645,470.2,470.0,470.2,7155562.0
2018-01-24 10:31:56.716509,470.2,470.0,470.2,7155262.0
2018-01-24 10:31:58.115737,470.2,470.0,470.2,7155262.0
2018-01-24 10:31:59.394913,470.2,470.0,470.2,7155562.0
2018-01-24 10:32:00.510962,470.2,470.0,470.2,7155562.0
2018-01-24 10:32:01.780156,470.2,470.0,470.2,7155562.0
2018-01-24 10:32:03.624759,470.2,470.0,470.2,7155562.0
2018-01-24 10:32:04.960047,470.0,470.0,470.2,7156662.0
2018-01-24 10:32:06.428977,470.2,470.0,470.2,7155562.0
2018-01-24 10:32:08.048039,470.0,470.0,470.2,7156662.0
2018-01-24 10:32:09.208338,470.2,470.0,470.2,7155562.0
2018-01-24 10:32:10.457028,470.0,470.0,470.2,7156962.0
2018-01-24 10:32:11.831768,470.0,470.0,470.2,7156962.0
2018-01-24 10:32:13.150385,470.0,470.0,470.2,7156962.0
2018-01-24 10:32:14.603756,470.0,470.0,470.2,7156662.0
2018-01-24 10:32:15.894101,470.0,470.0,470.2,7156962.0
2018-01-24 10:32:17.146583,470.0,470.0,470.2,7156962.0
2018-01-24 10:32:18.446713,470.0,470.0,470.2,7158062.0
2018-01-24 10:32:19.896863,470.0,470.0,470.2,7158062.0
2018-01-24 10:32:21.235087,470.0,470.0,470.2,7159062.0
2018-01-24 10:32:22.635605,470.0,470.0,470.2,7158662.0
2018-01-24 10:32:23.899309,470.0,470.0,470.2,7159062.0
2018-01-24 10:32:25.096375,470.0,470.0,470.2,7159062.0
2018-01-24 10:32:26.950050,470.0,470.0,470.2,7158662.0
2018-01-24 10:32:28.267574,470.0,470.0,470.2,7159062.0
2018-01-24 10:32:29.783909,470.2,470.0,470.2,7159762.0
2018-01-24 10:32:31.164190,470.2,470.0,470.2,7159962.0
2018-01-24 10:32:32.579451,470.2,470.0,470.2,7159962.0
2018-01-24 10:32:34.015404,470.2,470.0,470.2,7159962.0
2018-01-24 10:32:35.434474,470.2,470.0,470.2,7170362.0
2018-01-24 10:32:37.045418,470.2,470.0,470.2,7170362.0
2018-01-24 10:32:38.350440,470.2,470.0,470.4,7170362.0
2018-01-24 10:32:39.668381,470.2,470.0,470.4,7170362.0
2018-01-24 10:32:40.853808,470.2,470.2,470.4,7181362.0
2018-01-24 10:32:42.173489,470.2,470.2,470.4,7183762.0
2018-01-24 10:32:43.540483,470.2,470.2,470.4,7183762.0
2018-01-24 10:32:44.774245,470.2,470.2,470.4,7183762.0
2018-01-24 10:32:46.193472,470.2,470.2,470.4,7183562.0
2018-01-24 10:32:47.332070,470.2,470.2,470.4,7183762.0
2018-01-24 10:32:49.367170,470.2,470.2,470.4,7184862.0
2018-01-24 10:32:50.678730,470.2,470.0,470.4,7184762.0
2018-01-24 10:32:52.151931,470.2,470.2,470.4,7184862.0
2018-01-24 10:32:53.469519,470.2,470.2,470.4,7184762.0
2018-01-24 10:32:54.707393,470.2,470.0,470.4,7184762.0
2018-01-24 10:32:55.911103,470.2,470.2,470.4,7184862.0
2018-01-24 10:32:57.191497,470.2,470.2,470.4,7190262.0
2018-01-24 10:32:58.489787,470.2,470.2,470.4,7190162.0
2018-01-24 10:32:59.622960,470.0,470.0,470.2,7196562.0
2018-01-24 10:33:01.063481,470.2,470.0,470.2,7199862.0
2018-01-24 10:33:02.285509,470.2,470.0,470.2,7199862.0
2018-01-24 10:33:03.606646,470.2,470.0,470.2,7199862.0
2018-01-24 10:33:04.937578,470.0,470.0,470.2,7201862.0
2018-01-24 10:33:06.254020,470.2,470.0,470.2,7203562.0
2018-01-24 10:33:07.503225,470.2,470.2,470.4,7207462.0
2018-01-24 10:33:08.824212,470.2,470.2,470.4,7209062.0
2018-01-24 10:33:10.583105,470.4,470.2,470.4,7213462.0
2018-01-24 10:33:11.877306,470.4,470.2,470.4,7213462.0
2018-01-24 10:33:13.115289,470.4,470.2,470.4,7213462.0
2018-01-24 10:33:14.336341,470.2,470.2,470.4,7218262.0
2018-01-24 10:33:15.890297,470.2,470.2,470.4,7218262.0
2018-01-24 10:33:17.028026,470.2,470.2,470.4,7218262.0
2018-01-24 10:33:18.274966,470.2,470.2,470.4,7216762.0
2018-01-24 10:33:19.593108,470.2,470.2,470.4,7216762.0
2018-01-24 10:33:21.115611,470.2,470.2,470.4,7218262.0
2018-01-24 10:33:22.418450,470.2,470.2,470.4,7218262.0
2018-01-24 10:33:23.774274,470.2,470.2,470.4,7216762.0
2018-01-24 10:33:25.138076,470.2,470.2,470.4,7216762.0
2018-01-24 10:33:26.600358,470.2,470.2,470.4,7216762.0
2018-01-24 10:33:28.423234,470.4,470.4,470.6,7229562.0
2018-01-24 10:33:29.718266,470.4,470.4,470.6,7229562.0
2018-01-24 10:33:31.347273,470.2,470.2,470.6,7235762.0
2018-01-24 10:33:32.510210,470.4,470.2,470.6,7233662.0
2018-01-24 10:33:33.706599,470.2,470.2,470.6,7235762.0
2018-01-24 10:33:35.243625,470.4,470.2,470.6,7233662.0
2018-01-24 10:33:36.677634,470.2,470.4,470.6,7235762.0
2018-01-24 10:33:37.896067,470.4,470.2,470.6,7238562.0
2018-01-24 10:33:39.164185,470.4,470.4,470.6,7238562.0
2018-01-24 10:33:41.332465,470.4,470.4,470.6,7238562.0
2018-01-24 10:33:42.490260,470.4,470.4,470.6,7238562.0
2018-01-24 10:33:43.758180,470.4,470.4,470.6,7238562.0
2018-01-24 10:33:45.145430,470.4,470.4,470.6,7239562.0
2018-01-24 10:33:46.317415,470.4,470.4,470.6,7239562.0
2018-01-24 10:33:47.554625,470.4,470.4,470.6,7239562.0
2018-01-24 10:33:48.951071,470.2,470.2,470.6,7253562.0
2018-01-24 10:33:50.421732,470.2,470.2,470.6,7253362.0
2018-01-24 10:33:51.584264,470.2,470.2,470.6,7253362.0
2018-01-24 10:33:53.146901,470.2,470.2,470.6,7253362.0
2018-01-24 10:33:54.540876,470.2,470.2,470.6,7253562.0
2018-01-24 10:33:55.708880,470.2,470.2,470.6,7253562.0
2018-01-24 10:33:56.944069,470.2,470.0,470.2,7265162.0
2018-01-24 10:33:58.451932,470.0,470.0,470.2,7270762.0
2018-01-24 10:33:59.917186,470.0,470.0,470.2,7270762.0
2018-01-24 10:34:01.249694,470.0,470.0,470.2,7270762.0
2018-01-24 10:34:02.465976,470.0,470.0,470.2,7270762.0
2018-01-24 10:34:03.717154,470.0,470.0,470.2,7272562.0
2018-01-24 10:34:05.262617,470.0,470.0,470.2,7272562.0
2018-01-24 10:34:06.503679,470.2,470.0,470.4,7290562.0
2018-01-24 10:34:07.761496,470.2,470.2,470.4,7290562.0
2018-01-24 10:34:08.915500,470.2,470.2,470.4,7294062.0
2018-01-24 10:34:10.179607,470.4,470.2,470.4,7299862.0
2018-01-24 10:34:11.491185,470.2,470.2,470.4,7295662.0
2018-01-24 10:34:12.937681,470.4,470.2,470.4,7299862.0
2018-01-24 10:34:14.475946,470.6,470.2,470.4,7307162.0
2018-01-24 10:34:15.675837,470.6,470.2,470.4,7307962.0
2018-01-24 10:34:17.038115,470.8,470.4,470.8,7327862.0
2018-01-24 10:34:18.436069,470.8,470.4,470.8,7327862.0
2018-01-24 10:34:19.687982,470.8,470.4,470.8,7327862.0
2018-01-24 10:34:21.033240,470.8,470.4,470.8,7327862.0
2018-01-24 10:34:22.240033,470.8,470.4,470.8,7327862.0
2018-01-24 10:34:23.442308,470.8,470.4,470.8,7334062.0
2018-01-24 10:34:24.620451,470.8,470.4,470.8,7334062.0
2018-01-24 10:34:25.808552,470.8,470.4,470.8,7334062.0
2018-01-24 10:34:27.041984,470.4,470.4,470.6,7336062.0
2018-01-24 10:34:28.428031,470.4,470.4,470.6,7336062.0
2018-01-24 10:34:29.646919,470.4,470.4,470.6,7334362.0
2018-01-24 10:34:30.891909,470.4,470.4,470.6,7339862.0
2018-01-24 10:34:32.594740,470.4,470.4,470.6,7339862.0
2018-01-24 10:34:34.110590,470.4,470.4,470.6,7339862.0
2018-01-24 10:34:35.365700,470.6,470.4,470.6,7339962.0
2018-01-24 10:34:36.596318,470.6,470.4,470.6,7339962.0
2018-01-24 10:34:38.214923,470.4,470.4,470.6,7339862.0
2018-01-24 10:34:40.260836,470.4,470.4,470.6,7344062.0
2018-01-24 10:34:41.284696,470.4,470.4,470.6,7344062.0
2018-01-24 10:34:43.635820,470.4,470.4,470.6,7344062.0
2018-01-24 10:34:44.864556,470.4,470.4,470.6,7345562.0
2018-01-24 10:34:46.215277,470.4,470.4,470.6,7352462.0
2018-01-24 10:34:47.422747,470.4,470.4,470.6,7351962.0
2018-01-24 10:34:48.692107,470.4,470.4,470.6,7351962.0
2018-01-24 10:34:49.868581,470.6,470.4,470.6,7355062.0
2018-01-24 10:34:51.051902,470.4,470.4,470.6,7352462.0
2018-01-24 10:34:52.573629,470.6,470.4,470.6,7355062.0
2018-01-24 10:34:53.768124,470.6,470.4,470.6,7355062.0
2018-01-24 10:34:55.000840,470.2,470.2,470.6,7358462.0
2018-01-24 10:34:56.272502,470.6,470.2,470.6,7359062.0
2018-01-24 10:34:57.476078,470.6,470.2,470.6,7359362.0
2018-01-24 10:34:58.721305,470.6,470.2,470.6,7359362.0
2018-01-24 10:34:59.905608,470.6,470.4,470.6,7359062.0
2018-01-24 10:35:01.261174,470.6,470.4,470.6,7359362.0
2018-01-24 10:35:02.673649,470.6,470.4,470.6,7359362.0
2018-01-24 10:35:03.891538,470.6,470.4,470.6,7359362.0
2018-01-24 10:35:05.125057,470.6,470.4,470.6,7359362.0
2018-01-24 10:35:06.380506,470.6,470.4,470.6,7359362.0
2018-01-24 10:35:07.697609,470.6,470.4,470.6,7413062.0
2018-01-24 10:35:09.041556,470.6,470.4,470.6,7413062.0
2018-01-24 10:35:10.237026,470.6,470.4,470.6,7414462.0
2018-01-24 10:35:11.581746,470.6,470.4,470.6,7414462.0
2018-01-24 10:35:12.827355,470.6,470.4,470.6,7414462.0
2018-01-24 10:35:14.104573,470.6,470.4,470.6,7414462.0
2018-01-24 10:35:15.288406,470.6,470.4,470.6,7414462.0
2018-01-24 10:35:16.606848,470.6,470.4,470.6,7415462.0
2018-01-24 10:35:17.737582,470.6,470.4,470.6,7420162.0
2018-01-24 10:35:19.027560,470.6,470.4,470.6,7420362.0
2018-01-24 10:35:20.336688,470.4,470.2,470.6,7434462.0
2018-01-24 10:35:22.085087,470.2,470.2,470.4,7444162.0
2018-01-24 10:35:23.266455,470.2,470.0,470.4,7444162.0
2018-01-24 10:35:24.594100,470.2,470.0,470.4,7444162.0
2018-01-24 10:35:26.063521,470.2,470.2,470.4,7444162.0
2018-01-24 10:35:27.348048,470.2,470.2,470.4,7446262.0
2018-01-24 10:35:28.531517,470.0,470.0,470.4,7446462.0
2018-01-24 10:35:30.151668,470.2,470.2,470.4,7446262.0
2018-01-24 10:35:31.366741,470.0,470.2,470.4,7446462.0
2018-01-24 10:35:33.037495,470.2,470.2,470.4,7446262.0
2018-01-24 10:35:35.148371,470.4,470.2,470.4,7447162.0
2018-01-24 10:35:36.936604,470.4,470.2,470.4,7447162.0
2018-01-24 10:35:39.181165,470.4,470.2,470.4,7447162.0
2018-01-24 10:35:42.164109,470.4,470.2,470.4,7447162.0
2018-01-24 10:35:43.981843,470.2,470.2,470.4,7447362.0
2018-01-24 10:35:46.398150,470.2,470.0,470.2,7458762.0
2018-01-24 10:35:48.407602,470.2,470.0,470.2,7460862.0
2018-01-24 10:35:50.627633,470.0,470.0,470.2,7462562.0
2018-01-24 10:35:53.443466,470.2,469.8,470.0,7512762.0
2018-01-24 10:35:55.963114,469.8,469.8,470.0,7517662.0
2018-01-24 10:35:58.203979,469.8,469.6,470.0,7533362.0
2018-01-24 10:36:00.490265,469.8,469.6,470.0,7533362.0
2018-01-24 10:36:02.943738,469.6,469.6,470.0,7535062.0
2018-01-24 10:36:05.277534,469.6,469.6,470.0,7535062.0
2018-01-24 10:36:08.645010,470.0,469.6,470.0,7534562.0
2018-01-24 10:36:11.200876,470.0,469.6,470.0,7534562.0
2018-01-24 10:36:13.800559,469.6,469.6,470.0,7535062.0
2018-01-24 10:36:16.460597,469.6,469.6,470.0,7535062.0
2018-01-24 10:36:18.866881,469.6,469.6,470.0,7536862.0
2018-01-24 10:36:21.481072,469.6,469.6,470.0,7536862.0
2018-01-24 10:36:23.730901,469.6,469.6,470.0,7535062.0
2018-01-24 10:36:25.643903,469.8,469.6,469.8,7537162.0
2018-01-24 10:36:27.606351,469.8,469.6,469.8,7537162.0
2018-01-24 10:36:30.173353,469.8,469.6,470.0,7547662.0
2018-01-24 10:36:32.356791,469.8,469.8,470.0,7559062.0
2018-01-24 10:36:35.425781,469.8,469.8,470.0,7559062.0
2018-01-24 10:36:37.716654,469.8,469.8,470.0,7557862.0
2018-01-24 10:36:40.036349,469.8,469.8,470.0,7559062.0
2018-01-24 10:36:42.700103,469.8,469.6,470.0,7565262.0
2018-01-24 10:36:46.641051,469.8,469.8,470.0,7566962.0
2018-01-24 10:36:47.777029,469.8,469.8,470.0,7566962.0
2018-01-24 10:36:48.958705,469.8,469.6,470.0,7566962.0
2018-01-24 10:36:50.307743,469.8,469.8,470.0,7567662.0
2018-01-24 10:36:51.452738,469.8,469.6,469.8,7566962.0
2018-01-24 10:36:52.725655,469.8,469.8,470.0,7566962.0
2018-01-24 10:36:54.076129,469.8,469.8,470.0,7567662.0
2018-01-24 10:36:55.515304,469.8,469.8,470.0,7566962.0
2018-01-24 10:36:56.791047,469.8,469.6,469.8,7567662.0
2018-01-24 10:36:57.988426,469.8,469.6,469.8,7569162.0
2018-01-24 10:36:59.208288,469.8,469.6,469.8,7569162.0
2018-01-24 10:37:00.337056,469.8,469.6,469.8,7575162.0
2018-01-24 10:37:03.363075,469.8,469.6,469.8,7574262.0
2018-01-24 10:37:07.282889,469.8,469.6,469.8,7574262.0
2018-01-24 10:37:09.233394,470.0,469.8,470.0,7599762.0
2018-01-24 10:37:11.659674,470.0,469.8,470.0,7599762.0
2018-01-24 10:37:13.937095,470.0,469.8,470.0,7611562.0
2018-01-24 10:37:15.756072,469.6,469.6,470.2,7618962.0
2018-01-24 10:37:17.599369,470.0,469.8,470.0,7624462.0
2018-01-24 10:37:19.751593,470.0,469.8,470.0,7624462.0
2018-01-24 10:37:22.254990,470.0,469.8,470.0,7624462.0
2018-01-24 10:37:24.487112,469.8,469.8,470.0,7624662.0
2018-01-24 10:37:27.320110,469.8,469.8,470.0,7624662.0
2018-01-24 10:37:29.812998,470.0,469.8,470.0,7624462.0
2018-01-24 10:37:31.976548,470.0,469.8,470.0,7624462.0
2018-01-24 10:37:34.510932,470.0,470.0,470.2,7638662.0
2018-01-24 10:37:36.583393,470.0,470.0,470.2,7638662.0
2018-01-24 10:37:39.412302,470.0,469.8,470.0,7644162.0
2018-01-24 10:37:42.375487,470.0,469.8,470.0,7644562.0
2018-01-24 10:37:44.693095,470.0,469.8,470.0,7644562.0
2018-01-24 10:37:46.896672,469.8,469.8,470.0,7647162.0
2018-01-24 10:37:50.879295,469.8,469.6,469.8,7664362.0
2018-01-24 10:37:53.405389,469.8,469.6,469.8,7665962.0
2018-01-24 10:37:55.529177,469.8,469.6,469.8,7665962.0
2018-01-24 10:37:57.471372,469.8,469.6,469.8,7668162.0
2018-01-24 10:38:00.026913,469.8,469.8,470.0,7670562.0
2018-01-24 10:38:02.081671,469.8,469.8,470.0,7670562.0
2018-01-24 10:38:04.248501,469.8,469.6,469.8,7668162.0
2018-01-24 10:38:06.061742,469.8,469.6,469.8,7670562.0
2018-01-24 10:38:08.141214,470.0,469.8,470.0,7673962.0
2018-01-24 10:38:10.059802,470.0,469.8,470.2,7675462.0
2018-01-24 10:38:12.375450,470.0,469.8,470.2,7675862.0
2018-01-24 10:38:15.349185,470.0,469.8,470.2,7675862.0
2018-01-24 10:38:17.827872,470.0,469.8,470.2,7675462.0
2018-01-24 10:38:20.383981,470.0,469.8,470.2,7675462.0
2018-01-24 10:38:22.822857,470.0,469.8,470.2,7675462.0
2018-01-24 10:38:25.260148,470.0,470.0,470.2,7678562.0
2018-01-24 10:38:27.890338,470.0,470.0,470.2,7678562.0
2018-01-24 10:38:30.865584,470.0,470.0,470.2,7680462.0
2018-01-24 10:38:32.933255,470.0,470.0,470.2,7680462.0
2018-01-24 10:38:35.028406,470.0,470.0,470.2,7680462.0
2018-01-24 10:38:36.915501,470.0,470.0,470.2,7680462.0
2018-01-24 10:38:39.554655,470.0,470.0,470.2,7680462.0
2018-01-24 10:38:41.281841,469.8,469.8,470.0,7683173.0
2018-01-24 10:38:43.305713,469.8,469.8,470.0,7683173.0
2018-01-24 10:38:44.926401,469.8,469.8,470.0,7683173.0
2018-01-24 10:38:48.026970,469.8,469.8,470.0,7683173.0
2018-01-24 10:38:51.003539,469.8,469.8,470.0,7690273.0
2018-01-24 10:38:53.846046,469.8,469.8,470.0,7689973.0
2018-01-24 10:38:56.116667,469.8,469.8,470.0,7689973.0
2018-01-24 10:38:59.069773,469.8,469.6,469.8,7691973.0
2018-01-24 10:39:01.689927,469.8,469.6,469.8,7691973.0
2018-01-24 10:39:03.745481,469.8,469.6,469.8,7693973.0
2018-01-24 10:39:05.716997,469.8,469.6,469.8,7693973.0
2018-01-24 10:39:07.646207,469.8,469.6,469.8,7693973.0
2018-01-24 10:39:10.087355,469.8,469.6,469.8,7695373.0
2018-01-24 10:39:12.072324,469.8,469.6,469.8,7693973.0
2018-01-24 10:39:14.019957,469.8,469.6,469.8,7693973.0
2018-01-24 10:39:15.865174,469.8,469.6,469.8,7701873.0
2018-01-24 10:39:17.719987,469.8,469.6,469.8,7701873.0
2018-01-24 10:39:19.567969,469.8,469.6,469.8,7701873.0
2018-01-24 10:39:21.242668,469.8,469.6,469.8,7699373.0
2018-01-24 10:39:23.307073,469.8,469.6,469.8,7699373.0
2018-01-24 10:39:25.310053,469.8,469.6,469.8,7701873.0
2018-01-24 10:39:27.231143,469.8,469.6,469.8,7701873.0
2018-01-24 10:39:29.432664,470.0,469.8,470.0,7702873.0
2018-01-24 10:39:31.814164,470.0,469.8,470.2,7706573.0
2018-01-24 10:39:34.366631,470.0,469.8,470.2,7709673.0
2018-01-24 10:39:38.105921,470.0,470.0,470.2,7709673.0
2018-01-24 10:39:40.285441,470.0,470.0,470.2,7709673.0
2018-01-24 10:39:42.914982,470.0,470.0,470.2,7712273.0
2018-01-24 10:39:46.176677,470.4,470.0,470.4,7720173.0
2018-01-24 10:39:48.344533,470.4,470.4,470.6,7726473.0
2018-01-24 10:39:50.481848,470.2,470.2,470.4,7728773.0
2018-01-24 10:39:52.687233,470.0,470.2,470.4,7730073.0
2018-01-24 10:39:55.460380,470.2,470.0,470.4,7728773.0
2018-01-24 10:39:58.033486,470.0,470.0,470.2,7730073.0
2018-01-24 10:40:00.360251,470.0,470.0,470.2,7732373.0
2018-01-24 10:40:03.073876,470.0,470.0,470.4,7732373.0
2018-01-24 10:40:05.461072,470.0,470.0,470.2,7732373.0
2018-01-24 10:40:09.381172,470.0,470.0,470.2,7732373.0
2018-01-24 10:40:11.407644,470.0,469.8,470.0,7733773.0
2018-01-24 10:40:13.231552,470.0,470.0,470.2,7732373.0
2018-01-24 10:40:14.517061,470.0,470.0,470.2,7733773.0
2018-01-24 10:40:15.857735,470.0,469.8,470.0,7735673.0
2018-01-24 10:40:17.309220,470.0,469.8,470.0,7733773.0
2018-01-24 10:40:18.538744,470.0,469.8,470.0,7735673.0
2018-01-24 10:40:19.794818,470.0,469.8,470.0,7735673.0
2018-01-24 10:40:20.995197,470.0,469.8,470.0,7735673.0
2018-01-24 10:40:22.528249,470.0,469.8,470.0,7736273.0
2018-01-24 10:40:23.702999,470.0,469.8,470.0,7736273.0
2018-01-24 10:40:25.139567,470.0,469.8,470.0,7738773.0
2018-01-24 10:40:26.493740,470.0,469.8,470.0,7739173.0
2018-01-24 10:40:27.716156,470.0,469.8,470.0,7738773.0
2018-01-24 10:40:28.979344,470.0,469.8,470.0,7738773.0
2018-01-24 10:40:30.192274,470.0,469.8,470.0,7738773.0
2018-01-24 10:40:31.529345,470.0,469.8,470.0,7738773.0
2018-01-24 10:40:32.963344,470.0,469.8,470.0,7738773.0
2018-01-24 10:40:34.262886,470.0,469.8,470.0,7738773.0
2018-01-24 10:40:35.413416,470.0,469.8,470.0,7739173.0
2018-01-24 10:40:36.949732,470.0,469.8,470.0,7738773.0
2018-01-24 10:40:38.197497,470.0,469.8,470.0,7744473.0
2018-01-24 10:40:39.391499,470.0,469.8,470.0,7744473.0
2018-01-24 10:40:40.477478,470.0,469.8,470.0,7744473.0
2018-01-24 10:40:41.931209,470.0,469.8,470.0,7744473.0
2018-01-24 10:40:43.069605,470.0,469.8,470.0,7744473.0
2018-01-24 10:40:44.314159,470.0,469.8,470.0,7744473.0
2018-01-24 10:40:45.513643,470.0,469.8,470.0,7744473.0
2018-01-24 10:40:46.764038,470.0,469.8,470.0,7744473.0
2018-01-24 10:40:48.000270,470.0,469.8,470.0,7753673.0
2018-01-24 10:40:49.276618,470.0,469.8,470.0,7754473.0
2018-01-24 10:40:51.426917,470.0,469.8,470.0,7754473.0
2018-01-24 10:40:52.636580,470.0,469.8,470.0,7754473.0
2018-01-24 10:40:54.033033,470.0,469.8,470.0,7753673.0
2018-01-24 10:40:55.405353,470.0,469.8,470.0,7753673.0
2018-01-24 10:40:56.634740,470.0,469.8,470.0,7753673.0
2018-01-24 10:40:57.904111,470.0,469.8,470.0,7759273.0
2018-01-24 10:40:59.371994,470.0,469.8,470.0,7759273.0
2018-01-24 10:41:00.632645,470.0,469.8,470.0,7759273.0
2018-01-24 10:41:01.802292,470.0,469.8,470.0,7759273.0
2018-01-24 10:41:03.060746,470.0,469.8,470.0,7759273.0
2018-01-24 10:41:04.654615,470.0,469.8,470.0,7759273.0
2018-01-24 10:41:06.128352,470.0,469.8,470.0,7759273.0
2018-01-24 10:41:07.369543,470.0,469.8,470.0,7759273.0
2018-01-24 10:41:08.494151,470.0,469.8,470.0,7759273.0
2018-01-24 10:41:09.551353,469.8,469.8,470.0,7772273.0
2018-01-24 10:41:10.833956,469.8,469.8,470.0,7787173.0
2018-01-24 10:41:12.049210,469.8,469.8,470.0,7787173.0
2018-01-24 10:41:13.525805,469.8,469.8,470.0,7787173.0
2018-01-24 10:41:14.754986,469.8,469.8,470.0,7788673.0
2018-01-24 10:41:15.964465,469.8,469.8,470.0,7787173.0
2018-01-24 10:41:17.173897,469.8,469.8,470.0,7788673.0
2018-01-24 10:41:18.444331,469.8,469.8,470.0,7787173.0
2018-01-24 10:41:19.949282,469.8,469.8,470.0,7787173.0
2018-01-24 10:41:21.213808,469.8,469.6,469.8,7799773.0
2018-01-24 10:41:22.730813,469.8,469.6,469.8,7799773.0
2018-01-24 10:41:23.930091,469.8,469.6,469.8,7799773.0
2018-01-24 10:41:25.192818,469.8,469.6,469.8,7799773.0
2018-01-24 10:41:26.403792,469.8,469.6,469.8,7799773.0
2018-01-24 10:41:28.287324,469.8,469.6,469.8,7799773.0
2018-01-24 10:41:29.499808,469.8,469.6,469.8,7799973.0
2018-01-24 10:41:30.818883,469.8,469.6,469.8,7799773.0
2018-01-24 10:41:32.070723,469.6,469.6,469.8,7821174.0
2018-01-24 10:41:33.257662,469.4,469.6,469.8,7824274.0
2018-01-24 10:41:34.723673,469.6,469.6,469.8,7821174.0
2018-01-24 10:41:36.040310,469.6,469.4,469.8,7824474.0
2018-01-24 10:41:37.263536,469.6,469.6,469.8,7824474.0
2018-01-24 10:41:39.150511,469.6,469.4,469.8,7824474.0
2018-01-24 10:41:42.585552,469.6,469.6,469.8,7824474.0
2018-01-24 10:41:45.527824,469.4,469.6,469.8,7827074.0
2018-01-24 10:41:48.260466,469.8,469.4,469.8,7828874.0
2018-01-24 10:41:50.963653,469.6,469.4,469.8,7838774.0
2018-01-24 10:41:53.524815,469.6,469.4,469.8,7838774.0
2018-01-24 10:41:55.774576,469.6,469.4,469.8,7838774.0
2018-01-24 10:41:57.864971,469.6,469.4,469.8,7838774.0
2018-01-24 10:42:00.835533,469.6,469.4,469.8,7838774.0
2018-01-24 10:42:03.887205,469.6,469.4,469.8,7838774.0
2018-01-24 10:42:06.785234,469.2,469.2,469.4,7843774.0
2018-01-24 10:42:09.654805,469.4,469.2,469.4,7844974.0
2018-01-24 10:42:11.620771,469.4,469.2,469.4,7844974.0
2018-01-24 10:42:13.445293,469.4,469.2,469.4,7846674.0
2018-01-24 10:42:16.137972,469.2,469.2,469.4,7850274.0
2018-01-24 10:42:18.210260,469.4,469.4,469.6,7865274.0
2018-01-24 10:42:20.167813,469.4,469.4,469.6,7865274.0
2018-01-24 10:42:24.388278,469.6,469.4,469.8,7869074.0
2018-01-24 10:42:28.086616,469.6,469.4,469.6,7869074.0
2018-01-24 10:42:31.866228,469.6,469.6,469.8,7872874.0
2018-01-24 10:42:34.711332,469.6,469.6,469.8,7872874.0
2018-01-24 10:42:38.778039,469.4,469.4,469.6,7878974.0
2018-01-24 10:42:41.532328,469.4,469.4,469.6,7878974.0
2018-01-24 10:42:44.136850,469.4,469.4,469.6,7878974.0
2018-01-24 10:42:47.511476,469.4,469.4,469.6,7881274.0
2018-01-24 10:42:50.045056,469.4,469.4,469.6,7881174.0
2018-01-24 10:42:52.851240,469.6,469.6,469.8,7886074.0
2018-01-24 10:42:56.058315,469.6,469.6,469.8,7886074.0
2018-01-24 10:42:58.994681,469.6,469.6,469.8,7886074.0
2018-01-24 10:43:00.981192,469.8,469.6,469.8,7888274.0
2018-01-24 10:43:02.782022,469.8,469.6,469.8,7888274.0
2018-01-24 10:43:06.552854,469.8,469.6,469.8,7888274.0
2018-01-24 10:43:08.890687,469.6,469.4,469.8,7896374.0
2018-01-24 10:43:10.977741,469.6,469.4,469.8,7896374.0
2018-01-24 10:43:13.441041,469.6,469.4,469.8,7896374.0
2018-01-24 10:43:16.173968,469.6,469.4,469.8,7896374.0
2018-01-24 10:43:19.065822,469.6,469.6,469.8,7896374.0
2018-01-24 10:43:21.779305,469.6,469.6,469.8,7901674.0
2018-01-24 10:43:24.580428,469.6,469.4,469.6,7902474.0
2018-01-24 10:43:27.210485,469.6,469.4,469.6,7902474.0
2018-01-24 10:43:30.240769,469.6,469.6,469.8,7902474.0
2018-01-24 10:43:32.951559,469.6,469.6,469.8,7901674.0
2018-01-24 10:43:35.940490,469.4,469.4,469.6,7904374.0
2018-01-24 10:43:39.190112,469.4,469.4,469.6,7906374.0
2018-01-24 10:43:41.185899,469.4,469.4,469.6,7906374.0
2018-01-24 10:43:43.054329,469.4,469.4,469.6,7906474.0
2018-01-24 10:43:45.157384,469.4,469.4,469.6,7907774.0
2018-01-24 10:43:46.932314,469.4,469.4,469.6,7907274.0
2018-01-24 10:43:49.027537,469.4,469.4,469.6,7907274.0
2018-01-24 10:43:50.759070,469.4,469.4,469.6,7907774.0
2018-01-24 10:43:52.471475,469.4,469.4,469.6,7907774.0
2018-01-24 10:43:54.131720,469.4,469.4,469.6,7907274.0
2018-01-24 10:43:55.977243,469.4,469.4,469.6,7907274.0
2018-01-24 10:43:58.055306,469.4,469.4,469.6,7908674.0
2018-01-24 10:44:00.328309,469.4,469.4,469.6,7909074.0
2018-01-24 10:44:02.738959,469.4,469.4,469.6,7910474.0
2018-01-24 10:44:04.873099,469.4,469.4,469.6,7910474.0
2018-01-24 10:44:06.637005,469.6,469.4,469.8,7926974.0
2018-01-24 10:44:08.877187,469.8,469.4,469.8,7929974.0
2018-01-24 10:44:10.691652,469.8,469.6,469.8,7933074.0
2018-01-24 10:44:13.348675,469.8,469.6,469.8,7933074.0
2018-01-24 10:44:15.615711,469.8,469.8,470.0,7936374.0
2018-01-24 10:44:17.694416,470.0,469.8,470.2,7958274.0
2018-01-24 10:44:19.801768,470.0,470.0,470.2,7965474.0
2018-01-24 10:44:22.273949,470.0,469.8,470.2,7982174.0
2018-01-24 10:44:24.162627,470.0,469.8,470.2,7986274.0
2018-01-24 10:44:27.192628,470.0,470.0,470.2,7986274.0
2018-01-24 10:44:29.127745,470.0,470.0,470.2,7986274.0
2018-01-24 10:44:31.001596,470.0,470.0,470.2,7986374.0
2018-01-24 10:44:32.767197,470.0,470.0,470.2,7989074.0
2018-01-24 10:44:34.576223,470.0,470.0,470.2,7989074.0
2018-01-24 10:44:36.461891,470.0,470.0,470.2,7989074.0
2018-01-24 10:44:39.536196,470.0,470.0,470.2,7989374.0
2018-01-24 10:44:41.635562,470.0,470.0,470.2,7989074.0
2018-01-24 10:44:43.658610,470.0,470.0,470.2,7992674.0
2018-01-24 10:44:46.480159,470.0,470.0,470.2,7992674.0
2018-01-24 10:44:48.776972,470.0,470.0,470.2,7995374.0
2018-01-24 10:44:50.243506,470.0,470.0,470.2,7995374.0
2018-01-24 10:44:51.681922,470.0,470.0,470.2,7995674.0
2018-01-24 10:44:53.092189,470.0,469.8,470.2,8003474.0
2018-01-24 10:44:54.455171,470.0,469.8,470.0,8006674.0
2018-01-24 10:44:55.836388,470.0,470.0,470.2,8006674.0
2018-01-24 10:44:57.252793,470.0,470.0,470.2,8007774.0
2018-01-24 10:44:58.474573,470.0,470.0,470.2,8006674.0
2018-01-24 10:45:00.121419,470.0,470.0,470.2,8006674.0
2018-01-24 10:45:01.444362,470.0,470.0,470.2,8007774.0
2018-01-24 10:45:03.034756,470.0,470.0,470.2,8006674.0
2018-01-24 10:45:04.540419,470.0,469.8,470.0,8013549.0
2018-01-24 10:45:05.786199,470.0,469.8,470.0,8013549.0
2018-01-24 10:45:07.161243,470.0,469.8,470.0,8018449.0
2018-01-24 10:45:08.677681,470.0,469.8,470.0,8018449.0
2018-01-24 10:45:09.943261,470.0,469.8,470.0,8018449.0
2018-01-24 10:45:11.344525,470.0,469.8,470.0,8018449.0
2018-01-24 10:45:12.761403,470.0,469.8,470.0,8018449.0
2018-01-24 10:45:13.822433,469.8,469.8,470.0,8021349.0
2018-01-24 10:45:15.062409,469.8,469.8,470.0,8021249.0
2018-01-24 10:45:16.626311,469.8,469.8,470.0,8021349.0
2018-01-24 10:45:17.795187,469.8,469.8,470.0,8021249.0
2018-01-24 10:45:18.947520,469.8,469.8,470.0,8021249.0
2018-01-24 10:45:20.471370,470.0,469.8,470.0,8024549.0
2018-01-24 10:45:22.059119,470.0,469.8,470.0,8024549.0
2018-01-24 10:45:23.154854,470.0,469.8,470.0,8026649.0
2018-01-24 10:45:24.519449,469.8,469.8,470.0,8026749.0
2018-01-24 10:45:26.102458,470.0,469.8,470.0,8026649.0
2018-01-24 10:45:27.291265,469.8,469.8,470.0,8026749.0
2018-01-24 10:45:28.774191,470.0,469.8,470.0,8026649.0
2018-01-24 10:45:30.147012,470.0,469.8,470.0,8026649.0
2018-01-24 10:45:31.896294,470.0,469.8,470.0,8026649.0
2018-01-24 10:45:33.062481,469.8,469.8,470.0,8027649.0
2018-01-24 10:45:34.295059,469.8,469.8,470.0,8026749.0
2018-01-24 10:45:35.504635,469.8,469.8,470.0,8027649.0
2018-01-24 10:45:36.779155,469.8,469.8,470.0,8027849.0
2018-01-24 10:45:38.146755,469.8,469.8,470.0,8027849.0
2018-01-24 10:45:39.611672,470.0,469.8,470.0,8028949.0
2018-01-24 10:45:40.880417,470.0,469.8,470.0,8028949.0
2018-01-24 10:45:42.015404,470.0,469.8,470.0,8028949.0
2018-01-24 10:45:43.245497,469.8,469.8,470.0,8032549.0
2018-01-24 10:45:44.438035,469.8,469.6,470.0,8047349.0
2018-01-24 10:45:45.609379,469.6,469.6,469.8,8051149.0
2018-01-24 10:45:46.738247,469.6,469.6,469.8,8051149.0
2018-01-24 10:45:47.928127,469.6,469.6,469.8,8052249.0
2018-01-24 10:45:49.244795,469.6,469.6,469.8,8051149.0
2018-01-24 10:45:50.367711,469.6,469.6,469.8,8051149.0
2018-01-24 10:45:51.734904,469.6,469.6,469.8,8052249.0
2018-01-24 10:45:52.983185,469.8,469.6,469.8,8053349.0
2018-01-24 10:45:54.323810,469.8,469.6,469.8,8053349.0
2018-01-24 10:45:56.328956,469.8,469.6,469.8,8053349.0
2018-01-24 10:45:57.606120,469.8,469.6,469.8,8053649.0
2018-01-24 10:45:58.915813,469.8,469.6,469.8,8053349.0
2018-01-24 10:46:00.152011,469.8,469.6,469.8,8053349.0
2018-01-24 10:46:01.373963,469.8,469.6,469.8,8053649.0
2018-01-24 10:46:02.571058,469.8,469.6,469.8,8053349.0
2018-01-24 10:46:03.840499,469.6,469.6,469.8,8056649.0
2018-01-24 10:46:05.008147,469.6,469.6,469.8,8056649.0
2018-01-24 10:46:06.144737,469.6,469.6,469.8,8056649.0
2018-01-24 10:46:07.390544,469.6,469.6,469.8,8056749.0
2018-01-24 10:46:08.625964,469.6,469.6,469.8,8056649.0
2018-01-24 10:46:10.129097,469.6,469.6,469.8,8056749.0
2018-01-24 10:46:12.893913,469.6,469.6,469.8,8056749.0
2018-01-24 10:46:15.433248,469.6,469.6,469.8,8056649.0
2018-01-24 10:46:18.633529,469.6,469.6,469.8,8058649.0
2018-01-24 10:46:20.742790,469.6,469.6,469.8,8058649.0
2018-01-24 10:46:22.928200,469.6,469.6,469.8,8059949.0
2018-01-24 10:46:25.490818,469.6,469.6,469.8,8059949.0
2018-01-24 10:46:28.088901,469.6,469.6,469.8,8060049.0
2018-01-24 10:46:30.132754,469.8,469.6,469.8,8065549.0
2018-01-24 10:46:32.237631,469.6,469.6,469.8,8067749.0
2018-01-24 10:46:34.709209,469.6,469.6,469.8,8067749.0
2018-01-24 10:46:36.431570,469.6,469.6,469.8,8067749.0
2018-01-24 10:46:38.839261,469.6,469.6,469.8,8067749.0
2018-01-24 10:46:40.529184,469.6,469.6,469.8,8067749.0
2018-01-24 10:46:42.585998,469.6,469.6,469.8,8067749.0
2018-01-24 10:46:44.765140,469.6,469.6,469.8,8067749.0
2018-01-24 10:46:46.866833,469.6,469.6,469.8,8070049.0
2018-01-24 10:46:49.024238,469.8,469.6,469.8,8069949.0
2018-01-24 10:46:51.256447,469.6,469.6,469.8,8071349.0
2018-01-24 10:46:53.264553,469.6,469.6,469.8,8071349.0
2018-01-24 10:46:55.970861,469.8,469.6,469.8,8071849.0
2018-01-24 10:46:58.982510,469.6,469.6,469.8,8073249.0
2018-01-24 10:47:02.390681,469.6,469.6,469.8,8073249.0
2018-01-24 10:47:05.672947,469.6,469.6,469.8,8075149.0
2018-01-24 10:47:07.493970,469.6,469.6,469.8,8075149.0
2018-01-24 10:47:08.887106,469.8,469.6,469.8,8075249.0
2018-01-24 10:47:10.267589,469.8,469.6,469.8,8075249.0
2018-01-24 10:47:11.489752,469.6,469.6,469.8,8075149.0
2018-01-24 10:47:12.941861,469.6,469.6,469.8,8075149.0
2018-01-24 10:47:14.426290,469.8,469.6,469.8,8077149.0
2018-01-24 10:47:15.482357,469.8,469.6,469.8,8081949.0
2018-01-24 10:47:16.867067,469.8,469.6,469.8,8081949.0
2018-01-24 10:47:18.024280,469.8,469.6,469.8,8081949.0
2018-01-24 10:47:19.294172,469.8,469.6,469.8,8081949.0
2018-01-24 10:47:21.539127,469.8,469.6,469.8,8089649.0
2018-01-24 10:47:22.993560,469.8,469.6,469.8,8081949.0
2018-01-24 10:47:24.314635,469.8,469.6,469.8,8081949.0
2018-01-24 10:47:25.760411,469.6,469.6,469.8,8090149.0
2018-01-24 10:47:26.959353,469.6,469.6,469.8,8090149.0
2018-01-24 10:47:28.662993,469.6,469.6,469.8,8090149.0
2018-01-24 10:47:29.871228,469.8,469.6,469.8,8131449.0
2018-01-24 10:47:31.345597,469.8,469.6,469.8,8131449.0
2018-01-24 10:47:32.578565,469.8,469.6,469.8,8130849.0
2018-01-24 10:47:33.833040,469.8,469.6,469.8,8132649.0
2018-01-24 10:47:35.253353,469.8,469.6,469.8,8132649.0
2018-01-24 10:47:36.556315,469.8,469.6,469.8,8132849.0
2018-01-24 10:47:37.713731,469.8,469.6,469.8,8132849.0
2018-01-24 10:47:39.045583,469.8,469.6,469.8,8132849.0
2018-01-24 10:47:40.289733,469.8,469.6,469.8,8132849.0
2018-01-24 10:47:41.475520,469.8,469.6,469.8,8132649.0
2018-01-24 10:47:42.831641,469.8,469.6,469.8,8132849.0
2018-01-24 10:47:44.283011,469.8,469.6,469.8,8132849.0
2018-01-24 10:47:45.916073,469.8,469.6,469.8,8134449.0
2018-01-24 10:47:47.086688,469.8,469.6,469.8,8134449.0
2018-01-24 10:47:48.896825,469.8,469.6,469.8,8134449.0
2018-01-24 10:47:50.504186,469.8,469.6,469.8,8134449.0
2018-01-24 10:47:51.952942,469.8,469.6,469.8,8134449.0
2018-01-24 10:47:53.253454,469.8,469.6,469.8,8134449.0
2018-01-24 10:47:54.842547,469.8,469.6,469.8,8134449.0
2018-01-24 10:47:56.170984,469.8,469.6,469.8,8134449.0
2018-01-24 10:47:57.421469,469.8,469.6,469.8,8134449.0
2018-01-24 10:47:58.660490,469.8,469.6,469.8,8134449.0
2018-01-24 10:48:00.046609,469.8,469.6,469.8,8147749.0
2018-01-24 10:48:01.547064,469.8,469.6,469.8,8147749.0
2018-01-24 10:48:03.085816,469.8,469.8,470.0,8147749.0
2018-01-24 10:48:04.244896,469.8,469.8,470.0,8151549.0
2018-01-24 10:48:05.635834,469.8,469.8,470.0,8151549.0
2018-01-24 10:48:07.042272,469.8,469.8,470.0,8151549.0
2018-01-24 10:48:08.309488,470.0,469.8,470.2,8214149.0
2018-01-24 10:48:09.782421,470.0,469.8,470.0,8216849.0
2018-01-24 10:48:11.406917,470.0,469.8,470.0,8216849.0
2018-01-24 10:48:12.499372,470.0,469.8,470.0,8216849.0
2018-01-24 10:48:13.896063,470.0,469.8,470.0,8216849.0
2018-01-24 10:48:15.915542,470.2,470.0,470.2,8228149.0
2018-01-24 10:48:17.575324,470.0,470.0,470.2,8229449.0
2018-01-24 10:48:18.811051,470.2,470.0,470.2,8228149.0
2018-01-24 10:48:20.034029,470.2,470.0,470.2,8228149.0
2018-01-24 10:48:21.592754,470.0,470.0,470.2,8229449.0
2018-01-24 10:48:22.835453,470.2,470.0,470.2,8228149.0
2018-01-24 10:48:24.044018,470.0,470.0,470.2,8229449.0
2018-01-24 10:48:25.208525,470.0,470.0,470.2,8229449.0
2018-01-24 10:48:26.657594,470.0,470.0,470.2,8229449.0
2018-01-24 10:48:28.150703,470.2,470.0,470.2,8228149.0
2018-01-24 10:48:29.346383,470.2,470.0,470.2,8231649.0
2018-01-24 10:48:30.919972,470.2,470.0,470.2,8231649.0
2018-01-24 10:48:32.453328,470.0,470.0,470.2,8232849.0
2018-01-24 10:48:33.729517,470.2,470.0,470.2,8231649.0
2018-01-24 10:48:34.979390,470.2,470.0,470.2,8231649.0
2018-01-24 10:48:36.239546,470.2,470.0,470.2,8231649.0
2018-01-24 10:48:37.604999,470.2,470.0,470.2,8231649.0
2018-01-24 10:48:38.805326,470.0,470.0,470.2,8232849.0
2018-01-24 10:48:40.367093,470.2,470.2,470.4,8244949.0
2018-01-24 10:48:42.084607,470.2,470.2,470.4,8245849.0
2018-01-24 10:48:43.596369,470.2,470.2,470.4,8245849.0
2018-01-24 10:48:45.152223,470.2,470.0,470.4,8245849.0
2018-01-24 10:48:46.433449,470.2,470.0,470.4,8248549.0
2018-01-24 10:48:47.727572,470.0,470.0,470.2,8253849.0
2018-01-24 10:48:48.986299,470.0,470.0,470.2,8253849.0
2018-01-24 10:48:50.345377,470.2,470.0,470.2,8255549.0
2018-01-24 10:48:51.732108,470.2,470.0,470.2,8255549.0
2018-01-24 10:48:52.914571,470.2,470.0,470.2,8255549.0
2018-01-24 10:48:54.110740,470.2,470.0,470.2,8258749.0
2018-01-24 10:48:55.450495,470.2,470.0,470.2,8258749.0
2018-01-24 10:48:56.677530,470.2,470.0,470.2,8258749.0
2018-01-24 10:48:58.037160,470.2,470.0,470.2,8258749.0
2018-01-24 10:48:59.126777,470.2,470.0,470.2,8258749.0
2018-01-24 10:49:00.639804,470.2,470.0,470.2,8258749.0
2018-01-24 10:49:01.917865,470.2,470.0,470.2,8258749.0
2018-01-24 10:49:03.326850,470.2,470.0,470.2,8258749.0
2018-01-24 10:49:04.784651,470.2,470.0,470.2,8259249.0
2018-01-24 10:49:06.069715,470.2,470.0,470.2,8258749.0
2018-01-24 10:49:08.109084,470.2,470.0,470.2,8259249.0
2018-01-24 10:49:12.148731,470.2,470.0,470.2,8259249.0
2018-01-24 10:49:13.904130,470.2,470.0,470.2,8259249.0
2018-01-24 10:49:16.033343,470.2,470.0,470.2,8261049.0
2018-01-24 10:49:18.375603,470.2,470.0,470.2,8261049.0
2018-01-24 10:49:20.449941,470.2,470.0,470.2,8261049.0
2018-01-24 10:49:22.907338,470.2,470.0,470.2,8259749.0
2018-01-24 10:49:26.064181,470.2,470.0,470.2,8259749.0
2018-01-24 10:49:28.826898,470.2,470.0,470.2,8259749.0
2018-01-24 10:49:31.077173,470.2,470.0,470.2,8261049.0
2018-01-24 10:49:33.778662,470.2,470.0,470.2,8259749.0
2018-01-24 10:49:35.828289,470.0,470.0,470.2,8263249.0
2018-01-24 10:49:37.983022,470.0,470.0,470.2,8263049.0
2018-01-24 10:49:40.463184,470.0,470.0,470.2,8263249.0
2018-01-24 10:49:42.593584,470.0,470.0,470.2,8263249.0
2018-01-24 10:49:44.844489,470.0,470.0,470.2,8265249.0
2018-01-24 10:49:46.749994,470.0,470.0,470.2,8265949.0
2018-01-24 10:49:49.026894,470.0,470.0,470.2,8267049.0
2018-01-24 10:49:51.777119,470.0,470.0,470.2,8265949.0
2018-01-24 10:49:53.803150,470.0,470.0,470.2,8268649.0
2018-01-24 10:49:55.945979,470.0,470.0,470.2,8268649.0
2018-01-24 10:49:58.189679,470.0,470.0,470.2,8268649.0
2018-01-24 10:50:01.302100,470.0,470.0,470.2,8268649.0
2018-01-24 10:50:04.831611,470.0,470.0,470.2,8268449.0
2018-01-24 10:50:07.352984,470.0,470.0,470.2,8268649.0
2018-01-24 10:50:10.265581,470.0,470.0,470.2,8268649.0
2018-01-24 10:50:12.421136,470.0,470.0,470.2,8268649.0
2018-01-24 10:50:15.763032,470.0,470.0,470.2,8277449.0
2018-01-24 10:50:18.151611,470.2,470.2,470.4,8296349.0
2018-01-24 10:50:20.279606,470.2,470.2,470.4,8313149.0
2018-01-24 10:50:22.356122,470.2,470.2,470.4,8311449.0
2018-01-24 10:50:24.212224,470.2,470.2,470.4,8320349.0
2018-01-24 10:50:27.844469,470.2,470.2,470.4,8325449.0
2018-01-24 10:50:30.333763,470.2,470.2,470.4,8327849.0
2018-01-24 10:50:32.479206,470.2,470.0,470.4,8331349.0
2018-01-24 10:50:35.374439,470.2,470.0,470.4,8331349.0
2018-01-24 10:50:38.054470,470.0,470.0,470.4,8334449.0
2018-01-24 10:50:40.767178,470.4,470.0,470.4,8335249.0
2018-01-24 10:50:45.149899,470.2,470.0,470.4,8338149.0
2018-01-24 10:50:47.420490,470.2,470.0,470.4,8338149.0
2018-01-24 10:50:49.608048,470.2,470.2,470.4,8338149.0
2018-01-24 10:50:51.600862,470.2,470.2,470.4,8338149.0
2018-01-24 10:50:54.098516,470.4,470.2,470.4,8338449.0
2018-01-24 10:50:56.866892,470.4,470.2,470.4,8339249.0
2018-01-24 10:50:58.847951,470.4,470.2,470.4,8339849.0
2018-01-24 10:51:02.999317,470.4,470.2,470.4,8339849.0
2018-01-24 10:51:04.194054,470.4,470.2,470.4,8341149.0
2018-01-24 10:51:05.726804,470.4,470.2,470.4,8341149.0
2018-01-24 10:51:06.798619,470.4,470.2,470.4,8341149.0
2018-01-24 10:51:11.910856,,,,
2018-01-24 10:51:13.119935,470.2,470.2,470.4,8342549.0
2018-01-24 10:51:14.259613,470.2,470.2,470.4,8342549.0
2018-01-24 10:51:16.303544,470.2,470.0,470.2,8343553.0
2018-01-24 10:51:17.817632,470.2,470.0,470.2,8343553.0
2018-01-24 10:51:19.124499,470.2,470.0,470.2,8343553.0
2018-01-24 10:51:20.518050,470.2,470.0,470.2,8345253.0
2018-01-24 10:51:21.798553,470.2,470.0,470.2,8345253.0
2018-01-24 10:51:26.839707,,,,
2018-01-24 10:51:28.079125,470.0,470.0,470.2,8348053.0
2018-01-24 10:51:29.307015,470.0,470.0,470.2,8348053.0
2018-01-24 10:51:30.775742,470.0,470.0,470.2,8350153.0
2018-01-24 10:51:31.998879,470.0,470.0,470.2,8350153.0
2018-01-24 10:51:33.393436,470.0,470.0,470.2,8348053.0
2018-01-24 10:51:34.687591,470.0,470.0,470.2,8348053.0
2018-01-24 10:51:35.897685,470.0,470.0,470.2,8350153.0
2018-01-24 10:51:37.564835,470.0,470.0,470.2,8350153.0
2018-01-24 10:51:38.809122,470.2,470.0,470.2,8350948.0
2018-01-24 10:51:40.042659,470.2,470.2,470.4,8390848.0
2018-01-24 10:51:41.228280,470.2,470.2,470.4,8391848.0
2018-01-24 10:51:42.448111,470.2,470.2,470.4,8390848.0
2018-01-24 10:51:43.995875,470.2,470.2,470.4,8391848.0
2018-01-24 10:51:45.218733,470.2,470.2,470.4,8390848.0
2018-01-24 10:51:46.252936,470.2,470.2,470.4,8391848.0
2018-01-24 10:51:47.355762,470.2,470.2,470.4,8391848.0
2018-01-24 10:51:48.639662,470.2,470.2,470.4,8390848.0
2018-01-24 10:51:50.173505,470.2,470.2,470.4,8391848.0
2018-01-24 10:51:51.376164,470.2,470.2,470.4,8391848.0
2018-01-24 10:51:52.805738,470.2,470.2,470.4,8391848.0
2018-01-24 10:51:54.018110,470.2,470.2,470.4,8391848.0
2018-01-24 10:51:55.230218,470.2,470.2,470.4,8392948.0
2018-01-24 10:51:56.459296,470.2,470.2,470.4,8391848.0
2018-01-24 10:51:57.975419,470.2,470.2,470.4,8391848.0
2018-01-24 10:51:59.236172,470.2,470.2,470.4,8392948.0
2018-01-24 10:52:01.276137,470.2,470.2,470.4,8391848.0
2018-01-24 10:52:02.656419,470.4,470.2,470.4,8397348.0
2018-01-24 10:52:04.180069,470.4,470.2,470.4,8397348.0
2018-01-24 10:52:05.411464,470.4,470.2,470.4,8397348.0
2018-01-24 10:52:06.931621,,,,
2018-01-24 10:52:08.165688,470.4,470.2,470.4,8397348.0
2018-01-24 10:52:09.483982,470.4,470.2,470.4,8397348.0
2018-01-24 10:52:10.607361,470.4,470.2,470.4,8397348.0
2018-01-24 10:52:11.975515,470.2,470.2,470.4,8398348.0
2018-01-24 10:52:13.214965,470.2,470.2,470.4,8398348.0
2018-01-24 10:52:14.540220,470.2,470.2,470.4,8398348.0
2018-01-24 10:52:15.870491,470.2,470.2,470.4,8398348.0
2018-01-24 10:52:17.109056,470.2,470.2,470.4,8399448.0
2018-01-24 10:52:18.268345,470.2,470.2,470.4,8399348.0
2018-01-24 10:52:19.325080,470.2,470.2,470.4,8399348.0
2018-01-24 10:52:20.514033,470.2,470.2,470.4,8399348.0
2018-01-24 10:52:22.839878,470.2,470.2,470.4,8399348.0
2018-01-24 10:52:24.313174,470.2,470.2,470.4,8399348.0
2018-01-24 10:52:26.636391,470.2,470.2,470.4,8399348.0
2018-01-24 10:52:27.928644,470.2,470.2,470.4,8399348.0
2018-01-24 10:52:29.074903,470.2,470.2,470.4,8399348.0
2018-01-24 10:52:30.208122,470.2,470.2,470.4,8399448.0
2018-01-24 10:52:31.507607,470.2,470.2,470.4,8399448.0
2018-01-24 10:52:32.807912,470.2,470.2,470.4,8399448.0
2018-01-24 10:52:34.032237,470.2,470.2,470.4,8399348.0
2018-01-24 10:52:35.611430,470.2,470.2,470.4,8401748.0
2018-01-24 10:52:36.813879,470.2,470.2,470.4,8401748.0
2018-01-24 10:52:38.114839,470.2,470.2,470.4,8403548.0
2018-01-24 10:52:39.644206,470.2,470.2,470.4,8403548.0
2018-01-24 10:52:41.037413,470.2,470.2,470.4,8403548.0
2018-01-24 10:52:42.284307,470.2,470.0,470.2,8408748.0
2018-01-24 10:52:43.546214,470.2,470.0,470.2,8408748.0
2018-01-24 10:52:44.833424,470.2,470.0,470.2,8409648.0
2018-01-24 10:52:46.105156,470.2,470.0,470.2,8409648.0
2018-01-24 10:52:47.803014,470.2,470.0,470.2,8409648.0
2018-01-24 10:52:49.003258,470.2,470.0,470.2,8408748.0
2018-01-24 10:52:51.119790,470.2,470.0,470.2,8408748.0
2018-01-24 10:52:52.425819,470.2,470.0,470.2,8409648.0
2018-01-24 10:52:53.699651,470.0,470.0,470.2,8413648.0
2018-01-24 10:52:55.940531,470.0,470.0,470.2,8414148.0
2018-01-24 10:52:57.103396,470.0,470.0,470.2,8414148.0
2018-01-24 10:52:58.766555,470.0,470.0,470.2,8414148.0
2018-01-24 10:53:00.142178,470.0,470.0,470.2,8414148.0
2018-01-24 10:53:01.578750,470.0,470.0,470.2,8414148.0
2018-01-24 10:53:03.129715,470.0,470.0,470.2,8414148.0
2018-01-24 10:53:04.372823,470.0,470.0,470.2,8418448.0
2018-01-24 10:53:06.614823,470.0,470.0,470.2,8418448.0
2018-01-24 10:53:07.844897,470.0,470.0,470.2,8421448.0
2018-01-24 10:53:09.013244,470.0,470.0,470.2,8421348.0
2018-01-24 10:53:10.162283,470.0,470.0,470.2,8421348.0
2018-01-24 10:53:11.347228,470.0,470.0,470.2,8421348.0
2018-01-24 10:53:12.690552,470.0,470.0,470.2,8421348.0
2018-01-24 10:53:14.051143,470.2,470.0,470.2,8424048.0
2018-01-24 10:53:15.519444,470.2,470.0,470.2,8424048.0
2018-01-24 10:53:16.735466,470.2,470.0,470.2,8424048.0
2018-01-24 10:53:19.022316,470.2,470.0,470.2,8424048.0
2018-01-24 10:53:20.539449,470.2,470.0,470.2,8424048.0
2018-01-24 10:53:21.678187,470.0,470.0,470.2,8426748.0
2018-01-24 10:53:22.910842,470.0,470.0,470.2,8426748.0
2018-01-24 10:53:25.037744,470.0,470.0,470.2,8426748.0
2018-01-24 10:53:26.503039,470.0,470.0,470.2,8426748.0
2018-01-24 10:53:28.033531,,,,
2018-01-24 10:53:29.370112,470.0,470.0,470.2,8430948.0
2018-01-24 10:53:33.552183,470.0,470.0,470.2,8430948.0
2018-01-24 10:53:35.772192,470.0,470.0,470.2,8446148.0
2018-01-24 10:53:39.140126,470.0,470.0,470.2,8446148.0
2018-01-24 10:53:42.343857,470.0,470.0,470.2,8446148.0
2018-01-24 10:53:46.398641,470.0,470.0,470.2,8448248.0
2018-01-24 10:53:49.378584,470.0,470.0,470.2,8457148.0
2018-01-24 10:53:52.011548,470.0,470.0,470.2,8453148.0
2018-01-24 10:53:54.615670,470.0,470.0,470.2,8457148.0
2018-01-24 10:53:58.500563,470.0,470.0,470.2,8460448.0
2018-01-24 10:54:01.326496,470.2,470.0,470.2,8461948.0
2018-01-24 10:54:03.755484,470.2,470.0,470.2,8461948.0
2018-01-24 10:54:06.297169,470.2,470.0,470.2,8463848.0
2018-01-24 10:54:08.553130,470.2,470.0,470.2,8464848.0
2018-01-24 10:54:11.759940,470.2,470.0,470.2,8463848.0
2018-01-24 10:54:14.024247,470.2,470.0,470.2,8463848.0
2018-01-24 10:54:16.219291,470.0,470.0,470.2,8471448.0
2018-01-24 10:54:18.032922,470.2,470.0,470.2,8466448.0
2018-01-24 10:54:20.044507,470.2,470.0,470.2,8466448.0
2018-01-24 10:54:22.225317,470.0,470.0,470.2,8471448.0
2018-01-24 10:54:26.177134,470.2,470.0,470.2,8466448.0
2018-01-24 10:54:27.451174,470.2,470.0,470.2,8466448.0
2018-01-24 10:54:28.889647,470.0,470.0,470.2,8471448.0
2018-01-24 10:54:30.176742,470.2,470.0,470.2,8466448.0
2018-01-24 10:54:31.545915,470.2,470.0,470.2,8466448.0
2018-01-24 10:54:32.762983,470.2,470.0,470.2,8466448.0
2018-01-24 10:54:33.960831,470.2,470.0,470.2,8466448.0
2018-01-24 10:54:35.337364,470.4,470.2,470.6,8506148.0
2018-01-24 10:54:36.823468,470.4,470.2,470.6,8506148.0
2018-01-24 10:54:38.078673,470.4,470.2,470.6,8507148.0
2018-01-24 10:54:39.322860,470.4,470.2,470.6,8506148.0
2018-01-24 10:54:41.324993,470.4,470.2,470.6,8506148.0
2018-01-24 10:54:42.473464,470.4,470.2,470.6,8506148.0
2018-01-24 10:54:43.715430,470.4,470.2,470.6,8506148.0
2018-01-24 10:54:45.127469,470.4,470.2,470.6,8506148.0
2018-01-24 10:54:46.560438,470.4,470.2,470.6,8506148.0
2018-01-24 10:54:47.808652,470.8,470.4,470.8,8531648.0
2018-01-24 10:54:49.006644,470.8,470.4,470.8,8531648.0
2018-01-24 10:54:50.271416,470.8,470.4,470.8,8531648.0
2018-01-24 10:54:51.572630,470.8,470.4,470.8,8531648.0
2018-01-24 10:54:52.871749,470.8,470.4,470.8,8531648.0
2018-01-24 10:54:54.232356,470.8,470.4,470.8,8531648.0
2018-01-24 10:54:55.472617,470.8,470.4,470.8,8531648.0
2018-01-24 10:54:56.645316,470.4,470.4,470.8,8531848.0
2018-01-24 10:54:57.865026,470.8,470.4,470.8,8532948.0
2018-01-24 10:54:59.150335,470.4,470.4,470.8,8531848.0
2018-01-24 10:55:00.830204,470.4,470.4,470.8,8531848.0
2018-01-24 10:55:02.086889,470.6,470.4,470.6,8533448.0
2018-01-24 10:55:03.397025,470.6,470.4,470.8,8540048.0
2018-01-24 10:55:04.731798,470.6,470.4,470.8,8540048.0
2018-01-24 10:55:05.799928,470.6,470.4,470.8,8540048.0
2018-01-24 10:55:07.064834,470.6,470.4,470.8,8540048.0
2018-01-24 10:55:08.472035,470.6,470.4,470.8,8540048.0
2018-01-24 10:55:09.978845,470.6,470.4,470.8,8540048.0
2018-01-24 10:55:11.246345,470.6,470.4,470.8,8540048.0
2018-01-24 10:55:12.587721,470.6,470.4,470.8,8540048.0
2018-01-24 10:55:14.118930,470.6,470.4,470.8,8540048.0
2018-01-24 10:55:15.261489,470.6,470.4,470.8,8540048.0
2018-01-24 10:55:16.520675,470.6,470.4,470.8,8540048.0
2018-01-24 10:55:17.787149,470.6,470.4,470.6,8541848.0
2018-01-24 10:55:19.025096,470.6,470.4,470.8,8541848.0
2018-01-24 10:55:20.260005,470.6,470.4,470.8,8540048.0
2018-01-24 10:55:21.515819,470.6,470.6,470.8,8561048.0
2018-01-24 10:55:22.782536,470.6,470.6,470.8,8561448.0
2018-01-24 10:55:24.253273,470.6,470.6,470.8,8567948.0
2018-01-24 10:55:25.608779,470.6,470.6,470.8,8567348.0
2018-01-24 10:55:26.904663,470.6,470.6,470.8,8567948.0
2018-01-24 10:55:28.161238,470.6,470.6,470.8,8567348.0
2018-01-24 10:55:29.358406,470.6,470.4,470.6,8573848.0
2018-01-24 10:55:30.623466,470.6,470.4,470.6,8567948.0
2018-01-24 10:55:31.896974,470.4,470.4,470.6,8574048.0
2018-01-24 10:55:33.368249,470.6,470.4,470.6,8573848.0
2018-01-24 10:55:34.585176,470.4,470.4,470.6,8574048.0
2018-01-24 10:55:35.813974,470.4,470.4,470.6,8574048.0
2018-01-24 10:55:37.256305,470.4,470.4,470.6,8574048.0
2018-01-24 10:55:38.606955,470.4,470.4,470.6,8574048.0
2018-01-24 10:55:39.849869,470.4,470.4,470.6,8574048.0
2018-01-24 10:55:41.391843,470.4,470.4,470.6,8574048.0
2018-01-24 10:55:42.600486,470.6,470.4,470.6,8577348.0
2018-01-24 10:55:43.814219,470.6,470.4,470.6,8577348.0
2018-01-24 10:55:45.249420,470.4,470.4,470.6,8576548.0
2018-01-24 10:55:46.468059,470.6,470.4,470.6,8577348.0
2018-01-24 10:55:47.882952,470.6,470.4,470.6,8585148.0
2018-01-24 10:55:49.276979,470.6,470.4,470.6,8585148.0
2018-01-24 10:55:50.586651,470.6,470.4,470.6,8584748.0
2018-01-24 10:55:51.856524,470.6,470.4,470.6,8585148.0
2018-01-24 10:55:53.002566,470.6,470.4,470.6,8585148.0
2018-01-24 10:55:54.246725,470.6,470.4,470.6,8584748.0
2018-01-24 10:55:55.752410,470.6,470.4,470.6,8584748.0
2018-01-24 10:55:56.829920,470.6,470.4,470.6,8585148.0
2018-01-24 10:55:58.114766,470.6,470.4,470.6,8585148.0
2018-01-24 10:55:59.291739,470.6,470.6,470.8,8588548.0
2018-01-24 10:56:02.896524,470.6,470.6,470.8,8588548.0
2018-01-24 10:56:11.711952,470.6,470.6,470.8,8590848.0
2018-01-24 10:56:12.986058,470.6,470.6,470.8,8592148.0
2018-01-24 10:56:14.337430,470.4,470.4,470.6,8595048.0
2018-01-24 10:56:15.487732,470.4,470.4,470.6,8595048.0
2018-01-24 10:56:16.690717,470.6,470.4,470.6,8594348.0
2018-01-24 10:56:17.949433,470.4,470.4,470.6,8595048.0
2018-01-24 10:56:19.182697,470.4,470.4,470.6,8595048.0
2018-01-24 10:56:20.459809,470.6,470.4,470.6,8597148.0
2018-01-24 10:56:21.954170,470.4,470.4,470.6,8595048.0
2018-01-24 10:56:23.178487,470.4,470.4,470.6,8595048.0
2018-01-24 10:56:24.482348,470.4,470.4,470.6,8595048.0
2018-01-24 10:56:25.941707,470.6,470.4,470.6,8597148.0
2018-01-24 10:56:27.157037,470.4,470.4,470.6,8595048.0
2018-01-24 10:56:28.477145,470.4,470.4,470.6,8595048.0
2018-01-24 10:56:29.916068,470.6,470.4,470.6,8599148.0
2018-01-24 10:56:31.232007,470.6,470.4,470.6,8599148.0
2018-01-24 10:56:32.673007,470.6,470.4,470.6,8597148.0
2018-01-24 10:56:33.989379,470.6,470.4,470.6,8599148.0
2018-01-24 10:56:35.452927,470.6,470.4,470.6,8599148.0
2018-01-24 10:56:36.709434,470.6,470.4,470.6,8599148.0
2018-01-24 10:56:37.899965,470.6,470.4,470.6,8597148.0
2018-01-24 10:56:39.142398,470.6,470.4,470.6,8599548.0
2018-01-24 10:56:40.430988,470.6,470.4,470.6,8599148.0
2018-01-24 10:56:41.610099,470.6,470.4,470.6,8599148.0
2018-01-24 10:56:42.850949,470.6,470.4,470.6,8599548.0
2018-01-24 10:56:44.045497,470.6,470.4,470.6,8599148.0
2018-01-24 10:56:45.289011,470.6,470.4,470.6,8599148.0
2018-01-24 10:56:46.500061,470.6,470.4,470.6,8599148.0
2018-01-24 10:56:47.965747,470.6,470.4,470.6,8599548.0
2018-01-24 10:56:49.228854,470.6,470.4,470.6,8599548.0
2018-01-24 10:56:50.598557,470.6,470.4,470.6,8599148.0
2018-01-24 10:56:51.865043,470.6,470.4,470.6,8599548.0
2018-01-24 10:56:53.277373,470.6,470.4,470.6,8601748.0
2018-01-24 10:56:54.820547,470.6,470.4,470.6,8601748.0
2018-01-24 10:56:56.167568,470.4,470.4,470.6,8605748.0
2018-01-24 10:56:57.623463,470.4,470.4,470.6,8606148.0
2018-01-24 10:56:59.089254,470.4,470.4,470.6,8606148.0
2018-01-24 10:57:00.310296,470.4,470.4,470.6,8606148.0
2018-01-24 10:57:01.567760,470.4,470.4,470.6,8606748.0
2018-01-24 10:57:02.778172,470.4,470.4,470.6,8606748.0
2018-01-24 10:57:03.917707,470.6,470.4,470.6,8606948.0
2018-01-24 10:57:05.084252,470.6,470.4,470.6,8606948.0
2018-01-24 10:57:06.566412,470.6,470.4,470.6,8606948.0
2018-01-24 10:57:08.287339,470.6,470.4,470.6,8606948.0
2018-01-24 10:57:09.566065,470.4,470.4,470.6,8606748.0
2018-01-24 10:57:10.926067,470.6,470.4,470.6,8606948.0
2018-01-24 10:57:12.370905,470.4,470.4,470.6,8606748.0
2018-01-24 10:57:13.637694,470.6,470.4,470.6,8606948.0
2018-01-24 10:57:15.076489,470.6,470.4,470.6,8606948.0
2018-01-24 10:57:16.462239,470.4,470.4,470.6,8609348.0
2018-01-24 10:57:17.823193,470.4,470.2,470.6,8614848.0
2018-01-24 10:57:19.197070,470.4,470.2,470.6,8614848.0
2018-01-24 10:57:20.416989,470.4,470.2,470.6,8614848.0
2018-01-24 10:57:21.921376,470.4,470.2,470.6,8614848.0
2018-01-24 10:57:23.178170,470.4,470.2,470.6,8614848.0
2018-01-24 10:57:24.401290,470.4,470.2,470.6,8614848.0
2018-01-24 10:57:25.609098,470.4,470.2,470.6,8614848.0
2018-01-24 10:57:26.669358,470.4,470.2,470.6,8614848.0
2018-01-24 10:57:27.988255,470.4,470.2,470.6,8614848.0
2018-01-24 10:57:30.750972,470.4,470.2,470.6,8614848.0
2018-01-24 10:57:34.044531,470.4,470.2,470.6,8614848.0
2018-01-24 10:57:36.183069,470.4,470.2,470.4,8617648.0
2018-01-24 10:57:38.938706,470.4,470.2,470.4,8617648.0
2018-01-24 10:57:40.241482,470.2,470.2,470.4,8623848.0
2018-01-24 10:57:41.465015,470.2,470.2,470.4,8624848.0
2018-01-24 10:57:43.145127,470.2,470.2,470.4,8624848.0
2018-01-24 10:57:45.266436,470.2,470.2,470.4,8624848.0
2018-01-24 10:57:46.771520,470.2,470.2,470.4,8624848.0
2018-01-24 10:57:48.380712,470.2,470.2,470.4,8624848.0
2018-01-24 10:57:49.602979,470.2,470.0,470.2,8627548.0
2018-01-24 10:57:51.028053,470.2,470.0,470.2,8627548.0
2018-01-24 10:57:52.562924,470.2,470.0,470.2,8630548.0
2018-01-24 10:57:53.445250,470.2,470.0,470.2,8642448.0
2018-01-24 10:57:54.360654,470.2,470.0,470.2,8642448.0
2018-01-24 10:57:55.484795,470.2,470.0,470.2,8651348.0
2018-01-24 10:57:56.500348,470.2,470.0,470.2,8651348.0
2018-01-24 10:57:57.706750,470.2,470.0,470.2,8651348.0
2018-01-24 10:57:58.936900,470.2,470.0,470.2,8649448.0
2018-01-24 10:57:59.996160,470.0,470.0,470.4,8652248.0
2018-01-24 10:58:00.978365,470.2,470.0,470.4,8651948.0
2018-01-24 10:58:01.910013,470.2,470.0,470.4,8651948.0
2018-01-24 10:58:02.944289,470.0,470.0,470.4,8652248.0
2018-01-24 10:58:04.374256,470.2,470.0,470.4,8651948.0
2018-01-24 10:58:05.426921,470.2,470.0,470.4,8651948.0
2018-01-24 10:58:06.663572,470.0,470.0,470.4,8652248.0
2018-01-24 10:58:07.755626,470.0,470.0,470.2,8673148.0
2018-01-24 10:58:08.725926,470.0,470.0,470.2,8673148.0
2018-01-24 10:58:09.710653,470.0,470.0,470.2,8691448.0
2018-01-24 10:58:10.939925,470.0,470.0,470.2,8684248.0
2018-01-24 10:58:12.367188,470.0,470.0,470.2,8700348.0
2018-01-24 10:58:13.638712,470.2,470.0,470.2,8714648.0
2018-01-24 10:58:14.718044,470.2,470.0,470.2,8714648.0
2018-01-24 10:58:16.149888,470.0,469.8,470.0,8747748.0
2018-01-24 10:58:17.428939,469.8,469.6,470.0,8760948.0
2018-01-24 10:58:18.719373,469.8,469.6,470.0,8770348.0
2018-01-24 10:58:19.831250,469.8,469.6,469.8,8774548.0
2018-01-24 10:58:21.069618,469.8,469.6,469.8,8774548.0
2018-01-24 10:58:22.096532,469.6,469.6,469.8,8776048.0
2018-01-24 10:58:23.252952,469.6,469.6,469.8,8776048.0
2018-01-24 10:58:24.443120,469.6,469.6,469.8,8776048.0
2018-01-24 10:58:26.004124,469.6,469.6,469.8,8776048.0
2018-01-24 10:58:27.361491,469.8,469.6,469.8,8774548.0
2018-01-24 10:58:28.786728,469.6,469.6,469.8,8776048.0
2018-01-24 10:58:30.068158,469.8,469.6,469.8,8786248.0
2018-01-24 10:58:31.304600,469.8,469.6,469.8,8786248.0
2018-01-24 10:58:32.617929,469.8,469.8,470.0,8792948.0
2018-01-24 10:58:33.892486,469.8,469.8,470.0,8792948.0
2018-01-24 10:58:35.291664,469.8,469.8,470.0,8792948.0
2018-01-24 10:58:36.676960,469.8,469.8,470.0,8792948.0
2018-01-24 10:58:37.966845,469.8,469.8,470.0,8792948.0
2018-01-24 10:58:39.309108,469.8,469.8,470.0,8792848.0
2018-01-24 10:58:40.848637,469.8,469.8,470.0,8792848.0
2018-01-24 10:58:42.112809,469.8,469.8,470.0,8792948.0
2018-01-24 10:58:43.216610,469.8,469.8,470.0,8792948.0
2018-01-24 10:58:44.458203,469.8,469.8,470.0,8792948.0
2018-01-24 10:58:45.603109,470.0,469.8,470.0,8794448.0
2018-01-24 10:58:46.945611,470.0,469.8,470.0,8794448.0
2018-01-24 10:58:52.935696,469.8,469.8,470.0,8795148.0
2018-01-24 10:58:54.118709,469.8,469.8,470.0,8795148.0
2018-01-24 10:58:55.723054,469.8,469.8,470.0,8795148.0
2018-01-24 10:58:57.059093,469.8,469.8,470.0,8795948.0
2018-01-24 10:58:58.463280,470.0,469.8,470.0,8795748.0
2018-01-24 10:59:00.121292,470.0,469.8,470.0,8795748.0
2018-01-24 10:59:01.597228,469.8,469.8,470.0,8795948.0
2018-01-24 10:59:03.033783,469.8,469.8,470.0,8795948.0
2018-01-24 10:59:04.366238,470.0,469.8,470.0,8797148.0
2018-01-24 10:59:06.589170,469.8,469.8,470.0,8795948.0
2018-01-24 10:59:07.796625,469.8,469.8,470.0,8797348.0
2018-01-24 10:59:09.157947,469.8,469.8,470.0,8797348.0
2018-01-24 10:59:10.466357,469.8,469.8,470.0,8797348.0
2018-01-24 10:59:11.809788,469.8,469.8,470.0,8797348.0
2018-01-24 10:59:12.992131,469.8,469.8,470.0,8797348.0
2018-01-24 10:59:14.283108,469.8,469.8,470.0,8797348.0
2018-01-24 10:59:16.493205,470.0,469.8,470.0,8797148.0
2018-01-24 10:59:17.750100,469.8,469.8,470.0,8797348.0
2018-01-24 10:59:19.144205,469.8,469.8,470.0,8797348.0
2018-01-24 10:59:20.478562,470.0,469.8,470.0,8802648.0
2018-01-24 10:59:21.719932,469.8,469.8,470.0,8802848.0
2018-01-24 10:59:23.033036,469.8,469.8,470.0,8804948.0
2018-01-24 10:59:24.219706,469.8,469.8,470.0,8804948.0
2018-01-24 10:59:25.678932,469.8,469.6,469.8,8812048.0
2018-01-24 10:59:26.954270,469.8,469.6,469.8,8817448.0
2018-01-24 10:59:28.123708,469.8,469.6,469.8,8817448.0
2018-01-24 10:59:29.356577,470.0,469.8,470.0,8823448.0
2018-01-24 10:59:31.432373,470.0,469.8,470.2,8823448.0
2018-01-24 10:59:32.926725,470.4,470.0,470.4,8845048.0
2018-01-24 10:59:34.312561,470.4,470.0,470.4,8845048.0
2018-01-24 10:59:35.553735,470.4,470.0,470.4,8845048.0
2018-01-24 10:59:37.266970,470.4,470.0,470.4,8845048.0
2018-01-24 10:59:38.658201,470.4,470.0,470.4,8845048.0
2018-01-24 10:59:40.146661,470.4,470.0,470.4,8845048.0
2018-01-24 10:59:41.328743,470.4,470.0,470.4,8845048.0
2018-01-24 10:59:42.565295,470.4,470.0,470.4,8845048.0
2018-01-24 10:59:43.862840,470.4,470.0,470.4,8845048.0
2018-01-24 10:59:45.132815,470.4,470.0,470.4,8845048.0
2018-01-24 10:59:46.338783,470.4,470.0,470.4,8845048.0
2018-01-24 10:59:47.384256,470.4,470.0,470.4,8845048.0
2018-01-24 10:59:48.625837,470.4,470.0,470.4,8845048.0
2018-01-24 10:59:49.888991,470.4,470.0,470.4,8845048.0
2018-01-24 10:59:51.457099,470.4,470.0,470.4,8845048.0
2018-01-24 10:59:52.803066,470.4,470.0,470.4,8845048.0
2018-01-24 10:59:56.338950,470.4,470.0,470.4,8845048.0
2018-01-24 11:00:03.856918,470.4,470.0,470.4,8845048.0
2018-01-24 11:00:07.455538,470.4,470.0,470.4,8845048.0
2018-01-24 11:00:10.822264,470.2,470.2,470.4,8848048.0
2018-01-24 11:00:14.198454,470.2,470.2,470.4,8848048.0
2018-01-24 11:00:17.463458,470.2,470.2,470.4,8848048.0
2018-01-24 11:00:20.740359,470.2,470.2,470.4,8848048.0
2018-01-24 11:00:24.138115,470.2,470.2,470.4,8848048.0
2018-01-24 11:00:27.513490,470.2,470.2,470.4,8848048.0
2018-01-24 11:00:30.787595,470.4,470.0,470.4,8856974.0
2018-01-24 11:00:35.622559,470.4,470.0,470.4,8856974.0
2018-01-24 11:00:38.769288,470.0,469.8,470.0,8971475.0
2018-01-24 11:00:41.818093,470.0,469.8,470.0,8971475.0
2018-01-24 11:00:46.565324,470.0,469.8,470.0,8971475.0
2018-01-24 11:00:50.539828,470.0,469.8,470.0,8971475.0
2018-01-24 11:00:53.801821,470.0,469.8,470.0,8971475.0
2018-01-24 11:00:58.509361,470.0,469.8,470.0,8971475.0
2018-01-24 11:01:01.300609,470.0,469.8,470.0,8971475.0
2018-01-24 11:01:05.083440,470.2,470.0,470.4,8978075.0
2018-01-24 11:01:10.507112,470.2,470.0,470.4,8978075.0
2018-01-24 11:01:13.793858,470.2,470.2,470.4,8983675.0
2018-01-24 11:01:17.098040,470.2,470.2,470.4,8984575.0
2018-01-24 11:01:21.062268,470.0,470.0,470.4,8987075.0
2018-01-24 11:01:25.256821,470.0,470.0,470.4,8987075.0
2018-01-24 11:01:28.539489,470.0,470.0,470.4,8995975.0
2018-01-24 11:01:32.706608,470.0,470.0,470.4,8995975.0
2018-01-24 11:01:40.781461,470.0,469.8,470.0,9009575.0
2018-01-24 11:01:46.802072,469.6,469.4,469.8,9089675.0
2018-01-24 11:01:50.175614,469.6,469.4,469.8,9095175.0
2018-01-24 11:01:53.077964,469.6,469.4,469.8,9095175.0
2018-01-24 11:01:56.691733,469.6,469.4,469.8,9095175.0
2018-01-24 11:01:59.941451,469.4,469.4,469.6,9096575.0
2018-01-24 11:02:03.380558,469.4,469.4,469.6,9096575.0
2018-01-24 11:02:07.648989,469.4,469.4,469.6,9102201.0
2018-01-24 11:02:13.701587,469.4,469.4,469.6,9102201.0
2018-01-24 11:02:17.692264,469.4,469.4,469.6,9102201.0
2018-01-24 11:02:19.042575,469.6,469.4,469.6,9104701.0
2018-01-24 11:02:20.340281,469.4,469.4,469.6,9104801.0
2018-01-24 11:02:21.451714,469.6,469.4,469.6,9104701.0
2018-01-24 11:02:22.768745,469.6,469.4,469.6,9104701.0
2018-01-24 11:02:24.076897,469.6,469.4,469.6,9104701.0
2018-01-24 11:02:25.452442,469.4,469.4,469.6,9104801.0
2018-01-24 11:02:26.753159,469.4,469.4,469.6,9104801.0
2018-01-24 11:02:28.125080,469.6,469.4,469.6,9106901.0
2018-01-24 11:02:29.462312,469.6,469.4,469.6,9106901.0
2018-01-24 11:02:31.834332,469.6,469.4,469.6,9106901.0
2018-01-24 11:02:33.644699,469.6,469.4,469.6,9106901.0
2018-01-24 11:02:35.309981,469.6,469.4,469.6,9108801.0
2018-01-24 11:02:36.961762,469.6,469.4,469.6,9108801.0
2018-01-24 11:02:38.499450,469.6,469.4,469.6,9108801.0
2018-01-24 11:02:40.296920,469.4,469.4,469.6,9111601.0
2018-01-24 11:02:41.917798,469.4,469.4,469.6,9111601.0
2018-01-24 11:02:43.589827,469.4,469.4,469.6,9111601.0
2018-01-24 11:02:45.139871,469.4,469.4,469.6,9112501.0
2018-01-24 11:02:46.703630,469.4,469.4,469.6,9112501.0
2018-01-24 11:02:48.756414,469.4,469.4,469.6,9115101.0
2018-01-24 11:02:50.463164,469.6,469.4,469.6,9115201.0
2018-01-24 11:02:51.945416,469.4,469.4,469.6,9115101.0
2018-01-24 11:02:53.551291,469.6,469.4,469.6,9130001.0
2018-01-24 11:02:55.246423,469.4,469.4,469.6,9115101.0
2018-01-24 11:02:56.885254,469.6,469.4,469.6,9130001.0
2018-01-24 11:02:58.655482,469.2,469.2,469.6,9143601.0
2018-01-24 11:02:59.836450,469.2,469.2,469.4,9143601.0
2018-01-24 11:03:01.345942,469.2,469.2,469.4,9143601.0
2018-01-24 11:03:02.580177,469.2,469.2,469.4,9147801.0
2018-01-24 11:03:03.597652,469.2,469.2,469.4,9147801.0
2018-01-24 11:03:04.707047,469.2,469.2,469.4,9147801.0
2018-01-24 11:03:05.859512,469.4,469.2,469.4,9155201.0
2018-01-24 11:03:07.103312,469.4,469.2,469.4,9157201.0
2018-01-24 11:03:08.337130,469.4,469.2,469.4,9157201.0
2018-01-24 11:03:09.912761,469.4,469.2,469.4,9155201.0
2018-01-24 11:03:11.294783,469.4,469.2,469.4,9157201.0
2018-01-24 11:03:12.648369,469.4,469.2,469.4,9155201.0
2018-01-24 11:03:13.911762,469.4,469.2,469.4,9157901.0
2018-01-24 11:03:15.232084,469.4,469.2,469.4,9157901.0
2018-01-24 11:03:16.906939,469.4,469.2,469.4,9157901.0
2018-01-24 11:03:18.385589,469.4,469.2,469.4,9157901.0
2018-01-24 11:03:19.763227,469.4,469.2,469.4,9157901.0
2018-01-24 11:03:21.871707,469.4,469.2,469.4,9157901.0
2018-01-24 11:03:23.356071,469.4,469.2,469.4,9157901.0
2018-01-24 11:03:24.934260,469.4,469.2,469.4,9157901.0
2018-01-24 11:03:26.558881,469.2,469.2,469.4,9217281.0
2018-01-24 11:03:28.275261,469.2,469.2,469.4,9224101.0
2018-01-24 11:03:29.898026,469.2,469.2,469.4,9226701.0
2018-01-24 11:03:31.682921,469.2,469.2,469.4,9224101.0
2018-01-24 11:03:33.585716,469.2,469.2,469.4,9224101.0
2018-01-24 11:03:35.197080,469.2,469.2,469.4,9224101.0
2018-01-24 11:03:37.509757,469.2,469.2,469.4,9224101.0
2018-01-24 11:03:41.620419,469.2,469.2,469.4,9226701.0
2018-01-24 11:03:44.266516,469.2,469.2,469.4,9226701.0
2018-01-24 11:03:46.903992,469.2,469.0,469.2,9226701.0
2018-01-24 11:03:49.736616,469.2,469.0,469.4,9235430.0
2018-01-24 11:03:51.978474,469.2,469.0,469.2,9234530.0
2018-01-24 11:03:54.148218,469.2,469.2,469.4,9235430.0
2018-01-24 11:03:56.889952,469.2,469.2,469.4,9235430.0
2018-01-24 11:03:59.649072,469.2,469.0,469.4,9235630.0
2018-01-24 11:04:02.168263,469.2,469.2,469.4,9235630.0
2018-01-24 11:04:05.580195,469.2,469.0,469.4,9235630.0
2018-01-24 11:04:09.325954,469.2,469.2,469.4,9236030.0
2018-01-24 11:04:12.435492,469.2,469.2,469.4,9236030.0
2018-01-24 11:04:16.232866,469.2,469.2,469.4,9241530.0
2018-01-24 11:04:18.483973,469.0,469.0,469.4,9273830.0
2018-01-24 11:04:21.324981,469.0,469.0,469.4,9273830.0
2018-01-24 11:04:23.937435,469.2,469.2,469.4,9279630.0
2018-01-24 11:04:26.004962,469.0,469.0,469.4,9273830.0
2018-01-24 11:04:28.464279,469.2,469.2,469.4,9279630.0
2018-01-24 11:04:30.554789,469.0,469.0,469.2,9332730.0
2018-01-24 11:04:32.666556,468.8,468.8,469.0,9340430.0
2018-01-24 11:04:34.605421,468.8,468.6,469.0,9352630.0
2018-01-24 11:04:36.846688,468.8,468.6,469.0,9352630.0
2018-01-24 11:04:38.838864,468.8,468.6,469.0,9352630.0
2018-01-24 11:04:41.168719,468.6,468.6,469.0,9360930.0
2018-01-24 11:04:43.331256,468.6,468.6,469.0,9360930.0
2018-01-24 11:04:45.347665,468.6,468.6,469.0,9360930.0
2018-01-24 11:04:47.320263,468.6,468.6,469.0,9360930.0
2018-01-24 11:04:48.616314,468.6,468.6,469.0,9360930.0
2018-01-24 11:04:50.470206,468.6,468.6,469.0,9360930.0
2018-01-24 11:04:51.780992,468.8,468.4,469.0,9399130.0
2018-01-24 11:04:52.879682,468.8,468.4,469.0,9399130.0
2018-01-24 11:04:54.056428,468.2,468.6,468.8,9430930.0
2018-01-24 11:04:55.292278,468.0,468.0,468.8,9465130.0
2018-01-24 11:04:56.620814,468.0,468.0,468.8,9465130.0
2018-01-24 11:04:57.716920,468.0,468.0,468.8,9465130.0
2018-01-24 11:04:59.279133,468.0,468.0,468.8,9465130.0
2018-01-24 11:05:00.447258,468.0,468.0,468.8,9464330.0
2018-01-24 11:05:01.578185,468.0,468.0,468.8,9464330.0
2018-01-24 11:05:02.746055,468.0,468.0,468.8,9464330.0
2018-01-24 11:05:04.183500,468.4,468.4,468.6,9466130.0
2018-01-24 11:05:05.393872,468.4,468.4,468.6,9466130.0
2018-01-24 11:05:06.605355,468.4,468.6,468.8,9467030.0
2018-01-24 11:05:07.749843,468.8,468.2,468.8,9473030.0
2018-01-24 11:05:09.245387,468.8,468.2,468.8,9473030.0
2018-01-24 11:05:10.454768,468.8,468.2,468.8,9473030.0
2018-01-24 11:05:11.779521,468.8,468.2,468.8,9473030.0
2018-01-24 11:05:13.017035,468.8,468.2,468.8,9473030.0
2018-01-24 11:05:14.808905,468.6,468.2,468.8,9476730.0
2018-01-24 11:05:16.239225,468.8,468.2,468.6,9476730.0
2018-01-24 11:05:17.638019,468.8,468.2,468.6,9476730.0
2018-01-24 11:05:18.744306,468.6,468.2,468.6,9476730.0
2018-01-24 11:05:19.858567,468.6,468.2,468.6,9479930.0
2018-01-24 11:05:20.806873,468.6,468.2,468.6,9479930.0
2018-01-24 11:05:21.728835,468.6,468.2,468.6,9479930.0
2018-01-24 11:05:22.703566,468.6,468.2,468.6,9479930.0
2018-01-24 11:05:23.805028,468.6,468.2,468.6,9479930.0
2018-01-24 11:05:24.805985,468.6,468.2,468.6,9479930.0
2018-01-24 11:05:25.854530,468.6,468.2,468.6,9479930.0
2018-01-24 11:05:26.881578,468.6,468.2,468.6,9479930.0
2018-01-24 11:05:27.815001,468.6,468.2,468.6,9479930.0
2018-01-24 11:05:28.921088,468.6,468.2,468.6,9479930.0
2018-01-24 11:05:30.613459,468.4,468.2,468.4,9480330.0
2018-01-24 11:05:31.993297,468.4,468.2,468.4,9480330.0
2018-01-24 11:05:33.019716,468.4,468.2,468.4,9480330.0
2018-01-24 11:05:34.232169,468.4,468.2,468.4,9480330.0
2018-01-24 11:05:35.449764,468.4,468.2,468.4,9480330.0
2018-01-24 11:05:36.538118,468.4,468.2,468.4,9480330.0
2018-01-24 11:05:37.600666,468.4,468.2,468.4,9480330.0
2018-01-24 11:05:38.612734,468.4,468.2,468.4,9480330.0
2018-01-24 11:05:39.791231,468.4,468.2,468.4,9480330.0
2018-01-24 11:05:40.859743,468.4,468.2,468.4,9480330.0
2018-01-24 11:05:41.939711,468.4,468.2,468.4,9480330.0
2018-01-24 11:05:43.127331,468.4,468.2,468.4,9491830.0
2018-01-24 11:05:44.189678,468.4,468.4,468.6,9491830.0
2018-01-24 11:05:45.232729,468.6,468.4,468.6,9514730.0
2018-01-24 11:05:46.284853,468.2,468.2,468.6,9507130.0
2018-01-24 11:05:47.325733,468.4,468.2,468.4,9515530.0
2018-01-24 11:05:48.389357,468.4,468.2,468.6,9515530.0
2018-01-24 11:05:49.541209,468.4,468.2,468.6,9515530.0
2018-01-24 11:05:50.705825,468.4,468.2,468.4,9515530.0
2018-01-24 11:05:51.742653,468.6,468.4,468.6,9516230.0
