time,price,bid,ask,volume
2018-01-29 13:52:33.655264,469.6,469.4,469.6,13726172.0
2018-01-29 13:52:35.160010,469.4,469.4,469.6,13720072.0
2018-01-29 13:52:36.597668,469.6,469.4,469.6,13726172.0
2018-01-29 13:52:37.920247,469.6,469.4,469.6,13726172.0
2018-01-29 13:52:39.462105,469.6,469.4,469.6,13726172.0
2018-01-29 13:52:41.076716,469.4,469.4,469.6,13727172.0
2018-01-29 13:52:42.516768,469.6,469.4,469.6,13726172.0
2018-01-29 13:52:43.848326,469.4,469.4,469.6,13727172.0
2018-01-29 13:52:45.153306,469.4,469.4,469.6,13727172.0
2018-01-29 13:52:46.509987,469.4,469.4,469.6,13727172.0
2018-01-29 13:52:47.856654,469.6,469.4,469.6,13726172.0
2018-01-29 13:52:49.213072,469.6,469.4,469.6,13726172.0
2018-01-29 13:52:50.668124,469.6,469.4,469.6,13726172.0
2018-01-29 13:52:51.999569,469.4,469.4,469.6,13727172.0
2018-01-29 13:52:53.505399,469.4,469.4,469.6,13727172.0
2018-01-29 13:52:54.858028,469.4,469.4,469.6,13728572.0
2018-01-29 13:52:56.252578,469.4,469.4,469.6,13728572.0
2018-01-29 13:52:57.557720,469.4,469.4,469.6,13727172.0
2018-01-29 13:52:58.918046,469.4,469.4,469.6,13728572.0
2018-01-29 13:53:00.345928,469.4,469.4,469.6,13728572.0
2018-01-29 13:53:01.744963,469.4,469.4,469.6,13727172.0
2018-01-29 13:53:03.194699,469.4,469.4,469.6,13728572.0
2018-01-29 13:53:04.445268,469.4,469.4,469.6,13727172.0
2018-01-29 13:53:05.862971,469.4,469.4,469.6,13728572.0
2018-01-29 13:53:07.399030,469.4,469.2,469.4,13741772.0
2018-01-29 13:53:08.670461,469.4,469.2,469.4,13741772.0
2018-01-29 13:53:10.025222,469.6,469.4,469.6,13729372.0
2018-01-29 13:53:11.560101,469.4,469.2,469.4,13741772.0
2018-01-29 13:53:12.986330,469.4,469.2,469.4,13741772.0
2018-01-29 13:53:14.287710,469.4,469.2,469.4,13741772.0
2018-01-29 13:53:15.626373,469.2,469.0,469.2,13757972.0
2018-01-29 13:53:16.804294,469.2,469.0,469.2,13757972.0
2018-01-29 13:53:18.222856,469.2,469.0,469.2,13757972.0
2018-01-29 13:53:21.334178,469.2,469.0,469.2,13757972.0
2018-01-29 13:53:23.606962,468.8,468.8,469.2,13799972.0
2018-01-29 13:53:25.409469,468.8,468.8,469.2,13799972.0
2018-01-29 13:53:27.256371,468.8,468.8,469.2,13799072.0
2018-01-29 13:53:29.219828,468.8,468.8,469.2,13799972.0
2018-01-29 13:53:31.024252,468.8,468.8,469.2,13799972.0
2018-01-29 13:53:32.911891,468.8,468.6,468.8,13804472.0
2018-01-29 13:53:34.736142,468.6,468.6,468.8,13805172.0
2018-01-29 13:53:36.430711,468.6,468.6,468.8,13805172.0
2018-01-29 13:53:38.167180,469.0,468.8,469.0,13810272.0
2018-01-29 13:53:39.830474,469.0,468.8,469.0,13810272.0
2018-01-29 13:53:41.609425,469.0,468.8,469.0,13810272.0
2018-01-29 13:53:43.333876,469.0,468.8,469.0,13810272.0
2018-01-29 13:53:44.884093,469.0,468.8,469.0,13810272.0
2018-01-29 13:53:46.560528,469.0,468.8,469.0,13810272.0
2018-01-29 13:53:48.385433,469.0,468.8,469.0,13810272.0
2018-01-29 13:53:50.027855,469.0,468.8,469.0,13810272.0
2018-01-29 13:53:52.577227,469.0,468.8,469.0,13810272.0
2018-01-29 13:53:54.531256,469.0,468.8,469.0,13818972.0
2018-01-29 13:53:56.456164,469.0,468.8,469.0,13818972.0
2018-01-29 13:53:58.292625,469.0,468.8,469.0,13818972.0
2018-01-29 13:54:00.129667,469.0,468.8,469.0,13818972.0
2018-01-29 13:54:01.741096,469.0,468.8,469.0,13818972.0
2018-01-29 13:54:03.447046,469.0,468.8,469.0,13818972.0
2018-01-29 13:54:05.089483,469.0,468.8,469.0,13818972.0
2018-01-29 13:54:06.633555,469.0,468.8,469.0,13818972.0
2018-01-29 13:54:08.316172,469.0,468.8,469.0,13818972.0
2018-01-29 13:54:10.173793,468.8,468.8,469.0,13822572.0
2018-01-29 13:54:11.823255,468.8,468.8,469.0,13822572.0
2018-01-29 13:54:13.817004,468.8,468.8,469.0,13822572.0
2018-01-29 13:54:15.565258,468.8,468.8,469.0,13822572.0
2018-01-29 13:54:17.404058,468.8,468.8,469.0,13822572.0
2018-01-29 13:54:18.902441,468.8,468.8,469.0,13822572.0
2018-01-29 13:54:20.784692,468.8,468.8,469.0,13822572.0
2018-01-29 13:54:22.603621,469.0,468.8,469.0,13818972.0
2018-01-29 13:54:24.347237,468.8,468.8,469.0,13822572.0
2018-01-29 13:54:26.116162,468.8,468.8,469.0,13822572.0
2018-01-29 13:54:27.886651,468.6,468.8,469.0,13826572.0
2018-01-29 13:54:29.656634,468.8,468.6,468.8,13822572.0
2018-01-29 13:54:31.297040,468.6,468.8,469.0,13826572.0
2018-01-29 13:54:32.914781,468.6,468.6,468.8,13826572.0
2018-01-29 13:54:34.547912,468.8,468.6,468.8,13822572.0
2018-01-29 13:54:36.346899,468.8,468.8,469.0,13822572.0
2018-01-29 13:54:38.005845,468.8,468.8,469.0,13822572.0
2018-01-29 13:54:39.818488,468.8,468.8,469.0,13822572.0
2018-01-29 13:54:41.442120,468.6,468.6,468.8,13826572.0
2018-01-29 13:54:43.261327,468.6,468.6,468.8,13832272.0
2018-01-29 13:54:45.199296,468.6,468.6,468.8,13832272.0
2018-01-29 13:54:46.951393,468.6,468.6,468.8,13832272.0
2018-01-29 13:54:48.592880,468.6,468.6,468.8,13826572.0
2018-01-29 13:54:50.365893,468.6,468.6,468.8,13832272.0
2018-01-29 13:54:52.160286,468.8,468.6,468.8,13833272.0
2018-01-29 13:54:53.933181,468.6,468.6,468.8,13832272.0
2018-01-29 13:54:55.644894,468.6,468.6,468.8,13832272.0
2018-01-29 13:54:57.398852,468.6,468.6,468.8,13832272.0
2018-01-29 13:54:59.001515,468.8,468.6,468.8,13833272.0
2018-01-29 13:55:00.906609,468.6,468.6,468.8,13832272.0
2018-01-29 13:55:02.887235,468.8,468.6,468.8,13833272.0
2018-01-29 13:55:04.471968,468.6,468.4,468.6,13836672.0
2018-01-29 13:55:06.424803,468.6,468.6,468.8,13836672.0
2018-01-29 13:55:08.166766,468.6,468.4,468.6,13836672.0
2018-01-29 13:55:10.071394,468.6,468.6,468.8,13836672.0
2018-01-29 13:55:11.721231,468.6,468.4,468.6,13836672.0
2018-01-29 13:55:13.725904,468.6,468.4,468.6,13840172.0
2018-01-29 13:55:15.326300,468.6,468.6,468.8,13836672.0
2018-01-29 13:55:16.852052,468.6,468.4,468.6,13840172.0
2018-01-29 13:55:18.510960,468.6,468.4,468.6,13840172.0
2018-01-29 13:55:20.243452,468.6,468.4,468.6,13840172.0
2018-01-29 13:55:21.848747,468.6,468.4,468.6,13840172.0
2018-01-29 13:55:23.744964,468.6,468.4,468.6,13840172.0
2018-01-29 13:55:25.617905,468.4,468.4,468.6,13840972.0
2018-01-29 13:55:27.513487,468.4,468.4,468.6,13840972.0
2018-01-29 13:55:29.295849,468.4,468.4,468.6,13844872.0
2018-01-29 13:55:30.936098,468.4,468.4,468.6,13849072.0
2018-01-29 13:55:32.783831,468.4,468.4,468.6,13844872.0
2018-01-29 13:55:34.320967,468.4,468.4,468.6,13849072.0
2018-01-29 13:55:36.143109,468.4,468.4,468.6,13849072.0
2018-01-29 13:55:37.879966,468.4,468.4,468.6,13849072.0
2018-01-29 13:55:39.416166,468.4,468.4,468.6,13849072.0
2018-01-29 13:55:41.087634,468.4,468.4,468.6,13849072.0
2018-01-29 13:55:42.916481,468.4,468.4,468.6,13849072.0
2018-01-29 13:55:44.707762,468.4,468.2,468.4,13853572.0
2018-01-29 13:55:46.284685,468.4,468.4,468.6,13853572.0
2018-01-29 13:55:47.863296,468.4,468.4,468.6,13849072.0
2018-01-29 13:55:49.619960,468.2,468.2,468.4,13853972.0
2018-01-29 13:55:51.340555,468.2,468.2,468.4,13853972.0
2018-01-29 13:55:53.078457,468.4,468.2,468.4,13856072.0
2018-01-29 13:55:55.079446,468.2,468.2,468.4,13853972.0
2018-01-29 13:55:56.923013,468.4,468.4,468.6,13859872.0
2018-01-29 13:55:58.694640,468.4,468.4,468.6,13859872.0
2018-01-29 13:56:00.317296,468.4,468.4,468.6,13859872.0
2018-01-29 13:56:02.115144,468.4,468.4,468.6,13859872.0
2018-01-29 13:56:03.951975,468.4,468.4,468.6,13856072.0
2018-01-29 13:56:05.542709,468.4,468.4,468.6,13856072.0
2018-01-29 13:56:07.105176,468.4,468.4,468.6,13859872.0
2018-01-29 13:56:08.690477,468.4,468.4,468.6,13859872.0
2018-01-29 13:56:10.544559,468.2,468.2,468.4,13869372.0
2018-01-29 13:56:12.214046,468.2,468.2,468.4,13868572.0
2018-01-29 13:56:13.609109,,,,
2018-01-29 13:56:15.326424,468.2,468.2,468.4,13879172.0
2018-01-29 13:56:16.998173,468.2,468.2,468.4,13879172.0
2018-01-29 13:56:18.777886,468.2,468.2,468.4,13879172.0
2018-01-29 13:56:20.622105,468.2,468.2,468.4,13879172.0
2018-01-29 13:56:22.319967,468.2,468.2,468.4,13869372.0
2018-01-29 13:56:24.107164,468.2,468.2,468.4,13879172.0
2018-01-29 13:56:25.693593,468.2,468.2,468.4,13869372.0
2018-01-29 13:56:27.578810,468.2,468.2,468.4,13879172.0
2018-01-29 13:56:29.316773,468.2,468.0,468.2,13882692.0
2018-01-29 13:56:31.078625,468.2,468.0,468.2,13882692.0
2018-01-29 13:56:32.733546,468.2,468.0,468.2,13882692.0
2018-01-29 13:56:34.455312,468.2,468.0,468.2,13882692.0
2018-01-29 13:56:36.437784,468.2,468.0,468.2,13882692.0
2018-01-29 13:56:38.159828,468.2,468.0,468.2,13890102.0
2018-01-29 13:56:39.974037,468.2,468.0,468.2,13884702.0
2018-01-29 13:56:41.648775,468.2,468.0,468.2,13884702.0
2018-01-29 13:56:43.406067,468.2,468.0,468.2,13890102.0
2018-01-29 13:56:45.041494,468.2,468.0,468.2,13890102.0
2018-01-29 13:56:46.703075,468.2,468.0,468.2,13890102.0
2018-01-29 13:56:48.309962,468.2,468.0,468.2,13884702.0
2018-01-29 13:56:50.080074,468.2,468.0,468.2,13890102.0
2018-01-29 13:56:51.753156,468.2,468.0,468.2,13890102.0
2018-01-29 13:56:53.664028,468.2,468.0,468.2,13890102.0
2018-01-29 13:56:55.225572,468.2,468.0,468.2,13890102.0
2018-01-29 13:56:57.150500,468.0,468.0,468.2,13891002.0
2018-01-29 13:56:58.745708,468.2,468.0,468.2,13890102.0
2018-01-29 13:57:00.367768,468.0,468.0,468.2,13892302.0
2018-01-29 13:57:02.212166,468.0,468.0,468.2,13892302.0
2018-01-29 13:57:04.012420,468.2,468.0,468.2,13901702.0
2018-01-29 13:57:05.567911,468.2,468.0,468.2,13901702.0
2018-01-29 13:57:07.151368,468.2,468.2,468.4,13903202.0
2018-01-29 13:57:08.773453,468.4,468.2,468.4,13920302.0
2018-01-29 13:57:10.378668,468.6,468.4,468.6,13940102.0
2018-01-29 13:57:12.052630,468.4,468.2,468.4,13920302.0
2018-01-29 13:57:13.876615,468.4,468.2,468.4,13920302.0
2018-01-29 13:57:15.488921,468.6,468.4,468.6,13940102.0
2018-01-29 13:57:19.114878,468.6,468.2,468.4,13940102.0
2018-01-29 13:57:21.121446,468.6,468.6,468.8,13940102.0
2018-01-29 13:57:23.079345,468.6,468.4,468.6,13940102.0
2018-01-29 13:57:24.863488,468.8,468.6,468.8,13940802.0
2018-01-29 13:57:26.744109,468.6,468.6,468.8,13940102.0
2018-01-29 13:57:28.934129,468.2,468.2,468.8,13956902.0
2018-01-29 13:57:30.496833,468.4,468.2,468.6,13948102.0
2018-01-29 13:57:32.196142,468.2,468.2,468.8,13956902.0
2018-01-29 13:57:33.767283,468.2,468.2,468.8,13956902.0
2018-01-29 13:57:35.436436,468.4,468.2,468.8,13948102.0
2018-01-29 13:57:37.308543,468.4,468.2,468.6,13948102.0
2018-01-29 13:57:38.868909,468.4,468.2,468.6,13948102.0
2018-01-29 13:57:40.515661,468.2,468.0,468.2,13956902.0
2018-01-29 13:57:42.208552,468.2,468.0,468.2,13958902.0
2018-01-29 13:57:43.686919,468.2,468.0,468.2,13958902.0
2018-01-29 13:57:45.366906,468.2,468.0,468.2,13962802.0
2018-01-29 13:57:47.165665,468.2,468.0,468.2,13962802.0
2018-01-29 13:57:48.787840,468.0,468.0,468.2,13966702.0
2018-01-29 13:57:50.494214,468.0,468.0,468.2,13966702.0
2018-01-29 13:57:52.349192,468.0,468.0,468.2,13969602.0
2018-01-29 13:57:54.043472,468.0,468.0,468.2,13969602.0
2018-01-29 13:57:55.582744,468.0,468.0,468.2,13969602.0
2018-01-29 13:57:57.282762,468.0,468.0,468.2,13978802.0
2018-01-29 13:57:59.030637,468.0,468.0,468.2,14024902.0
2018-01-29 13:58:00.625301,468.0,468.0,468.2,14024902.0
2018-01-29 13:58:02.353736,468.0,468.0,468.2,14024902.0
2018-01-29 13:58:03.841368,468.0,468.0,468.2,14024902.0
2018-01-29 13:58:05.288828,468.0,468.0,468.2,14024902.0
2018-01-29 13:58:07.419344,468.0,468.0,468.2,14024902.0
2018-01-29 13:58:09.229568,468.0,468.0,468.2,14024902.0
2018-01-29 13:58:10.947840,468.0,468.0,468.2,14024902.0
2018-01-29 13:58:12.747999,468.0,468.0,468.2,14024902.0
2018-01-29 13:58:14.504699,468.0,468.0,468.2,14024902.0
2018-01-29 13:58:16.184217,468.0,467.8,468.2,14046702.0
2018-01-29 13:58:17.634920,468.0,467.8,468.2,14046702.0
2018-01-29 13:58:19.171196,468.0,467.8,468.0,14052302.0
2018-01-29 13:58:20.998298,468.0,467.8,468.2,14049702.0
2018-01-29 13:58:22.536419,467.8,467.8,468.2,14056502.0
2018-01-29 13:58:24.262711,467.8,467.8,468.2,14056502.0
2018-01-29 13:58:27.005760,468.0,467.8,468.2,14057802.0
2018-01-29 13:58:29.011923,467.8,467.8,468.2,14056502.0
2018-01-29 13:58:30.901920,467.8,467.8,468.2,14056502.0
2018-01-29 13:58:32.688870,468.0,467.8,468.2,14057802.0
2018-01-29 13:58:34.670515,467.8,467.8,468.2,14056502.0
2018-01-29 13:58:36.680671,467.8,467.8,468.2,14056502.0
2018-01-29 13:58:38.720844,468.0,467.8,468.0,14059302.0
2018-01-29 13:58:40.617582,468.0,467.8,468.0,14059302.0
2018-01-29 13:58:42.229366,468.0,467.8,468.0,14064402.0
2018-01-29 13:58:44.103173,468.0,467.8,468.0,14064402.0
2018-01-29 13:58:45.859245,468.0,467.8,468.0,14064402.0
2018-01-29 13:58:47.459457,468.0,467.8,468.0,14064402.0
2018-01-29 13:58:49.381591,468.0,467.8,468.0,14059302.0
2018-01-29 13:58:51.378381,467.8,467.8,468.0,14076802.0
2018-01-29 13:58:53.108689,467.8,467.6,468.0,14074602.0
2018-01-29 13:58:54.855543,467.8,467.8,468.0,14076802.0
2018-01-29 13:58:56.549319,467.8,467.8,468.0,14076802.0
2018-01-29 13:58:58.183238,467.8,467.6,468.0,14076802.0
2018-01-29 13:59:00.021531,467.8,467.6,468.0,14076802.0
2018-01-29 13:59:01.910131,467.8,467.6,468.0,14076802.0
2018-01-29 13:59:03.571071,467.8,467.6,468.0,14076802.0
2018-01-29 13:59:05.323968,467.8,467.8,468.0,14085602.0
2018-01-29 13:59:07.739761,467.8,467.6,468.0,14085602.0
2018-01-29 13:59:09.838603,467.6,467.8,468.0,14078402.0
2018-01-29 13:59:11.724816,467.8,467.8,468.0,14085602.0
2018-01-29 13:59:13.415488,467.8,467.8,468.0,14085602.0
2018-01-29 13:59:15.076356,467.8,467.8,468.0,14094802.0
2018-01-29 13:59:16.937641,467.8,467.8,468.0,14094802.0
2018-01-29 13:59:18.785997,467.8,467.8,468.0,14094802.0
2018-01-29 13:59:20.468641,467.8,467.8,468.0,14085602.0
2018-01-29 13:59:22.056466,467.8,467.8,468.0,14085602.0
2018-01-29 13:59:23.736307,467.8,467.8,468.0,14085602.0
2018-01-29 13:59:25.458065,467.8,467.8,468.0,14094802.0
2018-01-29 13:59:27.174129,468.0,467.8,468.0,14096402.0
2018-01-29 13:59:28.905323,467.8,467.8,468.0,14107002.0
2018-01-29 13:59:30.583158,468.0,467.8,468.0,14096402.0
2018-01-29 13:59:32.485697,467.6,467.6,467.8,14108802.0
2018-01-29 13:59:34.085943,467.8,467.6,467.8,14107002.0
2018-01-29 13:59:35.823197,467.8,467.6,468.0,14107002.0
2018-01-29 13:59:38.695582,467.6,467.6,468.0,14108802.0
2018-01-29 13:59:40.676446,467.6,467.6,468.0,14108802.0
2018-01-29 13:59:42.385099,467.6,467.6,468.0,14108802.0
2018-01-29 13:59:44.113803,467.6,467.6,468.0,14108802.0
2018-01-29 13:59:45.882062,467.6,467.6,468.0,14108802.0
2018-01-29 13:59:48.470359,467.8,467.6,468.0,14107002.0
2018-01-29 13:59:50.566813,468.0,467.8,468.0,14135302.0
2018-01-29 13:59:52.801889,468.0,467.8,468.0,14135302.0
2018-01-29 13:59:54.678259,468.0,467.8,468.0,14136802.0
2018-01-29 13:59:56.365158,468.0,468.0,468.4,14149802.0
2018-01-29 13:59:58.187482,468.0,468.0,468.4,14149802.0
2018-01-29 14:00:00.197774,468.0,468.0,468.4,14149802.0
2018-01-29 14:00:02.034027,468.2,468.0,468.4,14148402.0
2018-01-29 14:00:03.877723,468.0,468.0,468.4,14149802.0
2018-01-29 14:00:05.693559,468.2,468.0,468.4,14148402.0
2018-01-29 14:00:07.533535,468.0,468.0,468.4,14149802.0
2018-01-29 14:00:09.392890,468.0,468.0,468.4,14149802.0
2018-01-29 14:00:11.236350,468.0,468.0,468.4,14149802.0
2018-01-29 14:00:13.224154,468.2,468.0,468.4,14148402.0
2018-01-29 14:00:14.956837,468.0,468.0,468.4,14149802.0
2018-01-29 14:00:16.828232,468.2,468.0,468.4,14148402.0
2018-01-29 14:00:18.796802,468.0,468.0,468.4,14149802.0
2018-01-29 14:00:20.743760,468.2,468.0,468.4,14148402.0
2018-01-29 14:00:22.334749,468.0,468.2,468.4,14149802.0
2018-01-29 14:00:23.934937,468.4,468.0,468.4,14154302.0
2018-01-29 14:00:25.505637,468.0,468.2,468.4,14149802.0
2018-01-29 14:00:27.290305,468.2,468.2,468.4,14156502.0
2018-01-29 14:00:29.029773,468.4,468.2,468.4,14154302.0
2018-01-29 14:00:30.847374,468.4,468.2,468.4,14154302.0
2018-01-29 14:00:32.481245,468.4,468.2,468.4,14154302.0
2018-01-29 14:00:34.180447,468.4,468.2,468.4,14154302.0
2018-01-29 14:00:36.540018,468.2,468.2,468.4,14156502.0
2018-01-29 14:00:38.328666,468.2,468.2,468.4,14156502.0
2018-01-29 14:00:40.407445,468.2,468.2,468.4,14156502.0
2018-01-29 14:00:42.478092,468.4,468.2,468.4,14157502.0
2018-01-29 14:00:44.105929,468.2,468.2,468.4,14158502.0
2018-01-29 14:00:45.909597,468.2,468.2,468.4,14158502.0
2018-01-29 14:00:47.409260,468.2,468.2,468.4,14158502.0
2018-01-29 14:00:49.270370,468.4,468.2,468.4,14157502.0
2018-01-29 14:00:50.920444,468.2,468.2,468.4,14158502.0
2018-01-29 14:00:52.722688,468.2,468.2,468.4,14158502.0
2018-01-29 14:00:54.289439,468.2,468.2,468.4,14161902.0
2018-01-29 14:00:56.130317,468.2,468.0,468.4,14161802.0
2018-01-29 14:00:58.155831,468.2,468.0,468.4,14161902.0
2018-01-29 14:00:59.809275,468.2,468.0,468.4,14161902.0
2018-01-29 14:01:01.485760,468.2,468.0,468.4,14161802.0
2018-01-29 14:01:03.228513,468.2,468.0,468.4,14161802.0
2018-01-29 14:01:04.843782,468.2,468.0,468.4,14161802.0
2018-01-29 14:01:06.497706,468.0,468.0,468.2,14166002.0
2018-01-29 14:01:08.214712,468.0,468.0,468.2,14166002.0
2018-01-29 14:01:09.819360,468.0,468.0,468.2,14166002.0
2018-01-29 14:01:11.381080,468.0,468.0,468.2,14166002.0
2018-01-29 14:01:13.254031,468.0,468.0,468.2,14166002.0
2018-01-29 14:01:14.989445,468.0,468.0,468.2,14166002.0
2018-01-29 14:01:16.525116,468.0,468.0,468.2,14166002.0
2018-01-29 14:01:18.290185,468.0,468.0,468.2,14166002.0
2018-01-29 14:01:20.005207,468.0,468.0,468.2,14166002.0
2018-01-29 14:01:21.931968,468.0,468.0,468.2,14166002.0
2018-01-29 14:01:23.660598,468.0,468.0,468.2,14166002.0
2018-01-29 14:01:25.366186,468.0,468.0,468.2,14166002.0
2018-01-29 14:01:27.275089,468.0,468.0,468.2,14166002.0
2018-01-29 14:01:29.021910,468.2,468.0,468.2,14170002.0
2018-01-29 14:01:30.643695,468.2,468.0,468.2,14170002.0
2018-01-29 14:01:32.565039,468.2,468.0,468.2,14170002.0
2018-01-29 14:01:34.550783,468.0,468.0,468.2,14170302.0
2018-01-29 14:01:36.397331,468.0,468.0,468.2,14170302.0
2018-01-29 14:01:37.890140,468.0,468.0,468.2,14170302.0
2018-01-29 14:01:39.571251,468.0,468.0,468.2,14170302.0
2018-01-29 14:01:41.522121,468.0,468.0,468.2,14170302.0
2018-01-29 14:01:43.328013,468.0,468.0,468.2,14170302.0
2018-01-29 14:01:45.198069,468.0,468.0,468.2,14170302.0
2018-01-29 14:01:46.974765,468.2,468.0,468.2,14170002.0
2018-01-29 14:01:48.479595,468.0,468.0,468.2,14170302.0
2018-01-29 14:01:50.140464,468.2,468.0,468.2,14171402.0
2018-01-29 14:01:51.879684,468.2,468.0,468.2,14171402.0
2018-01-29 14:01:53.435669,468.0,468.0,468.2,14170302.0
2018-01-29 14:01:55.202250,468.0,468.0,468.2,14170302.0
2018-01-29 14:01:56.697054,468.2,468.0,468.2,14171402.0
2018-01-29 14:01:58.334979,468.0,468.0,468.2,14170302.0
2018-01-29 14:01:59.936201,468.2,468.0,468.2,14171402.0
2018-01-29 14:02:01.597345,468.2,468.0,468.2,14172802.0
2018-01-29 14:02:03.677556,468.2,468.0,468.2,14172802.0
2018-01-29 14:02:05.499104,468.2,468.0,468.2,14172802.0
2018-01-29 14:02:07.178451,468.2,468.0,468.2,14172802.0
2018-01-29 14:02:08.822491,468.2,468.0,468.2,14172802.0
2018-01-29 14:02:10.409639,468.0,468.0,468.2,14176302.0
2018-01-29 14:02:12.134379,468.0,468.0,468.2,14176302.0
2018-01-29 14:02:13.836689,468.0,468.0,468.2,14176302.0
2018-01-29 14:02:15.483173,468.0,468.0,468.2,14176302.0
2018-01-29 14:02:17.082729,468.0,468.0,468.2,14176302.0
2018-01-29 14:02:18.726835,468.0,468.0,468.2,14176302.0
2018-01-29 14:02:20.524849,468.0,468.0,468.2,14176302.0
2018-01-29 14:02:22.179153,468.0,468.0,468.2,14176302.0
2018-01-29 14:02:24.069146,468.0,468.0,468.2,14176302.0
2018-01-29 14:02:25.743153,468.0,468.0,468.2,14178302.0
2018-01-29 14:02:27.424029,468.0,468.0,468.2,14176302.0
2018-01-29 14:02:29.115594,468.0,468.0,468.2,14178302.0
2018-01-29 14:02:30.833051,468.0,468.0,468.2,14179602.0
2018-01-29 14:02:32.488337,468.0,468.0,468.2,14186102.0
2018-01-29 14:02:34.154881,468.0,468.0,468.2,14200002.0
2018-01-29 14:02:35.934432,467.6,468.0,468.2,14209002.0
2018-01-29 14:02:37.645092,467.6,467.6,467.8,14226502.0
2018-01-29 14:02:39.269263,467.6,467.4,467.6,14233702.0
2018-01-29 14:02:41.063356,467.4,467.4,467.6,14232502.0
2018-01-29 14:02:42.708358,467.2,467.2,467.6,14239002.0
2018-01-29 14:02:44.498716,467.2,467.2,467.6,14239002.0
2018-01-29 14:02:46.496223,467.2,467.2,467.6,14239002.0
2018-01-29 14:02:48.171125,467.2,467.2,467.6,14239002.0
2018-01-29 14:02:49.850981,467.2,467.2,467.6,14239002.0
2018-01-29 14:02:51.726509,467.2,467.2,467.6,14239002.0
2018-01-29 14:02:53.483960,467.2,467.2,467.6,14239002.0
2018-01-29 14:02:55.030510,467.4,467.4,467.6,14241402.0
2018-01-29 14:02:56.719361,467.4,467.4,467.6,14241402.0
2018-01-29 14:02:58.484133,467.4,467.4,467.6,14241402.0
2018-01-29 14:03:00.530456,467.4,467.4,467.6,14241602.0
2018-01-29 14:03:02.318323,467.4,467.4,467.6,14241402.0
2018-01-29 14:03:04.002436,467.4,467.4,467.6,14241402.0
2018-01-29 14:03:05.696962,467.4,467.4,467.6,14241402.0
2018-01-29 14:03:07.476468,467.4,467.4,467.6,14241402.0
2018-01-29 14:03:09.386115,467.6,467.6,467.8,14255803.0
2018-01-29 14:03:10.966796,467.6,467.6,467.8,14254902.0
2018-01-29 14:03:12.827694,467.6,467.6,467.8,14255803.0
2018-01-29 14:03:14.418090,467.6,467.6,467.8,14254902.0
2018-01-29 14:03:16.113721,467.6,467.6,467.8,14254902.0
2018-01-29 14:03:17.859765,467.6,467.6,467.8,14254902.0
2018-01-29 14:03:19.538256,467.6,467.6,467.8,14254902.0
2018-01-29 14:03:21.420952,467.6,467.6,467.8,14255803.0
2018-01-29 14:03:23.078231,467.6,467.6,467.8,14254902.0
2018-01-29 14:03:24.584784,467.6,467.6,467.8,14255803.0
2018-01-29 14:03:27.505692,467.6,467.6,467.8,14255803.0
2018-01-29 14:03:29.522396,467.6,467.6,467.8,14255803.0
2018-01-29 14:03:31.621325,467.6,467.6,467.8,14258303.0
2018-01-29 14:03:33.287144,467.8,467.6,467.8,14257103.0
2018-01-29 14:03:34.901418,467.8,467.4,467.8,14263303.0
2018-01-29 14:03:36.797008,467.8,467.4,467.8,14263303.0
2018-01-29 14:03:38.446831,467.8,467.4,467.8,14263303.0
2018-01-29 14:03:40.090627,467.8,467.4,467.8,14263303.0
2018-01-29 14:03:42.022066,467.8,467.4,467.6,14263303.0
2018-01-29 14:03:43.935701,467.8,467.4,467.8,14263303.0
2018-01-29 14:03:45.696371,467.8,467.4,467.8,14263303.0
2018-01-29 14:03:47.653280,467.6,467.4,467.8,14263603.0
2018-01-29 14:03:49.389304,467.8,467.4,467.8,14263303.0
2018-01-29 14:03:51.107269,467.8,467.4,467.8,14263303.0
2018-01-29 14:03:52.827777,467.4,467.2,467.6,14279103.0
2018-01-29 14:03:54.445326,467.4,467.2,467.4,14286603.0
2018-01-29 14:03:56.200518,467.4,467.2,467.4,14286603.0
2018-01-29 14:03:57.913812,467.4,467.2,467.4,14286603.0
2018-01-29 14:03:59.571706,467.4,467.2,467.4,14286603.0
2018-01-29 14:04:02.648706,467.2,467.2,467.4,14294503.0
2018-01-29 14:04:04.713867,467.2,467.2,467.4,14294503.0
2018-01-29 14:04:06.375178,467.2,467.2,467.4,14294503.0
2018-01-29 14:04:08.524006,467.2,467.2,467.4,14294503.0
2018-01-29 14:04:10.169611,467.4,467.2,467.4,14306703.0
2018-01-29 14:04:12.094131,467.4,467.2,467.4,14306703.0
2018-01-29 14:04:13.711371,467.4,467.4,467.8,14311903.0
2018-01-29 14:04:15.729606,467.8,467.4,467.8,14312103.0
2018-01-29 14:04:17.706217,467.8,467.4,467.8,14312103.0
2018-01-29 14:04:19.510256,467.8,467.4,467.8,14312103.0
2018-01-29 14:04:21.241772,467.8,467.4,468.0,14312103.0
2018-01-29 14:04:23.156029,467.8,467.4,468.0,14312103.0
2018-01-29 14:04:24.816831,467.8,467.4,467.8,14312103.0
2018-01-29 14:04:26.734702,467.8,467.4,467.8,14313603.0
2018-01-29 14:04:28.702828,467.8,467.4,467.8,14313603.0
2018-01-29 14:04:30.458198,467.4,467.4,467.8,14315503.0
2018-01-29 14:04:32.004086,467.8,467.4,467.8,14313603.0
2018-01-29 14:04:33.864810,467.4,467.4,467.8,14315503.0
2018-01-29 14:04:35.554048,467.4,467.4,467.8,14315503.0
2018-01-29 14:04:37.224301,468.0,467.8,468.0,14322503.0
2018-01-29 14:04:39.022191,468.0,467.8,468.0,14323903.0
2018-01-29 14:04:40.724157,468.0,467.8,468.0,14323903.0
2018-01-29 14:04:42.556253,468.0,467.8,468.0,14323903.0
2018-01-29 14:04:44.215641,468.0,467.8,468.0,14322503.0
2018-01-29 14:04:45.850148,468.0,467.8,468.0,14323903.0
2018-01-29 14:04:47.498055,468.0,467.8,468.0,14323903.0
2018-01-29 14:04:50.496167,468.0,467.8,468.0,14323903.0
2018-01-29 14:04:52.544234,468.0,467.8,468.0,14323903.0
2018-01-29 14:04:54.318904,468.0,467.8,468.0,14323903.0
2018-01-29 14:04:56.069828,468.0,467.8,468.0,14323903.0
2018-01-29 14:04:57.847592,468.0,467.8,468.0,14322503.0
2018-01-29 14:04:59.615934,468.0,467.8,468.0,14323903.0
2018-01-29 14:05:01.472958,468.0,467.8,468.0,14323903.0
2018-01-29 14:05:03.551890,468.0,467.8,468.0,14323903.0
2018-01-29 14:05:05.238574,468.0,467.8,468.0,14322503.0
2018-01-29 14:05:07.205795,468.0,467.8,468.0,14323903.0
2018-01-29 14:05:09.204864,468.0,467.8,468.0,14323903.0
2018-01-29 14:05:11.165025,468.0,467.8,468.0,14323903.0
2018-01-29 14:05:12.892903,468.0,468.0,468.2,14328403.0
2018-01-29 14:05:14.672329,468.0,468.0,468.2,14328403.0
2018-01-29 14:05:16.465819,468.0,468.0,468.2,14328403.0
2018-01-29 14:05:18.188200,468.0,468.0,468.2,14330703.0
2018-01-29 14:05:20.163519,468.0,468.0,468.2,14330703.0
2018-01-29 14:05:21.849303,468.0,468.0,468.2,14330703.0
2018-01-29 14:05:23.745652,468.0,468.0,468.2,14330703.0
2018-01-29 14:05:25.580767,468.0,468.0,468.2,14335403.0
2018-01-29 14:05:27.351388,468.0,468.0,468.2,14335403.0
2018-01-29 14:05:29.024635,468.0,468.0,468.2,14337403.0
2018-01-29 14:05:30.636965,468.0,468.0,468.2,14337403.0
2018-01-29 14:05:32.217026,468.0,468.0,468.2,14335403.0
2018-01-29 14:05:34.054290,468.0,468.0,468.2,14337403.0
2018-01-29 14:05:35.779441,468.0,468.0,468.2,14337403.0
2018-01-29 14:05:37.484154,468.0,468.0,468.2,14337403.0
2018-01-29 14:05:39.242227,468.0,468.0,468.2,14337403.0
2018-01-29 14:05:40.893100,468.2,468.0,468.2,14338203.0
2018-01-29 14:05:42.496836,468.0,468.0,468.2,14348903.0
2018-01-29 14:05:44.425473,468.0,468.0,468.2,14350103.0
2018-01-29 14:05:46.345822,468.0,468.0,468.2,14350103.0
2018-01-29 14:05:47.938004,468.0,468.0,468.2,14350103.0
2018-01-29 14:05:49.531486,468.0,468.0,468.2,14350103.0
2018-01-29 14:05:51.517619,468.0,468.0,468.2,14350103.0
2018-01-29 14:05:53.424359,468.0,468.0,468.2,14350103.0
2018-01-29 14:05:55.034475,468.0,468.0,468.2,14350103.0
2018-01-29 14:05:56.857414,468.0,468.0,468.2,14350103.0
2018-01-29 14:05:58.561899,468.0,468.0,468.2,14350103.0
2018-01-29 14:06:00.276483,468.0,468.0,468.2,14350103.0
2018-01-29 14:06:02.138552,468.0,468.0,468.2,14350103.0
2018-01-29 14:06:04.019604,468.0,468.0,468.2,14350103.0
2018-01-29 14:06:06.094325,468.0,468.0,468.2,14354003.0
2018-01-29 14:06:07.716582,468.0,467.8,468.2,14358703.0
2018-01-29 14:06:09.839677,468.0,467.8,468.2,14358703.0
2018-01-29 14:06:11.567423,468.0,467.8,468.2,14358703.0
2018-01-29 14:06:13.200385,468.0,467.8,468.2,14358703.0
2018-01-29 14:06:14.841636,468.0,467.8,468.2,14358703.0
2018-01-29 14:06:16.478363,468.0,467.8,468.2,14358703.0
2018-01-29 14:06:18.226790,468.0,467.8,468.2,14358703.0
2018-01-29 14:06:20.079908,468.0,467.8,468.2,14358703.0
2018-01-29 14:06:21.768296,468.0,467.8,468.2,14358703.0
2018-01-29 14:06:23.422675,468.0,467.8,468.2,14358703.0
2018-01-29 14:06:25.243364,468.0,467.8,468.2,14358703.0
2018-01-29 14:06:26.808244,468.0,467.8,468.2,14358703.0
2018-01-29 14:06:28.448624,468.0,467.8,468.2,14358703.0
2018-01-29 14:06:30.413787,468.0,467.8,468.2,14358703.0
2018-01-29 14:06:32.254632,468.0,467.8,468.2,14358703.0
2018-01-29 14:06:34.330793,468.0,467.8,468.2,14358703.0
2018-01-29 14:06:35.972317,468.0,467.8,468.2,14358703.0
2018-01-29 14:06:37.582123,468.0,467.8,468.0,14366003.0
2018-01-29 14:06:39.532969,468.0,467.8,468.0,14366003.0
2018-01-29 14:06:41.425625,467.8,467.8,468.0,14371103.0
2018-01-29 14:06:43.136852,467.8,467.8,468.0,14371103.0
2018-01-29 14:06:44.812562,467.8,467.8,468.0,14371103.0
2018-01-29 14:06:46.438161,467.8,467.8,468.0,14371003.0
2018-01-29 14:06:48.289545,467.8,467.8,468.0,14371003.0
2018-01-29 14:06:50.005916,467.8,467.8,468.0,14371003.0
2018-01-29 14:06:51.760157,467.8,467.8,468.0,14371003.0
2018-01-29 14:06:53.279105,467.8,467.8,468.0,14371003.0
2018-01-29 14:06:54.851563,467.8,467.8,468.0,14371003.0
2018-01-29 14:06:56.635610,467.8,467.8,468.0,14371003.0
2018-01-29 14:06:58.444755,467.8,467.8,468.0,14371003.0
2018-01-29 14:07:00.402262,467.6,467.8,468.0,14373903.0
2018-01-29 14:07:02.476775,468.0,468.0,468.2,14391103.0
2018-01-29 14:07:04.438498,468.0,468.0,468.2,14390903.0
2018-01-29 14:07:06.106678,468.0,468.0,468.2,14391103.0
2018-01-29 14:07:07.880222,468.0,468.0,468.2,14391103.0
2018-01-29 14:07:09.689066,468.0,468.0,468.2,14426903.0
2018-01-29 14:07:11.551961,468.0,468.0,468.2,14426903.0
2018-01-29 14:07:13.161625,468.0,467.6,468.0,14426903.0
2018-01-29 14:07:14.948848,468.0,467.6,468.0,14426903.0
2018-01-29 14:07:16.501413,468.0,468.0,468.2,14426903.0
2018-01-29 14:07:18.179001,468.0,467.6,468.0,14428803.0
2018-01-29 14:07:19.905229,467.8,467.6,467.8,14429112.0
2018-01-29 14:07:21.736438,467.8,467.6,467.8,14429112.0
2018-01-29 14:07:23.537460,468.0,467.6,467.8,14428803.0
2018-01-29 14:07:25.318561,468.0,467.6,468.0,14428803.0
2018-01-29 14:07:27.259407,468.0,467.6,467.8,14428803.0
2018-01-29 14:07:28.958824,467.8,467.6,467.8,14429112.0
2018-01-29 14:07:30.934902,467.8,467.6,467.8,14429112.0
2018-01-29 14:07:32.775109,467.8,467.8,468.0,14440512.0
2018-01-29 14:07:34.387790,467.8,467.8,468.0,14440512.0
2018-01-29 14:07:36.019174,467.8,467.8,468.0,14440512.0
2018-01-29 14:07:37.751527,467.8,467.8,468.0,14440512.0
2018-01-29 14:07:39.650793,467.8,467.8,468.0,14440512.0
2018-01-29 14:07:41.577752,467.8,467.8,468.0,14440512.0
2018-01-29 14:07:50.793176,467.8,467.8,468.0,14440512.0
2018-01-29 14:07:52.673298,467.8,467.8,468.0,14440512.0
2018-01-29 14:07:54.591133,468.0,467.8,468.0,14441312.0
2018-01-29 14:07:56.444458,468.0,467.8,468.2,14441312.0
2018-01-29 14:07:58.209714,468.2,467.8,468.2,14448112.0
2018-01-29 14:08:00.135491,468.2,467.8,468.0,14448112.0
2018-01-29 14:08:01.903981,468.2,467.8,468.2,14448112.0
2018-01-29 14:08:03.559244,468.2,467.8,468.2,14448112.0
2018-01-29 14:08:05.057326,468.2,467.8,468.2,14448112.0
2018-01-29 14:08:06.819374,468.0,467.8,468.2,14449112.0
2018-01-29 14:08:08.704127,468.2,467.8,468.2,14448112.0
2018-01-29 14:08:10.557599,468.2,467.8,468.2,14448112.0
2018-01-29 14:08:12.453247,468.0,467.8,468.2,14449112.0
2018-01-29 14:08:14.373879,468.2,468.0,468.2,14448112.0
2018-01-29 14:08:16.386967,468.2,467.8,468.2,14448112.0
2018-01-29 14:08:18.037437,468.0,468.0,468.2,14449112.0
2018-01-29 14:08:20.099607,467.8,468.0,468.2,14452112.0
2018-01-29 14:08:21.703773,467.8,467.8,468.0,14452112.0
2018-01-29 14:08:23.431211,468.0,468.0,468.2,14449112.0
2018-01-29 14:08:25.242491,467.8,468.0,468.2,14452112.0
2018-01-29 14:08:26.837059,468.0,467.8,468.0,14449112.0
2018-01-29 14:08:28.732846,467.8,467.8,468.0,14452112.0
2018-01-29 14:08:30.564478,467.8,467.8,468.0,14452112.0
2018-01-29 14:08:32.369912,467.8,467.8,468.0,14452112.0
2018-01-29 14:08:34.239149,468.0,467.8,468.0,14453112.0
2018-01-29 14:08:36.325385,467.8,467.8,468.0,14452112.0
2018-01-29 14:08:38.027828,467.8,467.8,468.0,14452112.0
2018-01-29 14:08:39.713053,468.0,467.8,468.0,14453112.0
2018-01-29 14:08:41.478964,468.0,467.8,468.0,14453112.0
2018-01-29 14:08:43.336519,468.0,467.8,468.0,14453112.0
2018-01-29 14:08:44.900148,468.0,467.8,468.0,14455812.0
2018-01-29 14:08:46.429227,468.0,467.8,468.0,14454612.0
2018-01-29 14:08:48.359969,468.0,467.8,468.0,14454612.0
2018-01-29 14:08:50.062719,468.0,467.8,468.0,14454612.0
2018-01-29 14:08:51.522476,468.0,467.8,468.0,14454612.0
2018-01-29 14:08:53.059276,468.0,467.8,468.0,14455812.0
2018-01-29 14:08:54.679938,468.0,467.8,468.0,14454612.0
2018-01-29 14:08:56.501689,468.0,467.8,468.0,14454612.0
2018-01-29 14:08:58.031468,468.0,467.8,468.0,14454612.0
2018-01-29 14:08:59.421038,468.0,468.0,468.2,14464368.0
2018-01-29 14:09:01.012952,468.0,468.0,468.2,14464368.0
2018-01-29 14:09:02.937075,468.0,468.0,468.2,14464368.0
2018-01-29 14:09:04.784412,468.0,468.0,468.2,14464368.0
2018-01-29 14:09:06.345443,468.0,468.0,468.2,14464368.0
2018-01-29 14:09:08.085954,468.0,468.0,468.2,14467868.0
2018-01-29 14:09:09.662749,468.0,468.0,468.2,14464368.0
2018-01-29 14:09:11.149302,468.0,468.0,468.2,14464368.0
2018-01-29 14:09:12.889507,468.0,468.0,468.2,14487268.0
2018-01-29 14:09:14.547096,468.0,468.0,468.2,14467868.0
2018-01-29 14:09:16.152838,468.0,468.0,468.2,14487268.0
2018-01-29 14:09:17.777371,468.0,468.0,468.2,14487268.0
2018-01-29 14:09:19.385930,468.2,468.0,468.2,14491668.0
2018-01-29 14:09:21.176115,468.2,468.0,468.2,14491668.0
2018-01-29 14:09:22.683827,468.0,468.0,468.2,14487268.0
2018-01-29 14:09:24.104494,468.0,468.0,468.2,14487268.0
2018-01-29 14:09:25.572518,468.2,468.0,468.2,14515968.0
2018-01-29 14:09:27.214715,468.2,468.0,468.4,14515968.0
2018-01-29 14:09:29.050901,468.2,468.0,468.4,14515968.0
2018-01-29 14:09:30.453281,468.2,468.0,468.4,14515968.0
2018-01-29 14:09:32.046443,468.2,468.0,468.4,14515968.0
2018-01-29 14:09:33.635983,468.4,468.2,468.4,14524868.0
2018-01-29 14:09:35.238862,468.2,468.2,468.4,14524768.0
2018-01-29 14:09:36.786807,468.2,468.2,468.4,14524768.0
2018-01-29 14:09:38.594641,468.4,468.2,468.4,14524868.0
2018-01-29 14:09:40.063741,468.4,468.2,468.4,14524868.0
2018-01-29 14:09:42.812935,468.4,468.2,468.4,14524868.0
2018-01-29 14:09:44.645798,468.4,468.2,468.4,14524868.0
2018-01-29 14:09:46.728579,468.2,468.2,468.4,14524768.0
2018-01-29 14:09:48.388239,468.2,468.2,468.4,14536768.0
2018-01-29 14:09:49.879063,468.2,468.2,468.4,14536768.0
2018-01-29 14:09:51.389907,468.2,468.2,468.4,14537068.0
2018-01-29 14:09:53.085336,468.2,468.2,468.4,14537068.0
2018-01-29 14:09:54.609961,468.2,468.2,468.4,14536768.0
2018-01-29 14:09:56.427653,468.2,468.2,468.4,14537068.0
2018-01-29 14:09:58.017875,468.2,468.2,468.4,14537068.0
2018-01-29 14:09:59.789560,468.2,468.2,468.4,14537068.0
2018-01-29 14:10:01.546936,468.2,468.2,468.4,14536768.0
2018-01-29 14:10:03.028449,468.2,468.2,468.4,14537068.0
2018-01-29 14:10:04.562079,468.2,468.2,468.4,14536768.0
2018-01-29 14:10:06.144110,468.2,468.2,468.4,14537068.0
2018-01-29 14:10:07.654390,468.2,468.2,468.4,14537068.0
2018-01-29 14:10:09.416107,468.2,468.2,468.4,14536768.0
2018-01-29 14:10:10.882465,468.2,468.2,468.4,14536768.0
2018-01-29 14:10:12.443203,468.2,468.2,468.4,14537068.0
2018-01-29 14:10:14.759409,468.2,468.2,468.4,14539868.0
2018-01-29 14:10:16.501852,468.4,468.2,468.4,14542268.0
2018-01-29 14:10:19.041681,468.2,468.2,468.4,14539868.0
2018-01-29 14:10:21.114042,468.4,468.2,468.4,14542268.0
2018-01-29 14:10:22.941597,468.4,468.2,468.4,14549268.0
2018-01-29 14:10:24.718329,468.4,468.2,468.4,14549268.0
2018-01-29 14:10:26.395761,468.4,468.2,468.4,14549268.0
2018-01-29 14:10:28.340355,468.2,468.2,468.4,14557268.0
2018-01-29 14:10:30.034367,468.2,468.2,468.4,14558868.0
2018-01-29 14:10:31.813070,468.2,468.2,468.4,14558868.0
2018-01-29 14:10:33.474026,468.2,468.2,468.4,14558868.0
2018-01-29 14:10:35.152760,468.2,468.2,468.4,14558868.0
2018-01-29 14:10:36.936471,468.2,468.2,468.4,14558868.0
2018-01-29 14:10:38.604196,468.2,468.0,468.2,14558868.0
2018-01-29 14:10:40.404901,468.2,468.0,468.2,14558868.0
2018-01-29 14:10:42.139803,468.2,468.0,468.2,14558868.0
2018-01-29 14:10:43.752186,468.2,468.0,468.2,14565968.0
2018-01-29 14:10:45.435523,468.2,468.2,468.4,14566868.0
2018-01-29 14:10:47.346423,468.2,468.0,468.2,14566868.0
2018-01-29 14:10:49.228654,468.2,468.2,468.4,14566868.0
2018-01-29 14:10:51.069484,468.2,468.2,468.4,14566868.0
2018-01-29 14:10:52.820126,468.2,468.2,468.4,14566868.0
2018-01-29 14:10:54.571819,468.2,468.0,468.2,14566868.0
2018-01-29 14:10:56.168497,468.2,468.2,468.4,14568868.0
2018-01-29 14:10:59.084190,468.2,468.2,468.4,14566868.0
2018-01-29 14:11:01.136278,468.0,468.0,468.2,14574168.0
2018-01-29 14:11:02.948837,468.0,467.8,468.2,14589468.0
2018-01-29 14:11:04.686171,468.0,467.8,468.2,14589568.0
2018-01-29 14:11:07.266043,468.0,467.8,468.2,14589568.0
2018-01-29 14:11:09.274809,468.0,467.8,468.2,14589568.0
2018-01-29 14:11:11.047237,468.0,467.8,468.2,14589568.0
2018-01-29 14:11:12.827843,468.0,467.8,468.2,14589568.0
2018-01-29 14:11:14.633385,468.0,467.8,468.2,14589468.0
2018-01-29 14:11:16.284980,468.0,467.8,468.2,14589568.0
2018-01-29 14:11:17.957459,467.8,467.8,468.0,14592121.0
2018-01-29 14:11:19.641140,467.8,467.8,468.0,14592121.0
2018-01-29 14:11:21.587734,467.8,467.8,468.0,14592121.0
2018-01-29 14:11:23.510431,468.0,467.8,468.0,14599521.0
2018-01-29 14:11:25.225642,468.0,467.8,468.0,14600521.0
2018-01-29 14:11:27.101919,468.0,467.8,468.0,14600521.0
2018-01-29 14:11:28.810404,468.0,467.8,468.0,14600521.0
2018-01-29 14:11:30.655739,468.0,467.8,468.0,14599521.0
2018-01-29 14:11:32.534061,468.0,467.8,468.0,14599521.0
2018-01-29 14:11:34.143691,468.2,468.0,468.2,14604121.0
2018-01-29 14:11:36.110966,468.2,468.0,468.2,14604121.0
2018-01-29 14:11:37.568769,468.2,468.0,468.2,14604121.0
2018-01-29 14:11:39.577422,468.2,468.0,468.2,14604121.0
2018-01-29 14:11:41.606257,468.2,468.0,468.2,14604121.0
2018-01-29 14:11:43.276446,468.2,468.0,468.2,14604121.0
2018-01-29 14:11:44.773960,468.2,468.0,468.2,14604121.0
2018-01-29 14:11:46.501827,468.2,468.0,468.2,14604121.0
2018-01-29 14:11:48.281875,468.2,468.0,468.2,14604121.0
2018-01-29 14:11:49.914180,468.0,468.0,468.2,14604521.0
2018-01-29 14:11:51.655541,468.0,468.0,468.2,14606321.0
2018-01-29 14:11:53.457457,468.0,468.0,468.2,14606821.0
2018-01-29 14:11:55.267455,468.0,468.0,468.2,14606821.0
2018-01-29 14:11:57.014509,468.0,468.0,468.2,14606821.0
2018-01-29 14:11:58.685289,468.0,468.0,468.2,14606321.0
2018-01-29 14:12:00.632616,468.0,468.0,468.2,14606821.0
2018-01-29 14:12:02.426088,468.0,468.0,468.2,14613521.0
2018-01-29 14:12:04.112870,468.0,468.0,468.2,14606821.0
2018-01-29 14:12:05.791104,468.0,468.0,468.2,14613521.0
2018-01-29 14:12:07.358051,468.0,468.0,468.2,14606821.0
2018-01-29 14:12:09.170454,468.0,468.0,468.2,14613521.0
2018-01-29 14:12:10.923586,468.2,468.0,468.2,14614521.0
2018-01-29 14:12:12.675395,468.2,468.0,468.2,14614521.0
2018-01-29 14:12:14.391665,468.0,468.0,468.2,14613521.0
2018-01-29 14:12:16.222444,468.0,468.0,468.2,14649021.0
2018-01-29 14:12:17.978376,468.2,468.0,468.4,14677421.0
2018-01-29 14:12:19.753504,468.2,468.0,468.4,14677221.0
2018-01-29 14:12:21.616790,468.6,468.4,468.6,14684821.0
2018-01-29 14:12:23.216352,468.6,468.4,468.6,14683021.0
2018-01-29 14:12:25.175413,468.6,468.4,468.6,14684821.0
2018-01-29 14:12:26.777150,468.6,468.4,468.6,14684821.0
2018-01-29 14:12:28.607472,468.6,468.4,468.6,14683021.0
2018-01-29 14:12:30.531449,468.6,468.4,468.6,14684821.0
2018-01-29 14:12:32.075841,468.6,468.4,468.6,14683021.0
2018-01-29 14:12:33.934022,468.6,468.4,468.6,14684821.0
2018-01-29 14:12:35.681770,468.6,468.4,468.6,14684821.0
2018-01-29 14:12:37.369273,468.6,468.4,468.6,14684821.0
2018-01-29 14:12:38.921283,468.6,468.4,468.6,14684821.0
2018-01-29 14:12:40.607685,468.6,468.4,468.6,14684821.0
2018-01-29 14:12:42.342020,468.6,468.4,468.6,14683021.0
2018-01-29 14:12:44.169430,468.6,468.4,468.6,14684821.0
2018-01-29 14:12:45.774606,468.6,468.4,468.6,14684821.0
2018-01-29 14:12:47.360412,468.6,468.4,468.6,14684821.0
2018-01-29 14:12:49.164193,468.6,468.6,468.8,14686921.0
2018-01-29 14:12:51.331455,468.6,468.6,468.8,14686921.0
2018-01-29 14:12:53.058067,468.6,468.6,468.8,14686921.0
2018-01-29 14:12:54.873808,468.6,468.6,468.8,14686921.0
2018-01-29 14:12:58.321229,468.8,468.6,468.8,14689121.0
2018-01-29 14:13:00.283705,468.8,468.6,468.8,14688721.0
2018-01-29 14:13:02.035690,468.8,468.6,468.8,14688721.0
2018-01-29 14:13:04.214530,468.8,468.6,468.8,14688721.0
2018-01-29 14:13:06.002634,468.8,468.6,468.8,14689121.0
2018-01-29 14:13:07.880639,468.8,468.6,468.8,14689121.0
2018-01-29 14:13:09.778654,468.8,468.6,468.8,14690221.0
2018-01-29 14:13:11.622290,468.8,468.6,468.8,14690221.0
2018-01-29 14:13:13.261410,468.8,468.6,468.8,14690221.0
2018-01-29 14:13:14.995318,468.8,468.6,468.8,14690221.0
2018-01-29 14:13:16.670853,468.8,468.6,468.8,14690221.0
2018-01-29 14:13:18.487092,468.8,468.6,468.8,14690221.0
2018-01-29 14:13:20.183077,468.8,468.6,468.8,14690221.0
2018-01-29 14:13:22.000955,468.8,468.6,468.8,14690221.0
2018-01-29 14:13:23.741389,468.8,468.6,468.8,14690221.0
2018-01-29 14:13:25.595384,468.8,468.6,468.8,14690221.0
2018-01-29 14:13:27.295139,468.8,468.6,468.8,14694321.0
2018-01-29 14:13:29.197212,468.6,468.6,468.8,14690321.0
2018-01-29 14:13:31.121457,468.8,468.6,468.8,14694321.0
2018-01-29 14:13:32.849654,468.8,468.6,468.8,14695021.0
2018-01-29 14:13:34.695962,468.8,468.6,468.8,14694321.0
2018-01-29 14:13:36.370203,468.8,468.6,468.8,14695021.0
2018-01-29 14:13:38.000911,468.8,468.6,468.8,14694321.0
2018-01-29 14:13:39.656012,468.8,468.6,468.8,14695021.0
2018-01-29 14:13:41.603837,468.8,468.6,468.8,14695021.0
2018-01-29 14:13:43.435700,468.8,468.6,468.8,14694321.0
2018-01-29 14:13:45.120362,468.8,468.6,468.8,14697121.0
2018-01-29 14:13:46.976515,468.8,468.6,468.8,14697121.0
2018-01-29 14:13:48.830526,468.8,468.6,468.8,14697121.0
2018-01-29 14:13:50.437894,468.8,468.6,468.8,14697121.0
2018-01-29 14:13:52.136624,468.6,468.6,469.0,14700721.0
2018-01-29 14:13:53.883321,468.8,468.6,469.0,14697621.0
2018-01-29 14:13:55.499457,468.6,468.6,469.0,14700721.0
2018-01-29 14:13:57.549764,468.6,468.6,469.0,14700721.0
2018-01-29 14:13:59.331423,468.6,468.6,469.0,14700721.0
2018-01-29 14:14:00.933559,469.0,468.6,469.0,14700821.0
2018-01-29 14:14:02.714101,468.6,468.6,468.8,14700721.0
2018-01-29 14:14:04.569049,468.8,468.6,468.8,14703021.0
2018-01-29 14:14:06.163783,468.6,468.6,468.8,14703221.0
2018-01-29 14:14:07.767010,468.8,468.6,468.8,14703021.0
2018-01-29 14:14:09.261722,468.6,468.6,468.8,14703221.0
2018-01-29 14:14:10.880240,468.8,468.6,468.8,14703021.0
2018-01-29 14:14:12.653171,468.6,468.6,468.8,14703221.0
2018-01-29 14:14:14.295876,468.8,468.6,468.8,14703021.0
2018-01-29 14:14:16.057959,468.8,468.6,468.8,14703021.0
2018-01-29 14:14:17.911958,468.8,468.6,468.8,14705621.0
2018-01-29 14:14:19.473656,468.6,468.6,468.8,14703221.0
2018-01-29 14:14:21.237565,468.8,468.6,468.8,14705621.0
2018-01-29 14:14:23.165497,468.6,468.6,468.8,14713233.0
2018-01-29 14:14:24.703849,468.4,468.2,468.8,14717833.0
2018-01-29 14:14:26.719371,468.4,468.2,468.8,14717833.0
2018-01-29 14:14:28.625667,468.4,468.2,468.8,14717833.0
2018-01-29 14:14:33.216598,468.4,468.2,468.8,14717833.0
2018-01-29 14:14:35.195603,468.4,468.2,468.8,14717833.0
2018-01-29 14:14:37.107130,468.4,468.2,468.8,14717833.0
2018-01-29 14:14:38.907689,468.4,468.2,468.8,14717833.0
2018-01-29 14:14:40.693972,468.4,468.2,468.8,14717833.0
2018-01-29 14:14:42.394441,468.4,468.2,468.8,14717833.0
2018-01-29 14:14:44.323983,468.4,468.2,468.8,14717833.0
2018-01-29 14:14:46.258010,468.4,468.2,468.8,14717833.0
2018-01-29 14:14:48.021046,468.4,468.2,468.8,14717833.0
2018-01-29 14:14:49.818281,468.4,468.2,468.8,14717833.0
2018-01-29 14:14:51.656300,468.4,468.2,468.8,14717833.0
2018-01-29 14:14:53.218017,468.4,468.2,468.8,14717833.0
2018-01-29 14:14:55.063351,468.4,468.2,468.8,14717833.0
2018-01-29 14:14:56.759877,468.4,468.2,468.8,14717833.0
2018-01-29 14:14:58.512751,468.4,468.2,468.8,14717833.0
2018-01-29 14:15:00.156227,468.4,468.2,468.4,14721333.0
2018-01-29 14:15:01.777950,468.4,468.2,468.4,14721333.0
2018-01-29 14:15:03.392648,468.4,468.2,468.4,14721333.0
2018-01-29 14:15:05.356412,468.4,468.2,468.4,14721333.0
2018-01-29 14:15:07.130262,468.4,468.2,468.4,14721333.0
2018-01-29 14:15:08.974491,468.4,468.2,468.4,14721333.0
2018-01-29 14:15:10.751231,468.2,468.2,468.4,14746233.0
2018-01-29 14:15:12.599658,468.2,468.2,468.4,14746233.0
2018-01-29 14:15:14.427911,468.2,468.2,468.4,14746233.0
2018-01-29 14:15:16.273751,468.2,468.2,468.4,14746233.0
2018-01-29 14:15:18.225484,468.2,468.2,468.4,14746233.0
2018-01-29 14:15:19.744835,468.2,468.2,468.4,14746133.0
2018-01-29 14:15:21.612128,468.2,468.2,468.4,14746233.0
2018-01-29 14:15:23.376523,468.2,468.2,468.4,14746233.0
2018-01-29 14:15:25.234842,468.2,468.2,468.4,14746133.0
2018-01-29 14:15:26.851051,468.2,468.2,468.4,14746133.0
2018-01-29 14:15:28.477941,468.2,468.0,468.2,14746233.0
2018-01-29 14:15:30.545997,468.0,468.2,468.4,14759033.0
2018-01-29 14:15:32.495927,467.8,468.0,468.2,14763633.0
2018-01-29 14:15:34.195598,467.8,467.6,468.0,14763233.0
2018-01-29 14:15:36.034086,467.8,467.6,468.0,14763233.0
2018-01-29 14:15:37.695836,467.8,467.6,468.0,14763233.0
2018-01-29 14:15:39.268649,467.8,467.6,468.0,14763233.0
2018-01-29 14:15:40.839559,467.8,467.8,468.0,14774133.0
2018-01-29 14:15:42.505634,467.8,467.8,468.0,14774133.0
2018-01-29 14:15:44.200814,467.8,467.8,468.0,14774133.0
2018-01-29 14:15:45.885891,467.8,467.8,468.0,14769933.0
2018-01-29 14:15:47.710878,467.8,467.8,468.0,14774133.0
2018-01-29 14:15:49.748078,467.8,467.8,468.0,14774133.0
2018-01-29 14:15:51.487927,467.8,467.8,468.0,14774133.0
2018-01-29 14:15:53.196577,467.8,467.8,468.0,14777233.0
2018-01-29 14:15:55.028998,467.8,468.0,468.2,14777233.0
2018-01-29 14:15:56.707556,468.0,467.8,468.2,14777433.0
2018-01-29 14:15:58.378112,468.0,468.0,468.2,14777433.0
2018-01-29 14:16:00.028312,468.0,468.0,468.2,14777433.0
2018-01-29 14:16:01.834491,468.0,468.0,468.2,14777433.0
2018-01-29 14:16:03.819581,468.0,467.8,468.2,14777433.0
2018-01-29 14:16:05.634372,468.0,467.8,468.2,14777433.0
2018-01-29 14:16:07.303794,468.0,468.0,468.2,14777433.0
2018-01-29 14:16:08.998045,467.8,468.0,468.2,14777233.0
2018-01-29 14:16:10.834967,468.0,468.0,468.2,14777433.0
2018-01-29 14:16:12.554818,468.0,468.0,468.2,14784733.0
2018-01-29 14:16:14.156509,468.0,468.0,468.2,14777433.0
2018-01-29 14:16:15.732703,468.0,467.8,468.0,14784733.0
2018-01-29 14:16:17.498218,468.0,467.8,468.0,14784733.0
2018-01-29 14:16:19.163174,468.0,468.0,468.2,14777433.0
2018-01-29 14:16:21.061386,468.0,467.8,468.0,14784733.0
2018-01-29 14:16:22.829973,468.0,467.8,468.0,14788933.0
2018-01-29 14:16:24.423421,468.0,467.8,468.0,14788933.0
2018-01-29 14:16:26.322986,468.0,467.8,468.0,14784733.0
2018-01-29 14:16:28.041716,468.0,467.8,468.0,14788933.0
2018-01-29 14:16:29.772745,468.0,467.8,468.0,14788933.0
2018-01-29 14:16:31.487898,468.0,467.8,468.0,14788933.0
2018-01-29 14:16:33.054630,468.0,467.8,468.0,14788933.0
2018-01-29 14:16:34.783964,467.6,467.6,467.8,14799933.0
2018-01-29 14:16:36.710805,467.6,467.8,468.0,14799933.0
2018-01-29 14:16:38.637475,467.8,467.8,468.0,14796533.0
2018-01-29 14:16:40.388411,467.8,467.6,467.8,14796533.0
2018-01-29 14:16:42.101087,467.6,467.8,468.0,14799933.0
2018-01-29 14:16:43.765621,467.6,467.6,467.8,14803733.0
2018-01-29 14:16:45.411012,467.6,467.6,467.8,14799933.0
2018-01-29 14:16:47.118807,467.8,467.6,467.8,14806733.0
2018-01-29 14:16:48.695084,467.6,467.6,467.8,14803733.0
2018-01-29 14:16:50.363343,467.8,467.6,467.8,14806733.0
2018-01-29 14:16:52.156894,467.8,467.6,467.8,14806733.0
2018-01-29 14:16:53.958322,467.8,467.6,467.8,14806733.0
2018-01-29 14:16:55.846725,467.8,467.6,467.8,14806733.0
2018-01-29 14:16:57.670997,467.8,467.6,467.8,14808033.0
2018-01-29 14:16:59.610665,467.8,467.6,467.8,14808033.0
2018-01-29 14:17:01.205991,467.6,467.6,467.8,14808133.0
2018-01-29 14:17:03.025231,467.6,467.6,467.8,14808133.0
2018-01-29 14:17:04.877222,467.8,467.6,467.8,14808033.0
2018-01-29 14:17:06.418286,467.8,467.6,467.8,14808033.0
2018-01-29 14:17:08.140470,467.6,467.6,467.8,14812033.0
2018-01-29 14:17:10.111157,467.8,467.6,467.8,14822233.0
2018-01-29 14:17:12.095124,467.8,467.6,467.8,14824133.0
2018-01-29 14:17:13.671989,467.8,467.6,467.8,14822233.0
2018-01-29 14:17:15.244615,467.8,467.6,467.8,14822233.0
2018-01-29 14:17:16.993249,467.8,467.6,467.8,14824133.0
2018-01-29 14:17:18.800866,467.8,467.6,467.8,14822233.0
2018-01-29 14:17:20.667676,467.8,467.6,467.8,14824133.0
2018-01-29 14:17:22.385499,467.8,467.6,467.8,14822233.0
2018-01-29 14:17:23.884443,467.8,467.6,467.8,14824133.0
2018-01-29 14:17:25.573406,467.8,467.8,468.0,14827433.0
2018-01-29 14:17:27.169112,467.8,467.8,468.0,14827433.0
2018-01-29 14:17:28.799585,467.8,467.6,467.8,14824133.0
2018-01-29 14:17:30.378848,467.8,467.8,468.0,14827433.0
2018-01-29 14:17:32.453170,468.0,467.8,468.0,14830633.0
2018-01-29 14:17:34.254154,468.0,467.8,468.0,14830633.0
2018-01-29 14:17:36.194474,467.8,467.8,468.0,14827433.0
2018-01-29 14:17:37.806461,467.8,467.6,468.0,14827433.0
2018-01-29 14:17:39.361605,468.0,467.8,468.0,14830633.0
2018-01-29 14:17:41.028023,468.0,467.6,468.0,14830633.0
2018-01-29 14:17:42.797805,467.8,467.8,468.0,14827433.0
2018-01-29 14:17:44.494228,468.0,467.8,468.0,14830633.0
2018-01-29 14:17:46.249835,467.8,467.8,468.0,14827433.0
2018-01-29 14:17:48.137162,468.0,467.8,468.0,14833133.0
2018-01-29 14:17:49.995142,468.0,467.8,468.0,14833133.0
2018-01-29 14:17:51.711302,468.0,467.8,468.0,14833133.0
2018-01-29 14:17:53.359421,468.0,467.8,468.0,14833133.0
2018-01-29 14:17:55.125580,468.0,467.8,468.0,14833133.0
2018-01-29 14:17:56.990786,468.0,467.8,468.0,14830633.0
2018-01-29 14:17:58.597065,468.0,467.8,468.0,14830633.0
2018-01-29 14:18:00.112716,468.0,467.8,468.0,14833133.0
2018-01-29 14:18:01.924829,468.0,467.6,468.0,14830633.0
2018-01-29 14:18:03.565307,468.0,467.8,468.0,14830633.0
2018-01-29 14:18:05.142483,468.0,467.8,468.0,14833133.0
2018-01-29 14:18:06.957190,467.8,467.8,468.0,14836333.0
2018-01-29 14:18:08.620096,467.8,467.8,468.0,14837133.0
2018-01-29 14:18:10.648897,467.8,467.8,468.0,14837133.0
2018-01-29 14:18:12.196181,467.8,467.8,468.0,14836333.0
2018-01-29 14:18:13.837758,467.8,467.8,468.0,14837133.0
2018-01-29 14:18:15.497449,467.8,467.8,468.0,14836333.0
2018-01-29 14:18:17.450442,467.8,467.8,468.0,14837133.0
2018-01-29 14:18:19.169588,467.8,467.8,468.0,14837133.0
2018-01-29 14:18:21.043362,467.8,467.8,468.0,14837133.0
2018-01-29 14:18:22.948789,467.8,467.8,468.0,14837133.0
2018-01-29 14:18:25.008893,468.0,467.8,468.0,14840633.0
2018-01-29 14:18:26.581708,468.0,467.8,468.0,14840633.0
2018-01-29 14:18:28.424784,468.0,467.8,468.0,14840633.0
2018-01-29 14:18:30.140309,467.8,467.8,468.0,14838033.0
2018-01-29 14:18:31.927309,468.0,467.8,468.0,14840633.0
2018-01-29 14:18:33.906429,467.8,467.8,468.0,14845233.0
2018-01-29 14:18:35.558436,467.8,467.8,468.0,14845233.0
2018-01-29 14:18:37.188279,468.0,467.8,468.0,14842933.0
2018-01-29 14:18:38.999308,468.0,467.8,468.0,14842933.0
2018-01-29 14:18:40.676913,468.0,467.8,468.0,14842933.0
2018-01-29 14:18:42.527174,467.8,467.8,468.0,14845233.0
2018-01-29 14:18:44.325413,467.8,467.8,468.0,14845233.0
2018-01-29 14:18:46.296076,467.8,467.8,468.0,14845933.0
2018-01-29 14:18:47.889920,467.8,467.8,468.0,14847033.0
2018-01-29 14:18:49.746920,467.8,467.8,468.0,14845933.0
2018-01-29 14:18:51.280535,467.8,467.8,468.0,14845933.0
2018-01-29 14:18:53.093449,467.8,467.8,468.0,14847033.0
2018-01-29 14:18:54.687185,467.8,467.8,468.0,14847033.0
2018-01-29 14:18:56.326689,467.8,467.8,468.0,14847033.0
2018-01-29 14:18:58.313943,467.8,467.8,468.0,14847033.0
2018-01-29 14:19:00.118946,467.8,467.8,468.0,14847033.0
2018-01-29 14:19:01.691441,467.8,467.8,468.0,14847033.0
2018-01-29 14:19:03.363725,467.8,467.6,468.0,14866433.0
2018-01-29 14:19:04.918845,467.8,467.6,468.0,14865933.0
2018-01-29 14:19:06.475602,467.8,467.6,467.8,14869333.0
2018-01-29 14:19:08.230893,467.8,467.6,467.8,14869433.0
2018-01-29 14:19:10.013942,467.8,467.6,467.8,14869433.0
2018-01-29 14:19:11.586376,467.8,467.6,467.8,14869433.0
2018-01-29 14:19:13.320730,467.8,467.6,467.8,14887233.0
2018-01-29 14:19:15.149877,467.8,467.6,467.8,14886833.0
2018-01-29 14:19:16.938726,467.8,467.6,467.8,14886833.0
2018-01-29 14:19:18.755415,467.8,467.6,467.8,14887233.0
2018-01-29 14:19:20.376464,467.8,467.8,468.0,14899933.0
2018-01-29 14:19:22.119733,467.8,467.8,468.0,14899933.0
2018-01-29 14:19:23.848302,467.8,467.8,468.0,14899933.0
2018-01-29 14:19:25.531404,467.8,467.8,468.0,14899933.0
2018-01-29 14:19:27.260667,467.8,467.8,468.0,14899933.0
2018-01-29 14:19:29.133847,467.8,467.8,468.0,14903733.0
2018-01-29 14:19:30.716048,467.8,467.4,468.0,14903733.0
2018-01-29 14:19:32.402797,467.8,467.8,468.0,14903733.0
2018-01-29 14:19:34.064126,467.8,467.4,468.0,14903733.0
2018-01-29 14:19:35.954188,467.8,467.8,468.0,14904733.0
2018-01-29 14:19:37.585715,467.8,467.8,468.0,14904733.0
2018-01-29 14:19:39.346104,467.8,467.8,468.0,14904733.0
2018-01-29 14:19:41.041900,467.8,467.8,468.0,14904733.0
2018-01-29 14:19:42.676877,467.8,467.8,468.0,14904733.0
2018-01-29 14:19:44.331981,467.8,467.8,468.0,14904733.0
2018-01-29 14:19:45.980068,467.8,467.8,468.0,14904733.0
2018-01-29 14:19:47.735556,467.8,467.8,468.0,14904733.0
2018-01-29 14:19:49.415971,467.8,467.8,468.0,14904733.0
2018-01-29 14:19:51.241815,467.8,467.8,468.0,14904733.0
2018-01-29 14:19:53.010385,467.8,467.8,468.0,14904733.0
2018-01-29 14:19:55.016929,467.8,467.8,468.0,14904733.0
2018-01-29 14:19:56.605580,467.8,467.8,468.0,14904733.0
2018-01-29 14:19:58.504442,467.8,467.8,468.0,14909733.0
2018-01-29 14:20:00.417163,467.8,467.8,468.0,14909733.0
2018-01-29 14:20:02.926323,467.8,467.8,468.0,14909533.0
2018-01-29 14:20:05.045759,467.4,467.4,467.8,14924033.0
2018-01-29 14:20:06.910865,467.4,467.4,467.8,14924033.0
2018-01-29 14:20:08.748901,467.4,467.4,467.8,14929933.0
2018-01-29 14:20:10.373447,467.4,467.4,467.6,14924033.0
2018-01-29 14:20:12.131279,467.4,467.4,467.8,14924033.0
2018-01-29 14:20:13.891056,467.4,467.4,467.6,14930233.0
2018-01-29 14:20:15.703848,467.4,467.4,467.6,14930233.0
2018-01-29 14:20:17.466180,467.4,467.4,467.6,14929933.0
2018-01-29 14:20:19.048550,467.4,467.4,467.6,14930233.0
2018-01-29 14:20:20.834385,467.4,467.4,467.6,14930233.0
2018-01-29 14:20:22.649305,467.4,467.4,467.6,14930233.0
2018-01-29 14:20:24.498077,467.4,467.4,467.6,14936333.0
2018-01-29 14:20:26.213625,467.6,467.2,467.6,14941533.0
2018-01-29 14:20:28.041617,467.6,467.4,467.6,14941533.0
2018-01-29 14:20:29.766583,467.4,467.2,467.6,14941633.0
2018-01-29 14:20:31.369133,467.6,467.2,467.6,14941533.0
2018-01-29 14:20:33.045408,467.4,467.2,467.6,14941633.0
2018-01-29 14:20:34.716879,467.6,467.4,467.6,14946533.0
2018-01-29 14:20:36.786581,467.6,467.4,467.6,14946533.0
2018-01-29 14:20:38.713294,467.6,467.4,467.6,14946733.0
2018-01-29 14:20:40.463579,467.6,467.4,467.6,14946533.0
2018-01-29 14:20:42.180459,467.6,467.4,467.6,14946533.0
2018-01-29 14:20:44.196303,467.6,467.4,467.6,14946733.0
2018-01-29 14:20:45.818034,467.6,467.4,467.6,14946733.0
2018-01-29 14:20:47.537668,467.6,467.4,467.6,14946733.0
2018-01-29 14:20:49.555696,467.6,467.4,467.6,14946533.0
2018-01-29 14:20:51.474782,467.6,467.4,467.6,14946733.0
2018-01-29 14:20:53.263446,467.6,467.4,467.6,14946733.0
2018-01-29 14:20:54.989204,467.2,467.2,467.6,14954543.0
2018-01-29 14:20:56.824249,467.2,467.2,467.6,14954543.0
2018-01-29 14:20:58.359292,467.2,467.2,467.6,14954543.0
2018-01-29 14:20:59.974802,467.6,467.2,467.6,14956432.0
2018-01-29 14:21:01.498918,467.6,467.2,467.6,14956432.0
2018-01-29 14:21:03.450041,467.2,467.2,467.4,14956632.0
2018-01-29 14:21:05.229866,467.6,467.2,467.6,14956432.0
2018-01-29 14:21:06.810921,467.6,467.2,467.6,14956432.0
2018-01-29 14:21:08.423096,467.2,467.2,467.6,14956632.0
2018-01-29 14:21:10.120012,467.2,467.2,467.4,14956632.0
2018-01-29 14:21:11.839284,467.6,467.2,467.6,14956432.0
2018-01-29 14:21:13.633654,467.6,467.2,467.4,14956432.0
2018-01-29 14:21:15.435310,467.6,467.2,467.4,14956432.0
2018-01-29 14:21:17.093701,467.6,467.4,467.6,14959933.0
2018-01-29 14:21:18.890570,467.6,467.2,467.4,14959933.0
2018-01-29 14:21:20.468566,467.4,467.4,467.6,14960333.0
2018-01-29 14:21:22.064632,467.6,467.4,467.6,14959933.0
2018-01-29 14:21:23.631603,467.6,467.4,467.6,14959933.0
2018-01-29 14:21:25.488919,467.6,467.4,467.8,14966933.0
2018-01-29 14:21:27.088671,467.4,467.4,467.6,14970833.0
2018-01-29 14:21:28.619201,467.6,467.4,467.8,14966933.0
2018-01-29 14:21:30.249065,467.6,467.4,467.8,14978133.0
2018-01-29 14:21:31.903984,467.4,467.6,467.8,14977533.0
2018-01-29 14:21:33.653699,467.6,467.4,467.8,14978133.0
2018-01-29 14:21:35.413168,467.4,467.4,467.8,14977533.0
2018-01-29 14:21:37.111323,467.6,467.2,467.6,14984233.0
2018-01-29 14:21:38.518773,467.6,467.2,467.6,14984233.0
2018-01-29 14:21:40.253284,467.6,467.4,467.6,14984233.0
2018-01-29 14:21:41.942149,467.8,467.4,467.6,14987533.0
2018-01-29 14:21:43.789932,467.8,467.4,467.8,14987533.0
2018-01-29 14:21:45.660355,467.8,467.4,467.8,14987533.0
2018-01-29 14:21:47.379022,467.8,467.4,467.8,14987533.0
2018-01-29 14:21:49.199470,467.8,467.4,467.8,14987533.0
2018-01-29 14:21:50.938222,467.8,467.4,467.8,14987533.0
2018-01-29 14:21:52.491379,467.8,467.6,468.0,14994033.0
2018-01-29 14:21:54.236112,467.8,467.6,468.0,14994033.0
2018-01-29 14:21:55.977035,468.0,467.6,468.0,15002633.0
2018-01-29 14:21:58.217013,467.8,467.4,467.8,14994033.0
2018-01-29 14:21:59.904414,468.0,467.6,467.8,15002633.0
2018-01-29 14:22:01.876542,468.0,467.6,468.0,15002633.0
2018-01-29 14:22:03.494297,468.0,467.6,467.8,15002633.0
2018-01-29 14:22:05.518979,468.0,467.6,467.8,15002633.0
2018-01-29 14:22:07.120473,468.0,467.6,468.0,15002633.0
2018-01-29 14:22:08.789813,467.8,467.6,467.8,15008733.0
2018-01-29 14:22:10.587416,467.6,467.6,467.8,15005633.0
2018-01-29 14:22:12.130958,467.6,467.6,467.8,15022433.0
2018-01-29 14:22:13.829218,467.4,467.4,467.6,15025933.0
2018-01-29 14:22:15.699429,467.6,467.4,467.6,15022433.0
2018-01-29 14:22:17.631377,467.4,467.4,467.6,15025933.0
2018-01-29 14:22:19.488567,467.4,467.4,467.6,15025933.0
2018-01-29 14:22:21.272162,467.4,467.4,467.6,15025933.0
2018-01-29 14:22:22.989990,467.4,467.4,467.6,15025933.0
2018-01-29 14:22:24.679354,467.6,467.8,468.0,15027533.0
2018-01-29 14:22:26.625298,467.6,467.4,467.6,15036833.0
2018-01-29 14:22:29.604848,467.6,467.4,467.6,15036833.0
2018-01-29 14:22:31.637907,467.8,467.4,467.6,15031233.0
2018-01-29 14:22:33.640259,467.6,467.4,468.0,15036833.0
2018-01-29 14:22:35.386672,467.6,467.4,467.6,15042233.0
2018-01-29 14:22:37.375219,467.6,467.4,468.0,15036833.0
2018-01-29 14:22:39.142394,467.6,467.4,467.6,15042233.0
2018-01-29 14:22:40.780280,468.0,467.4,468.0,15049933.0
2018-01-29 14:22:42.415035,468.2,467.8,468.0,15103733.0
2018-01-29 14:22:44.173925,468.2,468.0,468.2,15103733.0
2018-01-29 14:22:46.060459,468.2,468.0,468.2,15103733.0
2018-01-29 14:22:47.968946,468.2,468.0,468.2,15103733.0
2018-01-29 14:22:49.528019,468.2,468.0,468.2,15103733.0
2018-01-29 14:22:51.190869,468.2,468.2,468.4,15112533.0
2018-01-29 14:22:52.965749,468.2,468.2,468.4,15112533.0
2018-01-29 14:22:54.695252,468.2,468.2,468.4,15112533.0
2018-01-29 14:22:56.386335,468.4,468.2,468.4,15138933.0
2018-01-29 14:22:58.191881,468.4,468.0,468.4,15134333.0
2018-01-29 14:23:00.090268,468.4,468.0,468.6,15138933.0
2018-01-29 14:23:01.815790,468.4,468.0,468.6,15138933.0
2018-01-29 14:23:03.426843,468.4,468.0,468.6,15138933.0
2018-01-29 14:23:05.077064,468.4,468.0,468.6,15146933.0
2018-01-29 14:23:06.934716,468.2,468.0,468.6,15143933.0
2018-01-29 14:23:08.519455,468.2,468.0,468.4,15158233.0
2018-01-29 14:23:10.071059,468.0,468.0,468.4,15167433.0
2018-01-29 14:23:11.686668,468.0,468.0,468.4,15160033.0
2018-01-29 14:23:13.343659,468.0,468.0,468.4,15160033.0
2018-01-29 14:23:15.124305,468.0,468.0,468.4,15167433.0
2018-01-29 14:23:16.808347,468.0,468.0,468.4,15167433.0
2018-01-29 14:23:18.547717,468.0,468.0,468.4,15167433.0
2018-01-29 14:23:20.330176,468.0,468.0,468.4,15167433.0
2018-01-29 14:23:22.203479,468.2,468.0,468.4,15170433.0
2018-01-29 14:23:23.908903,468.2,468.0,468.4,15170433.0
2018-01-29 14:23:25.572183,468.0,468.0,468.4,15167433.0
2018-01-29 14:23:27.288350,468.2,468.0,468.4,15170433.0
2018-01-29 14:23:28.983293,468.2,468.0,468.4,15170433.0
2018-01-29 14:23:30.836530,468.2,468.0,468.4,15170433.0
2018-01-29 14:23:32.464611,468.2,468.0,468.2,15174333.0
2018-01-29 14:23:34.265531,468.2,468.0,468.2,15174533.0
2018-01-29 14:23:35.988842,468.2,468.0,468.2,15174333.0
2018-01-29 14:23:37.557234,468.2,468.0,468.2,15174333.0
2018-01-29 14:23:39.445457,468.2,468.0,468.2,15174333.0
2018-01-29 14:23:41.340806,468.2,468.0,468.2,15174333.0
2018-01-29 14:23:42.992753,468.2,468.0,468.2,15174333.0
2018-01-29 14:23:44.563476,468.2,468.0,468.2,15174533.0
2018-01-29 14:23:46.465124,468.2,468.0,468.2,15174333.0
2018-01-29 14:23:48.197249,468.2,468.0,468.2,15174333.0
2018-01-29 14:23:49.876034,468.4,468.2,468.4,15177233.0
2018-01-29 14:23:51.581813,468.2,468.0,468.2,15174533.0
2018-01-29 14:23:53.087278,468.2,468.2,468.4,15178633.0
2018-01-29 14:23:55.009457,468.4,468.2,468.4,15177233.0
2018-01-29 14:23:56.662572,468.4,468.2,468.4,15177233.0
2018-01-29 14:23:58.203998,468.4,468.2,468.4,15177233.0
2018-01-29 14:24:00.219689,468.2,468.0,468.2,15183433.0
2018-01-29 14:24:02.130769,468.2,468.0,468.2,15183433.0
2018-01-29 14:24:03.941762,468.2,468.0,468.2,15183433.0
2018-01-29 14:24:05.799694,468.2,468.0,468.2,15183433.0
2018-01-29 14:24:07.749458,468.2,468.0,468.2,15183433.0
2018-01-29 14:24:09.534097,468.2,468.0,468.2,15188408.0
2018-01-29 14:24:11.238805,468.2,468.0,468.2,15188408.0
2018-01-29 14:24:12.908427,468.2,468.0,468.2,15191608.0
2018-01-29 14:24:14.737189,468.2,468.0,468.2,15188408.0
2018-01-29 14:24:16.732952,468.2,468.0,468.2,15191608.0
2018-01-29 14:24:18.520258,468.2,468.0,468.2,15191608.0
2018-01-29 14:24:20.249620,468.2,468.0,468.2,15191608.0
2018-01-29 14:24:22.000113,468.2,468.0,468.2,15193408.0
2018-01-29 14:24:23.727499,468.2,468.0,468.2,15193408.0
2018-01-29 14:24:25.411086,468.2,468.0,468.2,15193408.0
2018-01-29 14:24:27.200829,468.2,468.0,468.2,15193408.0
2018-01-29 14:24:28.727159,468.2,468.0,468.2,15193108.0
2018-01-29 14:24:30.398776,468.2,468.0,468.2,15193108.0
2018-01-29 14:24:32.304840,468.2,468.0,468.2,15193408.0
2018-01-29 14:24:33.922368,468.2,468.0,468.2,15193408.0
2018-01-29 14:24:35.569812,468.2,468.0,468.2,15193408.0
2018-01-29 14:24:37.265698,468.2,468.0,468.2,15193108.0
2018-01-29 14:24:39.058225,468.2,468.0,468.2,15193108.0
2018-01-29 14:24:40.660813,468.2,468.0,468.2,15193108.0
2018-01-29 14:24:42.332350,468.2,468.0,468.2,15193408.0
2018-01-29 14:24:43.989281,468.2,468.0,468.2,15193108.0
2018-01-29 14:24:45.647215,468.2,468.0,468.2,15193408.0
2018-01-29 14:24:47.331120,468.2,468.2,468.4,15198608.0
2018-01-29 14:24:49.078639,468.2,468.2,468.4,15198608.0
2018-01-29 14:24:51.046775,468.2,468.2,468.4,15198608.0
2018-01-29 14:24:52.685955,468.2,468.2,468.4,15198608.0
2018-01-29 14:24:54.643510,468.2,468.4,468.6,15198608.0
2018-01-29 14:24:56.494471,468.4,468.4,468.6,15205908.0
2018-01-29 14:24:58.374364,468.4,468.4,468.6,15205908.0
2018-01-29 14:25:00.167962,468.4,468.4,468.6,15205908.0
2018-01-29 14:25:01.750106,468.6,468.4,468.6,15208408.0
2018-01-29 14:25:03.520205,468.6,468.4,468.6,15215808.0
2018-01-29 14:25:05.180642,468.6,468.4,468.6,15215808.0
2018-01-29 14:25:06.731327,468.6,468.4,468.6,15215808.0
2018-01-29 14:25:08.490522,468.4,468.4,468.6,15236008.0
2018-01-29 14:25:10.265898,468.8,468.4,468.8,15263108.0
2018-01-29 14:25:11.997050,468.8,468.4,468.8,15263108.0
2018-01-29 14:25:13.755194,468.8,468.4,468.8,15263108.0
2018-01-29 14:25:15.601439,468.8,468.4,468.8,15263108.0
2018-01-29 14:25:17.336331,468.8,468.8,469.0,15274908.0
2018-01-29 14:25:19.195810,468.8,468.6,469.0,15284408.0
2018-01-29 14:25:20.984940,468.8,468.6,469.0,15284408.0
2018-01-29 14:25:22.673604,468.8,468.6,469.0,15284408.0
2018-01-29 14:25:24.295092,469.0,469.0,469.2,15297608.0
2018-01-29 14:25:26.161533,469.0,469.0,469.2,15297608.0
2018-01-29 14:25:27.975125,469.0,469.0,469.2,15297608.0
2018-01-29 14:25:29.954511,469.0,469.0,469.2,15297608.0
2018-01-29 14:25:31.904479,469.0,469.0,469.2,15297608.0
2018-01-29 14:25:33.742080,469.0,469.0,469.2,15297608.0
2018-01-29 14:25:35.402236,469.0,469.0,469.2,15297608.0
2018-01-29 14:25:37.063203,469.0,469.0,469.2,15297608.0
2018-01-29 14:25:38.757763,469.0,469.0,469.2,15297608.0
2018-01-29 14:25:40.362699,469.0,469.0,469.2,15297608.0
2018-01-29 14:25:41.974461,469.0,469.0,469.2,15297608.0
2018-01-29 14:25:45.195745,469.0,469.0,469.2,15297608.0
2018-01-29 14:25:47.280037,469.0,468.8,469.0,15304708.0
2018-01-29 14:25:48.921845,469.0,468.8,469.0,15304808.0
2018-01-29 14:25:50.739245,469.0,468.8,469.0,15304808.0
2018-01-29 14:25:52.445062,469.0,468.8,469.0,15304808.0
2018-01-29 14:25:54.182196,469.0,468.8,469.0,15304708.0
2018-01-29 14:25:55.859877,469.0,468.8,469.0,15304708.0
2018-01-29 14:25:57.483707,469.0,468.8,469.0,15304708.0
2018-01-29 14:26:00.155496,469.0,468.8,469.0,15311908.0
2018-01-29 14:26:02.519213,469.0,468.8,469.0,15306908.0
2018-01-29 14:26:04.320534,469.0,468.8,469.0,15311908.0
2018-01-29 14:26:06.439822,469.0,468.8,469.0,15311908.0
2018-01-29 14:26:08.392478,469.0,468.8,469.0,15306908.0
2018-01-29 14:26:10.210445,469.0,468.8,469.0,15311908.0
2018-01-29 14:26:12.114711,469.0,468.8,469.0,15311908.0
2018-01-29 14:26:13.938056,469.0,468.8,469.0,15306908.0
2018-01-29 14:26:15.714330,469.0,468.8,469.0,15306908.0
2018-01-29 14:26:17.587076,469.0,468.8,469.0,15311908.0
2018-01-29 14:26:19.171326,469.0,468.8,469.0,15306908.0
2018-01-29 14:26:20.983601,469.0,468.8,469.0,15311908.0
2018-01-29 14:26:22.804200,469.0,468.8,469.0,15311908.0
2018-01-29 14:26:24.505990,469.0,468.8,469.0,15311908.0
2018-01-29 14:26:26.181428,469.0,468.8,469.0,15306908.0
2018-01-29 14:26:27.892423,469.0,468.8,469.0,15311908.0
2018-01-29 14:26:29.703396,469.0,468.8,469.0,15311908.0
2018-01-29 14:26:32.388549,469.0,468.8,469.0,15319714.0
2018-01-29 14:26:34.639244,469.0,468.8,469.0,15321414.0
2018-01-29 14:26:36.325401,469.0,468.8,469.0,15319714.0
2018-01-29 14:26:38.202750,469.0,468.8,469.0,15319714.0
2018-01-29 14:26:40.191723,469.0,468.8,469.0,15321414.0
2018-01-29 14:26:41.927573,469.0,468.8,469.0,15319714.0
2018-01-29 14:26:43.638184,469.0,468.8,469.0,15321414.0
2018-01-29 14:26:45.530671,469.0,468.8,469.0,15319714.0
2018-01-29 14:26:47.371524,469.0,468.8,469.0,15324714.0
2018-01-29 14:26:50.933681,469.0,468.8,469.0,15324714.0
2018-01-29 14:26:52.833587,469.0,468.8,469.0,15324714.0
2018-01-29 14:26:55.300461,469.0,468.8,469.0,15325014.0
2018-01-29 14:26:57.509187,469.0,468.8,469.0,15324714.0
2018-01-29 14:26:59.159640,469.0,468.8,469.0,15324714.0
2018-01-29 14:27:00.791352,469.0,468.8,469.0,15347014.0
2018-01-29 14:27:02.507361,469.0,468.8,469.0,15348014.0
2018-01-29 14:27:04.061313,469.0,468.8,469.0,15370714.0
2018-01-29 14:27:05.714753,469.0,468.8,469.0,15370714.0
2018-01-29 14:27:07.445868,469.0,468.8,469.0,15370714.0
2018-01-29 14:27:09.198531,469.0,468.8,469.0,15370714.0
2018-01-29 14:27:10.890494,469.0,468.8,469.0,15370714.0
2018-01-29 14:27:12.687581,469.0,468.8,469.0,15370714.0
2018-01-29 14:27:14.316258,468.8,468.6,468.8,15389814.0
2018-01-29 14:27:16.228962,468.8,468.6,468.8,15390114.0
2018-01-29 14:27:18.207914,468.8,468.6,468.8,15390114.0
2018-01-29 14:27:19.949906,468.8,468.6,468.8,15389814.0
2018-01-29 14:27:21.707142,468.8,468.6,468.8,15389814.0
2018-01-29 14:27:23.385913,468.8,468.6,468.8,15389814.0
2018-01-29 14:27:25.289764,468.8,468.6,468.8,15389814.0
2018-01-29 14:27:26.916318,468.8,468.6,468.8,15389814.0
2018-01-29 14:27:28.429292,468.8,468.6,468.8,15389814.0
2018-01-29 14:27:30.095393,469.0,468.8,469.2,15402714.0
2018-01-29 14:27:31.735868,469.0,468.8,469.2,15402714.0
2018-01-29 14:27:33.397961,469.0,468.8,469.2,15402714.0
2018-01-29 14:27:35.198440,469.0,468.8,469.2,15402714.0
2018-01-29 14:27:37.042193,469.0,468.8,469.2,15402714.0
2018-01-29 14:27:38.891682,469.0,468.8,469.2,15403014.0
2018-01-29 14:27:40.743253,469.0,468.8,469.2,15403014.0
2018-01-29 14:27:42.424559,469.0,468.8,469.2,15403014.0
2018-01-29 14:27:44.369938,469.0,468.8,469.2,15402714.0
2018-01-29 14:27:46.109361,469.0,468.8,469.2,15403014.0
2018-01-29 14:27:47.823580,468.8,468.8,469.0,15410914.0
2018-01-29 14:27:49.580033,468.8,468.8,469.0,15410914.0
2018-01-29 14:27:51.497007,468.8,468.8,469.0,15410914.0
2018-01-29 14:27:53.271078,468.8,468.8,469.0,15410914.0
2018-01-29 14:27:55.077508,468.8,468.8,469.0,15410914.0
2018-01-29 14:27:57.028499,468.8,468.8,469.0,15410914.0
2018-01-29 14:27:58.787172,468.8,468.8,469.0,15410914.0
2018-01-29 14:28:03.852159,468.8,468.8,469.0,15410914.0
2018-01-29 14:28:06.829198,468.8,468.8,469.0,15410914.0
2018-01-29 14:28:08.912934,469.0,468.8,469.0,15425414.0
2018-01-29 14:28:10.597702,468.8,468.8,469.0,15410914.0
2018-01-29 14:28:12.469622,468.8,468.8,469.0,15426014.0
2018-01-29 14:28:15.786545,468.8,468.8,469.0,15426014.0
2018-01-29 14:28:17.630136,469.0,468.8,469.0,15433314.0
2018-01-29 14:28:19.746347,469.0,468.8,469.0,15433614.0
2018-01-29 14:28:21.375475,469.0,468.8,469.0,15433614.0
2018-01-29 14:28:24.320071,468.8,468.6,469.0,15445814.0
2018-01-29 14:28:28.200886,468.8,468.6,468.8,15457514.0
2018-01-29 14:28:30.051092,468.6,468.4,468.8,15465914.0
2018-01-29 14:28:33.024999,468.6,468.6,469.0,15465914.0
2018-01-29 14:28:35.926633,468.6,468.4,468.8,15465914.0
2018-01-29 14:28:37.837335,468.6,468.4,468.8,15465914.0
2018-01-29 14:28:39.694979,468.8,468.6,469.0,15457514.0
2018-01-29 14:28:42.257171,468.8,468.6,469.0,15457514.0
2018-01-29 14:28:44.621486,468.6,468.4,468.6,15465914.0
2018-01-29 14:28:46.462861,468.6,468.4,468.6,15468314.0
2018-01-29 14:28:48.593926,468.6,468.4,468.6,15468314.0
2018-01-29 14:28:50.375318,468.6,468.4,468.8,15468314.0
2018-01-29 14:28:52.846756,468.6,468.4,468.6,15468314.0
2018-01-29 14:28:54.611674,468.6,468.4,468.8,15470514.0
2018-01-29 14:28:56.527575,468.6,468.4,468.8,15471914.0
2018-01-29 14:28:58.110177,468.6,468.4,468.8,15471914.0
2018-01-29 14:29:00.028153,468.6,468.4,468.8,15471914.0
2018-01-29 14:29:01.946494,468.6,468.4,468.8,15471914.0
2018-01-29 14:29:03.823498,468.6,468.4,468.8,15471914.0
2018-01-29 14:29:05.772942,468.6,468.4,468.8,15471914.0
2018-01-29 14:29:07.570898,468.6,468.4,468.8,15470514.0
2018-01-29 14:29:09.164001,468.6,468.4,468.8,15471914.0
2018-01-29 14:29:11.153204,468.6,468.4,468.8,15470514.0
2018-01-29 14:29:12.883688,468.6,468.4,468.8,15470514.0
2018-01-29 14:29:14.775959,468.6,468.4,468.6,15471914.0
2018-01-29 14:29:16.640549,468.6,468.4,468.8,15472714.0
2018-01-29 14:29:18.340784,468.6,468.4,468.8,15472714.0
2018-01-29 14:29:20.073696,468.6,468.4,468.8,15472714.0
2018-01-29 14:29:21.793168,468.6,468.4,468.8,15471914.0
2018-01-29 14:29:23.437952,468.6,468.4,468.8,15471914.0
2018-01-29 14:29:25.086583,468.6,468.4,468.6,15473314.0
2018-01-29 14:29:26.793263,468.6,468.4,468.6,15472714.0
2018-01-29 14:29:28.744129,468.6,468.4,468.6,15472714.0
2018-01-29 14:29:30.394756,468.6,468.4,468.6,15472714.0
2018-01-29 14:29:31.988468,468.6,468.4,468.6,15472714.0
2018-01-29 14:29:33.887260,468.6,468.4,468.6,15472714.0
2018-01-29 14:29:36.860355,468.6,468.4,468.6,15473314.0
2018-01-29 14:29:38.906649,468.6,468.4,468.6,15473314.0
2018-01-29 14:29:40.831143,468.6,468.4,468.6,15473314.0
2018-01-29 14:29:42.735327,468.6,468.4,468.6,15473314.0
2018-01-29 14:29:44.614978,468.6,468.4,468.6,15473314.0
2018-01-29 14:29:46.645301,468.4,468.4,468.6,15477014.0
2018-01-29 14:29:48.577659,468.4,468.4,468.6,15477014.0
2018-01-29 14:29:50.238677,468.4,468.4,468.6,15477714.0
2018-01-29 14:29:51.977284,468.4,468.4,468.6,15477014.0
2018-01-29 14:29:53.771469,468.4,468.4,468.6,15477014.0
2018-01-29 14:29:55.666653,468.4,468.4,468.6,15477714.0
2018-01-29 14:29:57.360383,468.4,468.4,468.6,15477014.0
2018-01-29 14:29:59.092317,468.4,468.4,468.6,15477014.0
2018-01-29 14:30:00.788580,468.4,468.4,468.6,15477014.0
2018-01-29 14:30:02.678535,468.4,468.4,468.6,15477714.0
2018-01-29 14:30:04.261889,468.4,468.4,468.6,15477014.0
2018-01-29 14:30:05.882672,468.4,468.4,468.6,15477714.0
2018-01-29 14:30:07.548633,468.4,468.4,468.6,15477014.0
2018-01-29 14:30:09.331073,468.4,468.4,468.6,15477014.0
2018-01-29 14:30:11.085463,468.4,468.4,468.6,15477014.0
2018-01-29 14:30:12.922969,468.4,468.4,468.6,15477714.0
2018-01-29 14:30:14.663927,468.4,468.4,468.6,15477714.0
2018-01-29 14:30:16.230193,468.4,468.4,468.6,15479114.0
2018-01-29 14:30:17.795337,468.4,468.4,468.6,15479114.0
2018-01-29 14:30:19.631966,468.4,468.4,468.6,15479114.0
2018-01-29 14:30:21.316901,468.4,468.4,468.6,15479114.0
2018-01-29 14:30:23.116401,468.4,468.4,468.6,15479114.0
2018-01-29 14:30:24.975832,468.4,468.4,468.6,15479114.0
2018-01-29 14:30:26.697155,468.4,468.4,468.6,15479114.0
2018-01-29 14:30:28.542822,468.4,468.4,468.6,15479114.0
2018-01-29 14:30:30.257141,468.4,468.4,468.6,15479114.0
2018-01-29 14:30:31.855374,468.4,468.4,468.6,15479114.0
2018-01-29 14:30:33.729424,468.4,468.4,468.6,15479114.0
2018-01-29 14:30:35.477824,468.4,468.4,468.6,15479114.0
2018-01-29 14:30:37.241759,468.4,468.4,468.6,15479114.0
2018-01-29 14:30:38.886490,468.4,468.4,468.6,15479114.0
2018-01-29 14:30:40.522507,468.4,468.4,468.6,15479114.0
2018-01-29 14:30:42.247585,468.4,468.4,468.6,15479114.0
2018-01-29 14:30:43.947570,468.4,468.4,468.6,15479114.0
2018-01-29 14:30:45.799655,468.4,468.4,468.6,15479114.0
2018-01-29 14:30:47.609180,468.4,468.4,468.6,15479114.0
2018-01-29 14:30:49.721928,468.4,468.2,468.4,15481114.0
2018-01-29 14:30:51.447384,468.4,468.2,468.4,15481114.0
2018-01-29 14:30:53.196711,468.4,468.4,468.6,15481114.0
2018-01-29 14:30:54.880304,468.4,468.4,468.6,15479114.0
2018-01-29 14:30:56.460222,468.4,468.2,468.4,15479114.0
2018-01-29 14:30:58.329375,468.4,468.2,468.4,15482514.0
2018-01-29 14:31:00.091711,468.4,468.2,468.4,15481114.0
2018-01-29 14:31:01.843588,468.4,468.2,468.4,15481114.0
2018-01-29 14:31:03.551366,468.4,468.2,468.4,15481114.0
2018-01-29 14:31:05.090479,468.4,468.2,468.4,15481114.0
2018-01-29 14:31:06.829093,468.4,468.2,468.4,15481114.0
2018-01-29 14:31:08.523686,468.4,468.2,468.4,15482514.0
2018-01-29 14:31:10.348848,468.4,468.2,468.4,15481114.0
2018-01-29 14:31:12.097680,468.4,468.2,468.4,15482514.0
2018-01-29 14:31:13.768156,468.4,468.2,468.4,15481114.0
2018-01-29 14:31:15.372637,468.4,468.2,468.4,15482514.0
2018-01-29 14:31:17.039440,468.4,468.2,468.4,15481114.0
2018-01-29 14:31:18.825475,468.2,468.0,468.4,15490614.0
2018-01-29 14:31:20.629320,468.2,468.0,468.4,15490614.0
2018-01-29 14:31:22.185016,468.2,468.0,468.4,15489814.0
2018-01-29 14:31:23.909829,468.2,468.0,468.4,15490614.0
2018-01-29 14:31:25.857065,468.2,468.0,468.4,15489814.0
2018-01-29 14:31:27.676519,468.2,468.0,468.2,15495714.0
2018-01-29 14:31:29.369904,468.2,468.0,468.2,15494114.0
2018-01-29 14:31:31.043780,468.2,468.0,468.2,15494114.0
2018-01-29 14:31:33.019773,468.4,468.2,468.4,15499714.0
2018-01-29 14:31:34.910799,468.4,468.2,468.4,15501214.0
2018-01-29 14:31:36.548061,468.4,468.2,468.4,15499714.0
2018-01-29 14:31:38.364413,468.4,468.2,468.4,15501214.0
2018-01-29 14:31:40.106674,468.4,468.2,468.4,15508014.0
2018-01-29 14:31:43.061651,468.4,468.2,468.4,15508014.0
2018-01-29 14:31:44.986955,468.4,468.2,468.4,15508014.0
2018-01-29 14:31:46.974988,468.4,468.2,468.4,15508014.0
2018-01-29 14:31:48.791355,468.4,468.2,468.4,15508014.0
2018-01-29 14:31:50.479341,468.4,468.4,468.6,15513894.0
2018-01-29 14:31:52.246416,468.4,468.4,468.6,15513894.0
2018-01-29 14:31:54.018826,468.4,468.4,468.6,15513894.0
2018-01-29 14:31:55.872879,468.4,468.4,468.6,15513894.0
2018-01-29 14:31:58.677501,468.4,468.2,468.4,15508314.0
2018-01-29 14:32:00.669127,468.4,468.4,468.6,15513894.0
2018-01-29 14:32:02.775012,468.4,468.4,468.6,15513894.0
2018-01-29 14:32:04.664499,468.4,468.4,468.6,15513894.0
2018-01-29 14:32:06.297707,468.4,468.4,468.6,15514294.0
2018-01-29 14:32:08.462591,468.4,468.4,468.6,15513894.0
2018-01-29 14:32:10.095995,468.4,468.4,468.6,15513894.0
2018-01-29 14:32:12.093222,468.4,468.4,468.6,15514294.0
2018-01-29 14:32:13.819084,468.4,468.4,468.6,15513894.0
2018-01-29 14:32:15.767778,468.4,468.4,468.6,15513894.0
2018-01-29 14:32:17.617105,468.4,468.4,468.6,15514294.0
2018-01-29 14:32:19.307530,468.6,468.4,468.6,15515594.0
2018-01-29 14:32:21.102254,468.6,468.4,468.6,15515594.0
2018-01-29 14:32:22.796085,468.6,468.4,468.6,15515594.0
2018-01-29 14:32:24.411926,468.6,468.4,468.6,15515594.0
2018-01-29 14:32:26.159410,468.6,468.4,468.6,15515594.0
2018-01-29 14:32:30.069723,468.4,468.2,468.6,15522347.0
2018-01-29 14:32:32.261816,468.4,468.4,468.6,15522347.0
2018-01-29 14:32:34.360591,468.2,468.2,468.6,15524047.0
2018-01-29 14:32:36.030608,468.2,468.2,468.6,15524047.0
2018-01-29 14:32:37.787574,468.2,468.2,468.6,15524047.0
2018-01-29 14:32:39.454546,468.2,468.2,468.6,15524047.0
2018-01-29 14:32:41.325819,468.2,468.2,468.6,15524047.0
2018-01-29 14:32:43.112240,468.4,468.2,468.6,15522347.0
2018-01-29 14:32:44.991408,468.2,468.2,468.6,15524047.0
2018-01-29 14:32:46.903726,468.2,468.2,468.6,15524047.0
2018-01-29 14:32:48.727819,468.4,468.4,468.6,15526947.0
2018-01-29 14:32:50.420911,468.4,468.4,468.6,15525047.0
2018-01-29 14:32:52.315126,468.4,468.4,468.6,15526947.0
2018-01-29 14:32:54.293739,468.4,468.4,468.6,15526947.0
2018-01-29 14:32:55.926805,468.4,468.4,468.6,15526947.0
2018-01-29 14:32:57.638143,468.4,468.4,468.6,15527547.0
2018-01-29 14:32:59.145317,468.4,468.4,468.6,15526947.0
2018-01-29 14:33:01.030160,468.4,468.4,468.6,15526947.0
2018-01-29 14:33:02.941152,468.4,468.4,468.6,15526947.0
2018-01-29 14:33:04.628296,468.4,468.4,468.6,15527547.0
2018-01-29 14:33:06.225872,468.4,468.4,468.6,15526947.0
2018-01-29 14:33:07.848664,468.4,468.4,468.6,15526947.0
2018-01-29 14:33:09.543675,468.4,468.4,468.6,15526947.0
2018-01-29 14:33:11.343043,468.4,468.4,468.6,15527547.0
2018-01-29 14:33:13.297173,468.4,468.4,468.6,15526947.0
2018-01-29 14:33:14.971031,468.4,468.4,468.6,15527547.0
2018-01-29 14:33:16.645279,468.4,468.4,468.6,15526947.0
2018-01-29 14:33:18.618788,468.4,468.4,468.6,15527547.0
2018-01-29 14:33:20.300022,468.4,468.4,468.6,15527547.0
2018-01-29 14:33:22.106279,468.4,468.4,468.6,15526947.0
2018-01-29 14:33:23.926302,468.4,468.4,468.6,15526947.0
2018-01-29 14:33:25.454430,468.4,468.4,468.6,15526947.0
2018-01-29 14:33:27.302160,468.4,468.4,468.6,15527547.0
2018-01-29 14:33:28.914027,468.4,468.4,468.6,15530387.0
2018-01-29 14:33:30.437290,468.4,468.4,468.6,15530387.0
2018-01-29 14:33:32.163630,468.6,468.4,468.6,15530587.0
2018-01-29 14:33:33.689625,468.6,468.4,468.6,15530587.0
2018-01-29 14:33:35.364302,468.4,468.4,468.6,15530387.0
2018-01-29 14:33:37.082384,468.6,468.4,468.6,15530587.0
2018-01-29 14:33:38.800952,468.6,468.4,468.6,15530587.0
2018-01-29 14:33:40.520346,468.4,468.4,468.6,15530387.0
2018-01-29 14:33:42.477501,468.6,468.4,468.6,15530587.0
2018-01-29 14:33:44.115635,468.4,468.4,468.6,15530387.0
2018-01-29 14:33:45.899183,468.6,468.4,468.6,15530587.0
2018-01-29 14:33:47.850935,468.4,468.4,468.6,15530387.0
2018-01-29 14:33:49.424032,468.6,468.4,468.6,15530587.0
2018-01-29 14:33:51.073007,468.6,468.4,468.6,15530587.0
2018-01-29 14:33:52.978298,468.4,468.4,468.6,15534387.0
2018-01-29 14:33:54.531254,468.6,468.4,468.6,15534587.0
2018-01-29 14:33:56.503553,468.4,468.4,468.6,15534387.0
2018-01-29 14:33:58.329681,468.4,468.4,468.6,15534387.0
2018-01-29 14:33:59.966828,468.6,468.4,468.6,15534587.0
2018-01-29 14:34:01.642841,468.6,468.4,468.6,15534587.0
2018-01-29 14:34:03.301884,468.4,468.4,468.6,15534387.0
2018-01-29 14:34:05.184038,468.6,468.4,468.6,15534587.0
2018-01-29 14:34:06.809776,468.6,468.4,468.6,15534587.0
2018-01-29 14:34:08.574301,468.4,468.2,468.4,15538487.0
2018-01-29 14:34:10.182583,468.4,468.2,468.4,15538487.0
2018-01-29 14:34:12.067464,468.4,468.2,468.4,15538487.0
2018-01-29 14:34:13.643121,468.4,468.2,468.4,15538487.0
2018-01-29 14:34:15.183549,468.4,468.2,468.4,15538487.0
2018-01-29 14:34:17.350848,,,,
2018-01-29 14:34:19.212705,468.2,468.2,468.4,15546987.0
2018-01-29 14:34:21.061746,468.2,468.2,468.4,15547987.0
2018-01-29 14:34:22.724071,468.4,468.2,468.4,15553387.0
2018-01-29 14:34:24.722473,468.4,468.2,468.4,15553387.0
2018-01-29 14:34:26.274190,468.4,468.2,468.4,15553387.0
2018-01-29 14:34:27.957382,468.4,468.2,468.4,15554387.0
2018-01-29 14:34:32.072608,468.4,468.2,468.4,15559287.0
2018-01-29 14:34:34.009669,468.4,468.2,468.4,15554387.0
2018-01-29 14:34:35.687633,468.4,468.2,468.4,15559287.0
2018-01-29 14:34:37.428555,468.4,468.2,468.4,15559287.0
2018-01-29 14:34:39.245599,468.4,468.2,468.6,15559287.0
2018-01-29 14:34:40.946935,468.4,468.2,468.6,15554387.0
2018-01-29 14:34:42.800775,468.4,468.2,468.6,15554387.0
2018-01-29 14:34:44.676868,468.4,468.2,468.6,15554387.0
2018-01-29 14:34:46.351956,468.4,468.2,468.6,15559287.0
2018-01-29 14:34:48.217889,468.4,468.2,468.4,15559287.0
2018-01-29 14:34:49.943167,468.4,468.2,468.4,15559287.0
2018-01-29 14:34:51.645254,468.4,468.2,468.6,15559887.0
2018-01-29 14:34:53.270555,468.4,468.2,468.6,15559287.0
2018-01-29 14:34:55.174465,468.4,468.2,468.6,15559287.0
2018-01-29 14:34:56.888522,468.4,468.2,468.4,15559287.0
2018-01-29 14:34:58.531655,468.4,468.2,468.4,15559887.0
2018-01-29 14:35:00.549107,468.4,468.2,468.4,15559287.0
2018-01-29 14:35:02.233225,468.4,468.2,468.6,15559287.0
2018-01-29 14:35:03.889027,468.4,468.2,468.4,15559887.0
2018-01-29 14:35:05.645775,468.4,468.2,468.4,15559887.0
2018-01-29 14:35:07.422482,468.4,468.2,468.4,15559887.0
2018-01-29 14:35:09.140798,468.2,468.2,468.4,15563487.0
2018-01-29 14:35:11.231586,468.2,468.2,468.4,15563487.0
2018-01-29 14:35:12.916099,468.2,468.2,468.4,15563487.0
2018-01-29 14:35:14.455244,468.2,468.2,468.4,15563487.0
2018-01-29 14:35:16.342915,468.2,468.2,468.4,15563487.0
2018-01-29 14:35:18.013539,468.2,468.2,468.4,15563487.0
2018-01-29 14:35:19.785740,468.2,468.2,468.4,15563487.0
2018-01-29 14:35:21.499916,468.2,468.2,468.4,15563487.0
2018-01-29 14:35:23.366715,468.2,468.2,468.4,15569387.0
2018-01-29 14:35:25.098844,468.2,468.2,468.4,15569387.0
2018-01-29 14:35:26.898810,468.2,468.2,468.4,15569387.0
2018-01-29 14:35:28.514878,468.4,468.2,468.4,15569787.0
2018-01-29 14:35:30.177176,468.2,468.2,468.4,15569387.0
2018-01-29 14:35:31.936709,468.2,468.2,468.4,15569387.0
2018-01-29 14:35:33.595911,468.2,468.2,468.4,15569387.0
2018-01-29 14:35:35.259459,468.0,468.0,468.2,15603687.0
2018-01-29 14:35:37.167306,468.0,468.0,468.2,15603587.0
2018-01-29 14:35:38.968394,468.2,468.0,468.2,15607987.0
2018-01-29 14:35:40.631121,468.2,468.0,468.2,15608387.0
2018-01-29 14:35:42.475152,468.2,468.0,468.2,15608387.0
2018-01-29 14:35:44.267142,468.2,468.0,468.2,15607987.0
2018-01-29 14:35:46.040780,468.2,468.0,468.2,15608387.0
2018-01-29 14:35:47.781386,468.2,468.0,468.2,15607987.0
2018-01-29 14:35:49.509298,468.2,468.0,468.2,15607987.0
2018-01-29 14:35:51.085897,468.2,468.0,468.2,15607987.0
2018-01-29 14:35:53.290393,468.2,468.0,468.2,15608387.0
2018-01-29 14:35:55.008510,468.2,468.0,468.2,15607987.0
2018-01-29 14:35:56.825237,468.2,468.0,468.2,15607987.0
2018-01-29 14:35:59.061162,468.2,468.0,468.2,15608387.0
2018-01-29 14:36:00.797561,468.2,468.0,468.2,15608387.0
2018-01-29 14:36:02.502997,468.2,468.0,468.2,15610287.0
2018-01-29 14:36:05.258704,468.2,468.0,468.2,15610287.0
2018-01-29 14:36:07.716768,468.2,468.0,468.2,15610487.0
2018-01-29 14:36:09.488147,468.2,468.0,468.2,15610487.0
2018-01-29 14:36:11.476776,468.2,468.0,468.2,15610487.0
2018-01-29 14:36:13.372286,468.2,468.0,468.2,15610287.0
2018-01-29 14:36:15.123863,468.2,468.0,468.2,15610287.0
2018-01-29 14:36:16.917299,468.2,468.0,468.2,15610487.0
2018-01-29 14:36:18.696460,468.2,468.0,468.2,15610487.0
2018-01-29 14:36:20.624370,468.2,468.0,468.2,15610287.0
2018-01-29 14:36:22.475311,468.2,468.0,468.2,15610487.0
2018-01-29 14:36:24.266085,468.2,468.0,468.2,15610287.0
2018-01-29 14:36:26.124849,468.2,468.0,468.2,15610487.0
2018-01-29 14:36:27.878905,468.2,468.0,468.2,15610487.0
2018-01-29 14:36:29.554862,468.2,468.0,468.2,15610487.0
2018-01-29 14:36:31.262571,468.2,468.0,468.2,15610487.0
2018-01-29 14:36:33.229928,468.0,468.0,468.2,15615687.0
2018-01-29 14:36:34.835226,468.0,468.0,468.2,15646887.0
2018-01-29 14:36:36.464164,468.0,468.0,468.2,15615687.0
2018-01-29 14:36:38.222844,468.0,468.0,468.2,15646887.0
2018-01-29 14:36:39.984488,468.0,468.0,468.2,15646887.0
2018-01-29 14:36:41.873537,468.0,468.0,468.2,15646887.0
2018-01-29 14:36:43.741263,468.0,468.0,468.2,15646887.0
2018-01-29 14:36:45.637325,468.0,468.0,468.4,15655187.0
2018-01-29 14:36:47.327499,468.0,468.0,468.4,15655187.0
2018-01-29 14:36:49.115913,468.0,468.0,468.4,15655187.0
2018-01-29 14:36:50.803040,468.0,468.0,468.4,15655187.0
2018-01-29 14:36:52.709136,468.0,468.0,468.4,15655187.0
2018-01-29 14:36:54.597274,468.0,468.0,468.4,15655187.0
2018-01-29 14:36:56.466931,468.0,468.0,468.4,15655187.0
2018-01-29 14:36:58.354269,468.0,468.0,468.4,15655187.0
2018-01-29 14:37:00.074386,468.0,468.0,468.4,15655187.0
2018-01-29 14:37:01.833784,468.0,468.0,468.4,15655187.0
2018-01-29 14:37:03.577088,468.0,468.0,468.4,15655187.0
2018-01-29 14:37:05.330395,468.2,468.0,468.4,15658287.0
2018-01-29 14:37:07.031649,468.2,468.0,468.4,15658787.0
2018-01-29 14:37:08.611830,468.2,468.0,468.4,15658787.0
2018-01-29 14:37:10.419808,468.2,468.0,468.4,15658787.0
2018-01-29 14:37:12.086366,468.2,468.0,468.4,15658787.0
2018-01-29 14:37:13.623645,468.2,468.0,468.4,15658287.0
2018-01-29 14:37:15.437265,468.2,468.0,468.4,15658287.0
2018-01-29 14:37:17.277588,468.0,468.0,468.4,15683987.0
2018-01-29 14:37:19.144050,468.0,468.0,468.4,15683987.0
2018-01-29 14:37:20.788082,468.0,468.2,468.4,15684487.0
2018-01-29 14:37:22.584160,468.4,468.2,468.4,15695187.0
2018-01-29 14:37:24.121954,468.2,468.2,468.4,15690187.0
2018-01-29 14:37:26.249494,468.2,468.2,468.4,15690187.0
2018-01-29 14:37:27.874194,468.2,468.0,468.4,15690187.0
2018-01-29 14:37:29.556169,468.2,468.2,468.4,15690187.0
2018-01-29 14:37:31.251683,468.4,468.0,468.4,15695187.0
2018-01-29 14:37:33.044700,468.4,468.2,468.4,15695187.0
2018-01-29 14:37:34.823656,468.4,468.0,468.4,15695187.0
2018-01-29 14:37:36.522640,468.4,468.2,468.4,15695487.0
2018-01-29 14:37:38.198312,468.4,468.0,468.4,15695487.0
2018-01-29 14:37:40.127733,468.4,468.2,468.4,15695487.0
2018-01-29 14:37:41.946787,468.4,468.2,468.4,15695487.0
2018-01-29 14:37:43.596506,468.2,468.2,468.4,15698787.0
2018-01-29 14:37:45.386813,468.4,468.2,468.4,15695487.0
2018-01-29 14:37:47.053766,468.4,468.2,468.6,15695487.0
2018-01-29 14:37:48.655375,468.2,468.2,468.6,15699587.0
2018-01-29 14:37:50.353959,468.2,468.2,468.6,15699587.0
2018-01-29 14:37:52.202497,468.2,468.2,468.6,15699587.0
2018-01-29 14:37:53.782149,468.2,468.2,468.6,15698787.0
2018-01-29 14:37:55.577094,468.2,468.2,468.6,15699587.0
2018-01-29 14:37:57.588761,468.2,468.2,468.6,15698787.0
2018-01-29 14:37:59.612367,468.2,468.2,468.6,15699587.0
2018-01-29 14:38:01.355247,468.2,468.2,468.6,15699587.0
2018-01-29 14:38:03.143269,468.2,468.2,468.6,15699587.0
2018-01-29 14:38:04.893321,468.6,468.2,468.6,15701087.0
2018-01-29 14:38:06.672524,468.6,468.4,468.6,15701087.0
2018-01-29 14:38:08.571808,468.2,468.4,468.6,15700887.0
2018-01-29 14:38:10.257931,468.6,468.4,468.6,15701087.0
2018-01-29 14:38:11.897505,468.6,468.4,468.6,15701087.0
2018-01-29 14:38:13.428459,468.6,468.4,468.6,15701087.0
2018-01-29 14:38:15.010503,468.6,468.4,468.6,15701087.0
2018-01-29 14:38:16.770375,468.4,468.2,468.6,15703387.0
2018-01-29 14:38:18.667665,468.4,468.2,468.6,15703387.0
2018-01-29 14:38:20.570746,468.2,468.2,468.6,15705387.0
2018-01-29 14:38:22.281233,468.4,468.2,468.6,15709787.0
2018-01-29 14:38:24.300606,468.4,468.2,468.6,15709787.0
2018-01-29 14:38:26.256289,468.4,468.2,468.4,15709787.0
2018-01-29 14:38:27.857083,468.2,468.2,468.4,15710687.0
2018-01-29 14:38:29.456672,468.2,468.2,468.4,15710687.0
2018-01-29 14:38:31.181861,468.2,468.2,468.4,15710687.0
2018-01-29 14:38:32.995378,468.2,468.2,468.4,15710687.0
2018-01-29 14:38:34.880090,468.2,468.2,468.4,15712787.0
2018-01-29 14:38:36.627901,468.2,468.2,468.4,15715087.0
2018-01-29 14:38:38.283647,468.2,468.2,468.4,15715087.0
2018-01-29 14:38:39.886057,468.2,468.2,468.4,15715087.0
2018-01-29 14:38:41.537068,468.2,468.2,468.4,15716587.0
2018-01-29 14:38:43.162114,468.2,468.2,468.4,15715087.0
2018-01-29 14:38:45.210053,468.2,468.2,468.4,15716587.0
2018-01-29 14:38:46.972024,468.2,468.2,468.4,15715087.0
2018-01-29 14:38:48.795371,468.2,468.2,468.4,15716587.0
2018-01-29 14:38:50.378859,468.2,468.2,468.4,15716587.0
2018-01-29 14:38:52.154582,468.2,468.2,468.4,15716587.0
2018-01-29 14:38:53.836810,468.2,468.2,468.4,15716587.0
2018-01-29 14:38:55.545790,468.2,468.2,468.4,15716587.0
2018-01-29 14:38:57.411510,468.2,468.2,468.4,15716587.0
2018-01-29 14:38:59.078057,468.2,468.2,468.4,15715087.0
2018-01-29 14:39:02.271039,468.2,468.2,468.4,15715087.0
2018-01-29 14:39:04.456985,468.2,468.2,468.4,15715087.0
2018-01-29 14:39:06.423634,468.2,468.0,468.2,15717587.0
2018-01-29 14:39:08.342970,468.2,468.0,468.2,15717587.0
2018-01-29 14:39:10.168706,468.2,468.0,468.2,15717587.0
2018-01-29 14:39:12.017447,468.2,468.2,468.4,15717587.0
2018-01-29 14:39:14.537399,468.2,468.2,468.4,15738587.0
2018-01-29 14:39:17.165092,468.2,468.2,468.4,15737887.0
2018-01-29 14:39:18.927074,468.2,468.2,468.4,15738587.0
2018-01-29 14:39:21.120107,468.2,468.2,468.4,15743887.0
2018-01-29 14:39:23.122933,468.2,468.0,468.2,15743887.0
2018-01-29 14:39:24.775250,468.2,468.0,468.2,15743787.0
2018-01-29 14:39:26.558966,468.2,468.0,468.2,15743787.0
2018-01-29 14:39:28.502841,468.2,468.0,468.2,15743787.0
2018-01-29 14:39:30.357946,468.2,468.0,468.2,15743787.0
2018-01-29 14:39:32.170577,468.2,468.0,468.2,15743887.0
2018-01-29 14:39:34.025452,468.2,468.0,468.2,15743787.0
2018-01-29 14:39:35.838488,468.2,468.0,468.2,15743787.0
2018-01-29 14:39:37.684642,468.0,468.0,468.2,15746287.0
2018-01-29 14:39:39.440014,468.0,468.0,468.2,15746487.0
2018-01-29 14:39:41.095487,468.0,468.0,468.2,15746287.0
2018-01-29 14:39:42.993060,468.0,468.0,468.2,15746287.0
2018-01-29 14:39:44.517133,468.0,468.0,468.2,15746287.0
2018-01-29 14:39:46.079460,468.0,468.0,468.2,15750087.0
2018-01-29 14:39:47.653619,468.0,468.0,468.2,15750087.0
2018-01-29 14:39:49.429544,468.0,468.0,468.2,15751087.0
2018-01-29 14:39:51.192916,468.0,468.0,468.2,15750087.0
2018-01-29 14:39:52.922285,468.0,468.0,468.2,15750087.0
2018-01-29 14:39:54.865035,468.0,468.0,468.2,15754587.0
2018-01-29 14:39:56.455841,468.2,468.0,468.2,15754687.0
2018-01-29 14:39:58.362849,468.0,468.0,468.2,15754587.0
2018-01-29 14:40:00.268931,468.0,468.0,468.2,15754587.0
2018-01-29 14:40:02.002925,468.0,468.0,468.2,15754587.0
2018-01-29 14:40:03.744063,468.0,468.0,468.2,15754587.0
2018-01-29 14:40:05.638404,468.0,468.0,468.2,15754587.0
2018-01-29 14:40:07.711821,468.2,468.0,468.2,15754687.0
2018-01-29 14:40:10.060886,468.0,468.0,468.2,15754587.0
2018-01-29 14:40:12.009706,468.0,468.0,468.2,15754587.0
2018-01-29 14:40:13.817655,468.2,468.0,468.2,15754687.0
2018-01-29 14:40:16.596425,468.2,468.0,468.2,15765387.0
2018-01-29 14:40:19.629578,468.2,468.0,468.2,15765387.0
2018-01-29 14:40:22.899655,468.2,468.0,468.2,15765387.0
2018-01-29 14:40:24.842868,468.2,468.0,468.2,15765387.0
2018-01-29 14:40:26.886776,468.2,468.0,468.2,15765687.0
2018-01-29 14:40:28.902632,468.2,468.0,468.2,15765687.0
2018-01-29 14:40:30.759443,468.2,468.0,468.2,15765687.0
2018-01-29 14:40:32.572461,468.2,468.0,468.2,15765687.0
2018-01-29 14:40:34.400144,468.2,468.0,468.2,15765687.0
2018-01-29 14:40:36.321262,468.2,468.0,468.2,15765387.0
2018-01-29 14:40:38.066949,468.2,468.0,468.2,15765387.0
2018-01-29 14:40:39.719792,468.0,468.0,468.2,15772787.0
2018-01-29 14:40:41.726910,468.0,468.0,468.2,15772687.0
2018-01-29 14:40:43.339061,468.0,468.0,468.2,15772687.0
2018-01-29 14:40:45.277083,468.0,468.0,468.2,15772687.0
2018-01-29 14:40:47.075046,468.0,468.0,468.2,15772687.0
2018-01-29 14:40:48.951590,468.0,468.0,468.2,15772687.0
2018-01-29 14:40:50.780661,468.0,468.0,468.2,15772787.0
2018-01-29 14:40:52.436874,468.0,468.0,468.2,15772687.0
2018-01-29 14:40:54.345914,468.0,468.0,468.2,15772687.0
2018-01-29 14:40:56.003913,468.0,468.0,468.2,15772787.0
2018-01-29 14:40:57.732150,468.0,468.0,468.2,15772687.0
2018-01-29 14:40:59.269386,468.0,468.0,468.2,15772687.0
2018-01-29 14:41:00.906726,468.0,468.0,468.2,15774787.0
2018-01-29 14:41:02.609460,468.0,468.0,468.2,15774787.0
2018-01-29 14:41:04.442815,468.0,468.0,468.2,15774787.0
2018-01-29 14:41:06.423082,468.0,468.0,468.2,15774787.0
2018-01-29 14:41:08.339314,468.0,468.0,468.2,15774787.0
2018-01-29 14:41:09.906732,468.0,468.0,468.2,15776887.0
2018-01-29 14:41:11.615383,468.0,468.0,468.2,15776887.0
2018-01-29 14:41:13.395584,468.0,468.0,468.2,15776887.0
2018-01-29 14:41:15.239304,468.0,468.0,468.2,15776887.0
2018-01-29 14:41:16.879669,468.0,467.8,468.2,15783787.0
2018-01-29 14:41:18.574424,468.0,467.8,468.2,15783787.0
2018-01-29 14:41:20.166864,468.0,467.8,468.2,15783787.0
2018-01-29 14:41:22.052007,468.0,467.8,468.2,15783787.0
2018-01-29 14:41:23.781271,468.0,468.0,468.2,15788387.0
2018-01-29 14:41:25.479434,467.8,467.8,468.2,15806887.0
2018-01-29 14:41:27.081105,467.8,467.8,468.2,15806887.0
2018-01-29 14:41:28.672428,467.8,467.8,468.2,15806887.0
2018-01-29 14:41:30.367388,467.8,467.8,468.2,15806887.0
2018-01-29 14:41:31.977346,467.8,467.8,468.2,15806887.0
2018-01-29 14:41:34.023963,467.8,467.8,468.2,15806887.0
2018-01-29 14:41:35.720134,467.8,467.6,467.8,15809787.0
2018-01-29 14:41:37.493363,467.6,467.6,467.8,15809687.0
2018-01-29 14:41:39.130299,467.6,467.6,467.8,15809687.0
2018-01-29 14:41:40.802562,467.6,467.6,467.8,15809687.0
2018-01-29 14:41:42.491796,467.8,467.6,467.8,15809787.0
2018-01-29 14:41:44.401954,467.8,467.6,467.8,15809787.0
2018-01-29 14:41:46.139068,467.6,467.6,467.8,15809687.0
2018-01-29 14:41:47.778596,467.6,467.6,467.8,15809687.0
2018-01-29 14:41:49.493028,467.6,467.6,467.8,15809687.0
2018-01-29 14:41:51.258769,467.8,467.6,467.8,15811787.0
2018-01-29 14:41:52.996615,467.8,467.6,467.8,15815087.0
2018-01-29 14:41:54.820318,467.8,467.6,467.8,15815487.0
2018-01-29 14:41:56.638563,467.8,467.6,467.8,15815487.0
2018-01-29 14:41:58.339428,467.8,467.6,467.8,15815487.0
2018-01-29 14:41:59.903663,467.8,467.6,467.8,15815487.0
2018-01-29 14:42:01.800818,467.8,467.6,467.8,15815087.0
2018-01-29 14:42:03.482818,467.8,467.6,467.8,15815087.0
2018-01-29 14:42:05.121353,467.8,467.6,467.8,15815087.0
2018-01-29 14:42:06.816262,467.8,467.6,467.8,15815087.0
2018-01-29 14:42:08.817107,467.8,467.6,467.8,15815087.0
2018-01-29 14:42:10.456818,467.8,467.6,467.8,15817687.0
2018-01-29 14:42:12.347237,467.8,467.6,467.8,15817687.0
2018-01-29 14:42:14.234948,467.8,467.6,467.8,15817687.0
2018-01-29 14:42:16.095349,467.8,467.6,467.8,15817687.0
2018-01-29 14:42:17.652280,467.8,467.6,467.8,15817687.0
2018-01-29 14:42:19.434763,467.8,467.6,468.0,15817687.0
2018-01-29 14:42:21.442521,467.8,467.6,468.0,15820587.0
2018-01-29 14:42:22.922882,467.8,467.6,468.0,15820587.0
2018-01-29 14:42:24.568479,467.8,467.6,468.0,15820587.0
2018-01-29 14:42:26.198463,467.8,467.6,468.0,15820587.0
2018-01-29 14:42:27.899904,467.8,467.6,468.0,15820587.0
2018-01-29 14:42:29.569537,467.8,467.6,468.0,15820587.0
2018-01-29 14:42:31.276809,467.8,467.6,468.0,15820587.0
2018-01-29 14:42:33.133764,467.6,467.6,468.0,15831587.0
2018-01-29 14:42:34.748217,467.6,467.6,468.0,15831587.0
2018-01-29 14:42:36.277529,467.6,467.6,468.0,15831587.0
2018-01-29 14:42:37.835503,467.6,467.6,468.0,15829287.0
2018-01-29 14:42:39.604387,467.6,467.6,468.0,15829287.0
2018-01-29 14:42:41.340619,467.6,467.6,468.0,15831587.0
2018-01-29 14:42:43.277124,467.6,467.6,468.0,15831587.0
2018-01-29 14:42:45.154532,467.6,467.6,468.0,15831587.0
2018-01-29 14:42:47.112073,467.6,467.6,468.0,15831587.0
2018-01-29 14:42:48.751905,467.6,467.6,468.0,15831587.0
2018-01-29 14:42:50.383399,467.4,467.2,467.4,15839787.0
2018-01-29 14:42:52.068328,467.4,467.2,467.4,15839787.0
2018-01-29 14:42:53.692599,467.4,467.2,467.4,15839787.0
2018-01-29 14:42:55.350360,467.4,467.2,467.4,15839787.0
2018-01-29 14:42:56.990217,467.4,467.2,467.4,15840087.0
2018-01-29 14:42:58.831681,467.4,467.2,467.4,15839787.0
2018-01-29 14:43:00.617752,467.4,467.2,467.4,15839787.0
2018-01-29 14:43:02.290771,467.4,467.2,467.4,15840087.0
2018-01-29 14:43:04.240362,467.4,467.2,467.4,15840087.0
2018-01-29 14:43:06.145123,467.4,467.2,467.4,15839787.0
2018-01-29 14:43:07.935786,467.4,467.2,467.4,15839787.0
2018-01-29 14:43:09.625730,467.4,467.2,467.4,15839787.0
2018-01-29 14:43:11.243934,467.4,467.2,467.6,15857187.0
2018-01-29 14:43:12.811769,467.4,467.2,467.6,15857187.0
2018-01-29 14:43:14.654758,467.8,467.4,468.0,15865787.0
2018-01-29 14:43:16.303159,467.8,467.4,468.0,15865787.0
2018-01-29 14:43:17.930563,467.8,467.4,468.0,15865787.0
2018-01-29 14:43:19.698185,467.8,467.4,468.0,15865787.0
2018-01-29 14:43:21.342510,467.8,467.4,468.0,15865787.0
2018-01-29 14:43:23.315105,467.8,467.4,468.0,15865787.0
2018-01-29 14:43:25.165434,467.8,467.4,468.0,15865787.0
2018-01-29 14:43:26.767097,467.8,467.4,468.0,15865787.0
2018-01-29 14:43:28.526201,467.8,467.4,468.0,15865787.0
2018-01-29 14:43:30.543966,467.8,467.4,468.0,15865787.0
2018-01-29 14:43:32.236197,467.8,467.4,468.0,15865787.0
2018-01-29 14:43:34.003496,467.8,467.4,468.0,15865787.0
2018-01-29 14:43:35.558705,467.4,467.4,467.8,15879087.0
2018-01-29 14:43:37.121308,467.4,467.2,467.8,15879087.0
2018-01-29 14:43:38.637000,467.4,467.2,467.8,15879087.0
2018-01-29 14:43:40.162691,467.4,467.2,467.8,15879087.0
2018-01-29 14:43:41.926072,467.2,467.2,467.8,15879587.0
2018-01-29 14:43:43.416697,467.2,467.2,467.8,15879587.0
2018-01-29 14:43:45.109378,467.4,467.2,467.8,15879087.0
2018-01-29 14:43:46.818920,467.4,467.2,467.8,15879087.0
2018-01-29 14:43:48.300547,467.4,467.2,467.8,15882987.0
2018-01-29 14:43:49.849605,467.4,467.4,467.8,15882987.0
2018-01-29 14:43:51.599168,467.4,467.4,467.8,15882987.0
2018-01-29 14:43:53.253083,467.4,467.4,467.8,15882987.0
2018-01-29 14:43:54.701147,467.6,467.4,467.8,15883187.0
2018-01-29 14:43:56.528607,467.4,467.4,467.8,15882987.0
2018-01-29 14:43:57.950129,467.6,467.4,467.8,15883187.0
2018-01-29 14:43:59.675128,467.4,467.4,467.8,15882987.0
2018-01-29 14:44:01.252348,467.6,467.4,467.8,15883187.0
2018-01-29 14:44:02.878799,467.4,467.4,467.8,15884157.0
2018-01-29 14:44:04.455768,467.6,467.4,467.8,15883187.0
2018-01-29 14:44:06.300829,467.4,467.4,467.8,15884157.0
2018-01-29 14:44:08.071259,467.4,467.4,467.8,15884157.0
2018-01-29 14:44:09.670644,467.8,467.6,467.8,15900257.0
2018-01-29 14:44:11.214703,467.8,467.6,467.8,15900557.0
2018-01-29 14:44:12.717052,467.8,467.6,467.8,15900557.0
2018-01-29 14:44:14.409430,467.8,467.6,467.8,15900557.0
2018-01-29 14:44:15.908585,467.8,467.6,467.8,15900257.0
2018-01-29 14:44:17.458239,467.8,467.6,467.8,15900557.0
2018-01-29 14:44:19.155355,467.8,467.6,467.8,15900257.0
2018-01-29 14:44:20.669918,467.8,467.6,467.8,15900557.0
2018-01-29 14:44:22.173177,467.8,467.6,467.8,15900557.0
2018-01-29 14:44:23.746069,467.8,467.6,467.8,15900557.0
2018-01-29 14:44:25.277593,468.0,467.8,468.2,15910957.0
2018-01-29 14:44:26.965300,468.0,467.8,468.2,15910957.0
2018-01-29 14:44:28.635169,468.0,467.8,468.2,15910957.0
2018-01-29 14:44:30.420406,468.0,467.8,468.2,15910957.0
2018-01-29 14:44:31.988089,468.0,467.8,468.2,15910957.0
2018-01-29 14:44:33.677048,468.0,467.8,468.2,15910957.0
2018-01-29 14:44:35.093429,468.0,467.8,468.2,15910957.0
2018-01-29 14:44:36.789489,468.0,467.8,468.2,15910957.0
2018-01-29 14:44:38.369188,468.0,467.8,468.2,15910957.0
2018-01-29 14:44:40.043464,468.0,467.8,468.2,15910957.0
2018-01-29 14:44:41.637841,468.0,467.8,468.2,15910957.0
2018-01-29 14:44:43.264085,468.0,467.8,468.2,15910957.0
2018-01-29 14:44:45.006151,468.0,467.8,468.2,15919057.0
2018-01-29 14:44:46.716528,468.0,467.8,468.2,15919057.0
2018-01-29 14:44:48.767669,468.0,467.8,468.2,15919057.0
2018-01-29 14:44:50.289836,468.0,467.8,468.2,15919057.0
2018-01-29 14:44:51.953399,468.0,467.8,468.2,15919057.0
2018-01-29 14:44:53.445035,468.0,467.8,468.2,15919057.0
2018-01-29 14:44:55.196282,468.0,467.8,468.2,15919057.0
2018-01-29 14:44:56.849219,468.0,467.8,468.2,15919057.0
2018-01-29 14:44:58.297751,468.0,467.8,468.2,15919057.0
2018-01-29 14:44:59.858277,468.0,467.8,468.2,15919057.0
2018-01-29 14:45:01.459158,468.0,467.8,468.2,15919057.0
2018-01-29 14:45:03.129297,468.0,467.8,468.2,15919057.0
2018-01-29 14:45:04.738654,468.0,467.8,468.2,15919057.0
2018-01-29 14:45:06.452822,468.0,467.8,468.2,15919057.0
2018-01-29 14:45:08.124646,468.0,467.8,468.2,15919057.0
2018-01-29 14:45:09.848897,468.0,467.8,468.2,15919057.0
2018-01-29 14:45:11.440395,468.0,467.8,468.2,15919057.0
2018-01-29 14:45:13.133765,468.0,467.8,468.2,15919057.0
2018-01-29 14:45:14.709010,468.0,467.8,468.2,15919057.0
2018-01-29 14:45:16.398161,468.0,467.8,468.2,15919057.0
2018-01-29 14:45:18.792249,468.0,467.8,468.2,15919057.0
2018-01-29 14:45:20.538916,468.0,467.8,468.2,15919057.0
2018-01-29 14:45:22.269260,468.0,467.8,468.0,15926557.0
2018-01-29 14:45:23.930551,468.0,467.8,468.0,15926557.0
2018-01-29 14:45:25.689080,468.0,467.8,468.0,15926557.0
2018-01-29 14:45:27.227202,468.0,467.8,468.0,15926557.0
2018-01-29 14:45:28.820917,468.0,467.8,468.0,15926557.0
2018-01-29 14:45:30.397420,468.0,467.8,468.0,15927357.0
2018-01-29 14:45:31.962613,468.0,467.8,468.0,15926557.0
2018-01-29 14:45:33.620461,468.0,467.8,468.0,15927357.0
2018-01-29 14:45:35.269458,468.0,467.8,468.0,15926557.0
2018-01-29 14:45:36.783984,468.0,467.8,468.0,15932157.0
2018-01-29 14:45:38.298698,468.0,467.8,468.0,15927357.0
2018-01-29 14:45:39.980884,468.0,467.8,468.0,15932157.0
2018-01-29 14:45:41.648748,468.0,467.8,468.0,15927357.0
