time,price,bid,ask,volume
2018-01-30 10:23:37.671309,467.6,467.0,467.4,5665590.0
2018-01-30 10:23:39.416223,467.6,467.4,467.6,5665790.0
2018-01-30 10:23:40.546965,467.6,467.4,467.6,5665590.0
2018-01-30 10:23:41.895751,467.6,467.4,467.6,5665790.0
2018-01-30 10:23:43.294283,467.6,467.4,467.6,5665790.0
2018-01-30 10:23:44.917802,467.6,467.4,467.6,5665790.0
2018-01-30 10:23:46.867245,467.6,467.0,467.6,5665790.0
2018-01-30 10:23:47.899626,467.6,467.4,467.6,5665790.0
2018-01-30 10:23:49.204588,467.8,467.6,467.8,5674590.0
2018-01-30 10:23:50.355575,467.8,467.6,467.8,5674590.0
2018-01-30 10:23:51.631901,467.8,467.6,467.8,5674590.0
2018-01-30 10:23:53.090149,467.8,467.6,467.8,5674590.0
2018-01-30 10:23:54.575756,467.8,467.6,467.8,5680090.0
2018-01-30 10:23:56.371428,467.8,467.6,467.8,5679590.0
2018-01-30 10:23:57.805247,467.8,467.6,467.8,5679590.0
2018-01-30 10:23:59.282134,467.8,467.6,467.8,5680090.0
2018-01-30 10:24:00.517367,468.0,467.6,468.0,5686890.0
2018-01-30 10:24:02.139827,468.0,467.6,468.0,5682690.0
2018-01-30 10:24:03.867102,468.0,467.6,468.0,5686890.0
2018-01-30 10:24:05.161989,468.0,467.6,468.0,5682690.0
2018-01-30 10:24:06.334144,468.0,467.6,468.0,5682690.0
2018-01-30 10:24:07.514394,468.0,467.6,468.0,5682690.0
2018-01-30 10:24:08.718311,468.0,467.6,468.0,5682690.0
2018-01-30 10:24:09.593400,468.0,467.6,468.0,5686890.0
2018-01-30 10:24:11.181585,468.0,467.6,468.0,5686890.0
2018-01-30 10:24:13.001895,468.0,467.6,468.0,5682690.0
2018-01-30 10:24:14.616193,467.8,467.8,468.0,5691490.0
2018-01-30 10:24:15.823505,467.8,467.8,468.0,5691490.0
2018-01-30 10:24:17.354211,467.8,467.8,468.0,5691490.0
2018-01-30 10:24:18.623233,467.8,467.8,468.0,5691890.0
2018-01-30 10:24:20.565929,467.6,467.6,468.0,5693890.0
2018-01-30 10:24:22.337356,467.8,467.6,467.8,5694890.0
2018-01-30 10:24:23.844428,467.8,467.6,468.0,5694890.0
2018-01-30 10:24:25.142269,467.8,467.6,467.8,5694390.0
2018-01-30 10:24:27.001873,467.8,467.6,468.0,5694890.0
2018-01-30 10:24:28.840998,467.8,467.6,467.8,5694890.0
2018-01-30 10:24:30.086274,468.0,467.6,468.0,5698090.0
2018-01-30 10:24:31.680426,467.8,467.8,468.0,5699390.0
2018-01-30 10:24:33.082510,468.0,467.8,468.0,5698090.0
2018-01-30 10:24:34.676813,467.8,467.6,468.0,5699390.0
2018-01-30 10:24:35.852362,467.8,467.6,468.0,5699390.0
2018-01-30 10:24:37.424826,467.8,467.8,468.0,5699390.0
2018-01-30 10:24:39.595609,467.8,467.8,468.0,5699390.0
2018-01-30 10:24:40.874651,467.8,467.8,468.0,5699390.0
2018-01-30 10:24:42.295705,467.8,467.8,468.0,5699390.0
2018-01-30 10:24:43.530543,467.8,467.8,468.0,5699390.0
2018-01-30 10:24:45.067197,468.0,467.8,468.0,5700290.0
2018-01-30 10:24:46.290846,468.0,467.8,468.0,5700290.0
2018-01-30 10:24:47.496105,467.8,467.8,468.0,5701090.0
2018-01-30 10:24:48.950477,468.0,467.8,468.0,5700290.0
2018-01-30 10:24:50.775306,467.8,467.8,468.0,5701090.0
2018-01-30 10:24:52.583163,467.8,467.8,468.0,5701090.0
2018-01-30 10:24:53.727223,468.2,468.0,468.2,5743490.0
2018-01-30 10:24:55.199086,468.2,468.0,468.2,5743490.0
2018-01-30 10:24:56.445040,468.2,468.0,468.2,5745590.0
2018-01-30 10:24:58.452006,468.2,468.0,468.2,5743490.0
2018-01-30 10:25:00.319346,468.2,468.0,468.2,5743490.0
2018-01-30 10:25:01.751457,468.6,468.2,468.6,5751690.0
2018-01-30 10:25:03.183395,468.6,468.2,468.6,5751690.0
2018-01-30 10:25:04.886217,468.6,468.2,468.6,5751690.0
2018-01-30 10:25:06.370928,468.6,468.2,468.6,5751690.0
2018-01-30 10:25:07.469042,468.6,468.2,468.6,5751690.0
2018-01-30 10:25:08.852344,468.6,468.2,468.6,5751690.0
2018-01-30 10:25:10.540890,468.6,468.2,468.6,5751690.0
2018-01-30 10:25:12.592961,468.6,468.2,468.8,5755490.0
2018-01-30 10:25:13.941543,468.6,468.2,468.8,5755490.0
2018-01-30 10:25:15.931382,468.4,468.2,468.8,5756398.0
2018-01-30 10:25:17.308488,468.6,468.2,468.8,5755490.0
2018-01-30 10:25:18.839133,468.4,468.2,468.8,5756398.0
2018-01-30 10:25:20.055881,468.6,468.4,468.6,5755490.0
2018-01-30 10:25:21.712253,468.6,468.4,468.6,5755490.0
2018-01-30 10:25:23.355351,468.6,468.2,468.8,5755490.0
2018-01-30 10:25:25.198396,468.4,468.4,468.6,5756398.0
2018-01-30 10:25:26.683338,468.6,468.4,468.6,5755490.0
2018-01-30 10:25:28.271859,468.4,468.4,468.6,5756398.0
2018-01-30 10:25:29.909426,468.2,468.4,468.6,5759498.0
2018-01-30 10:25:31.345234,468.4,468.2,468.6,5756398.0
2018-01-30 10:25:32.368515,468.2,468.2,468.6,5759498.0
2018-01-30 10:25:33.627402,468.4,468.4,468.6,5756398.0
2018-01-30 10:25:35.090712,468.4,468.4,468.6,5756398.0
2018-01-30 10:25:36.236346,468.2,468.0,468.2,5760598.0
2018-01-30 10:25:37.854081,468.2,468.0,468.2,5762098.0
2018-01-30 10:25:39.611337,468.2,468.0,468.2,5762098.0
2018-01-30 10:25:41.120137,468.2,468.0,468.2,5762198.0
2018-01-30 10:25:42.566352,468.2,468.0,468.2,5762098.0
2018-01-30 10:25:44.183998,468.2,468.0,468.2,5762098.0
2018-01-30 10:25:45.560805,468.2,468.0,468.2,5762098.0
2018-01-30 10:25:47.484232,468.2,468.0,468.2,5765998.0
2018-01-30 10:25:49.206705,468.2,468.0,468.2,5767398.0
2018-01-30 10:25:50.697432,468.2,468.0,468.2,5770998.0
2018-01-30 10:25:52.585694,468.2,468.0,468.2,5770998.0
2018-01-30 10:25:54.090695,468.2,468.0,468.2,5770998.0
2018-01-30 10:25:55.263396,468.2,468.0,468.2,5770998.0
2018-01-30 10:25:56.904617,468.2,468.0,468.2,5770998.0
2018-01-30 10:25:58.398759,468.2,468.0,468.2,5770998.0
2018-01-30 10:25:59.831752,468.2,468.0,468.2,5773098.0
2018-01-30 10:26:00.915920,468.2,468.0,468.2,5773098.0
2018-01-30 10:26:02.169703,468.2,468.0,468.2,5773298.0
2018-01-30 10:26:03.998067,468.2,468.0,468.2,5773298.0
2018-01-30 10:26:05.495949,468.2,468.0,468.2,5773098.0
2018-01-30 10:26:07.005680,468.2,468.0,468.2,5773298.0
2018-01-30 10:26:08.781433,468.2,468.0,468.2,5773098.0
2018-01-30 10:26:09.895282,468.2,468.0,468.2,5773298.0
2018-01-30 10:26:11.083225,468.2,468.0,468.2,5773298.0
2018-01-30 10:26:12.459285,468.2,468.0,468.2,5773098.0
2018-01-30 10:26:13.779370,468.2,468.0,468.2,5773298.0
2018-01-30 10:26:15.284379,468.2,468.0,468.2,5779098.0
2018-01-30 10:26:16.294385,468.0,468.0,468.2,5785598.0
2018-01-30 10:26:18.196910,468.0,468.0,468.2,5785698.0
2018-01-30 10:26:19.752014,468.0,468.0,468.2,5785598.0
2018-01-30 10:26:21.117676,468.2,467.8,468.2,5791698.0
2018-01-30 10:26:22.644253,468.2,467.8,468.2,5791698.0
2018-01-30 10:26:24.660764,468.2,467.8,468.2,5791698.0
2018-01-30 10:26:25.894908,468.2,467.8,468.2,5791698.0
2018-01-30 10:26:27.084677,467.6,467.6,467.8,5811798.0
2018-01-30 10:26:28.369914,467.6,467.8,468.0,5811798.0
2018-01-30 10:26:29.489424,467.6,467.6,467.8,5811798.0
2018-01-30 10:26:31.532391,467.6,467.4,467.6,5812598.0
2018-01-30 10:26:32.884443,467.6,467.2,467.6,5812598.0
2018-01-30 10:26:34.168372,467.6,467.2,467.6,5813587.0
2018-01-30 10:26:35.321023,467.6,467.4,467.6,5813587.0
2018-01-30 10:26:36.638617,467.6,467.4,467.6,5812598.0
2018-01-30 10:26:38.593502,467.6,467.2,467.6,5813587.0
2018-01-30 10:26:39.983697,467.6,467.4,467.6,5821787.0
2018-01-30 10:26:41.183433,467.6,467.6,467.8,5823187.0
2018-01-30 10:26:43.059141,467.6,467.4,467.8,5821787.0
2018-01-30 10:26:44.225634,467.6,467.4,467.8,5821787.0
2018-01-30 10:26:45.458362,467.6,467.6,467.8,5823187.0
2018-01-30 10:26:47.005262,467.6,467.4,467.8,5826687.0
2018-01-30 10:26:48.383116,467.6,467.6,467.8,5826687.0
2018-01-30 10:26:49.683948,467.8,467.6,467.8,5826787.0
2018-01-30 10:26:51.137605,467.8,467.6,467.8,5826787.0
2018-01-30 10:26:52.374914,467.6,467.6,467.8,5826687.0
2018-01-30 10:26:54.272510,467.6,467.6,467.8,5826687.0
2018-01-30 10:26:55.603137,467.6,467.6,467.8,5826687.0
2018-01-30 10:26:57.047254,467.6,467.6,467.8,5826687.0
2018-01-30 10:26:58.751838,467.8,467.6,467.8,5826787.0
2018-01-30 10:27:00.129961,467.8,467.6,467.8,5826787.0
2018-01-30 10:27:01.433351,467.6,467.6,467.8,5830887.0
2018-01-30 10:27:02.496808,467.8,467.6,467.8,5832787.0
2018-01-30 10:27:03.535100,467.6,467.6,467.8,5830887.0
2018-01-30 10:27:05.127699,467.6,467.6,467.8,5830887.0
2018-01-30 10:27:06.123599,467.6,467.6,467.8,5830887.0
2018-01-30 10:27:07.585943,467.8,467.6,467.8,5832787.0
2018-01-30 10:27:08.966750,467.8,467.6,467.8,5832787.0
2018-01-30 10:27:10.279609,467.8,467.6,467.8,5832787.0
2018-01-30 10:27:12.020775,467.8,467.6,467.8,5840387.0
2018-01-30 10:27:13.729911,467.8,467.6,467.8,5840487.0
2018-01-30 10:27:15.666718,467.8,467.6,467.8,5840487.0
2018-01-30 10:27:16.754313,467.8,467.6,467.8,5840387.0
2018-01-30 10:27:18.863674,467.8,467.6,467.8,5840487.0
2018-01-30 10:27:20.506131,467.8,467.6,467.8,5840387.0
2018-01-30 10:27:22.531957,467.8,467.6,467.8,5840387.0
2018-01-30 10:27:23.808499,467.6,467.4,467.6,5851087.0
2018-01-30 10:27:24.989978,467.6,467.4,467.6,5851087.0
2018-01-30 10:27:26.719154,467.6,467.4,467.6,5851087.0
2018-01-30 10:27:28.184963,467.6,467.4,467.6,5851087.0
2018-01-30 10:27:30.227958,467.6,467.4,467.6,5856487.0
2018-01-30 10:27:31.689233,467.6,467.4,467.6,5856487.0
2018-01-30 10:27:33.258868,467.6,467.4,467.6,5856487.0
2018-01-30 10:27:34.545662,467.6,467.4,467.6,5856487.0
2018-01-30 10:27:36.463775,467.6,467.4,467.6,5856487.0
2018-01-30 10:27:37.710016,467.6,467.4,467.6,5856487.0
2018-01-30 10:27:39.367837,467.6,467.4,467.6,5856487.0
2018-01-30 10:27:40.667968,467.6,467.4,467.6,5856487.0
2018-01-30 10:27:41.896638,467.6,467.4,467.6,5856487.0
2018-01-30 10:27:43.225115,467.6,467.4,467.6,5856487.0
2018-01-30 10:27:44.460698,467.6,467.6,467.8,5856487.0
2018-01-30 10:27:45.926633,467.8,467.4,467.6,5861587.0
2018-01-30 10:27:47.605750,467.6,467.6,467.8,5856487.0
2018-01-30 10:27:48.801716,467.8,467.4,467.6,5861587.0
2018-01-30 10:27:50.033810,467.6,467.4,467.6,5856487.0
2018-01-30 10:27:51.397452,467.8,467.6,467.8,5862087.0
2018-01-30 10:27:52.995272,467.8,467.6,467.8,5861587.0
2018-01-30 10:27:54.788036,467.8,467.6,467.8,5862087.0
2018-01-30 10:27:56.014652,467.8,467.6,467.8,5861587.0
2018-01-30 10:27:57.282410,467.8,467.6,467.8,5861587.0
2018-01-30 10:27:58.483596,467.8,467.8,468.0,5888387.0
2018-01-30 10:28:00.037112,467.8,467.8,468.0,5888387.0
2018-01-30 10:28:01.504045,467.8,467.8,468.0,5888387.0
2018-01-30 10:28:03.118691,467.8,467.8,468.0,5888387.0
2018-01-30 10:28:04.329331,467.8,467.8,468.0,5888387.0
2018-01-30 10:28:06.334678,467.8,467.8,468.0,5888387.0
2018-01-30 10:28:07.787328,467.8,467.8,468.0,5888387.0
2018-01-30 10:28:08.871718,468.0,468.0,468.2,5897687.0
2018-01-30 10:28:10.163439,468.0,468.0,468.2,5897687.0
2018-01-30 10:28:11.873480,468.0,468.0,468.2,5897687.0
2018-01-30 10:28:13.844687,468.0,467.8,468.2,5900687.0
2018-01-30 10:28:15.680638,468.0,467.8,468.2,5900687.0
2018-01-30 10:28:17.124692,468.0,467.8,468.2,5900687.0
2018-01-30 10:28:18.643569,468.0,467.8,468.2,5900687.0
2018-01-30 10:28:19.988189,468.0,467.8,468.2,5900687.0
2018-01-30 10:28:21.802129,468.0,467.8,468.2,5900687.0
2018-01-30 10:28:23.438787,468.0,467.8,468.2,5900687.0
2018-01-30 10:28:24.913234,468.0,467.8,468.2,5900687.0
2018-01-30 10:28:26.150003,468.0,467.8,468.2,5900687.0
2018-01-30 10:28:27.548051,468.0,467.8,468.2,5900687.0
2018-01-30 10:28:28.758269,468.0,467.8,468.2,5900687.0
2018-01-30 10:28:30.493632,468.0,467.8,468.0,5900687.0
2018-01-30 10:28:31.808638,468.0,467.8,468.2,5900687.0
2018-01-30 10:28:33.285119,468.0,467.8,468.2,5900687.0
2018-01-30 10:28:34.561439,468.0,467.8,468.0,5903387.0
2018-01-30 10:28:36.084923,468.0,467.8,468.0,5903387.0
2018-01-30 10:28:37.075567,468.0,467.8,468.0,5912187.0
2018-01-30 10:28:38.342282,468.0,467.8,468.0,5912187.0
2018-01-30 10:28:39.574758,468.0,467.8,468.0,5912187.0
2018-01-30 10:28:40.877933,468.0,467.8,468.0,5912187.0
2018-01-30 10:28:42.047066,468.0,467.8,468.0,5912187.0
2018-01-30 10:28:43.555031,468.0,467.8,468.0,5912887.0
2018-01-30 10:28:44.736657,468.0,467.8,468.0,5912187.0
2018-01-30 10:28:45.886186,468.0,467.8,468.0,5912187.0
2018-01-30 10:28:47.472995,468.0,467.8,468.0,5912187.0
2018-01-30 10:28:48.806936,468.0,467.8,468.0,5912187.0
2018-01-30 10:28:49.795557,468.0,467.8,468.0,5912187.0
2018-01-30 10:28:50.951622,468.0,467.8,468.0,5912187.0
2018-01-30 10:28:52.281406,468.0,468.0,468.2,5912187.0
2018-01-30 10:28:53.815078,468.0,468.0,468.2,5914287.0
2018-01-30 10:28:55.225740,468.0,468.0,468.2,5915287.0
2018-01-30 10:28:56.396129,468.0,468.0,468.2,5915287.0
2018-01-30 10:28:57.707620,468.0,468.0,468.2,5915287.0
2018-01-30 10:28:58.777331,468.0,468.0,468.2,5915287.0
2018-01-30 10:28:59.974592,468.0,468.0,468.2,5915287.0
2018-01-30 10:29:01.602302,468.0,468.0,468.2,5915287.0
2018-01-30 10:29:02.761685,468.0,468.0,468.2,5917787.0
2018-01-30 10:29:04.039229,468.2,468.0,468.2,5916887.0
2018-01-30 10:29:05.737844,468.2,468.0,468.2,5919887.0
2018-01-30 10:29:07.582003,468.0,468.0,468.2,5917787.0
2018-01-30 10:29:08.973821,468.0,468.0,468.2,5917787.0
2018-01-30 10:29:10.184196,468.0,468.0,468.2,5917787.0
2018-01-30 10:29:12.057819,468.0,468.0,468.2,5917787.0
2018-01-30 10:29:13.829017,468.2,468.0,468.2,5921228.0
2018-01-30 10:29:15.575638,468.2,468.0,468.2,5921228.0
2018-01-30 10:29:17.015058,468.2,468.0,468.2,5921228.0
2018-01-30 10:29:18.447240,468.2,468.0,468.2,5921328.0
2018-01-30 10:29:19.669046,468.2,468.0,468.2,5921328.0
2018-01-30 10:29:21.353559,468.2,468.0,468.2,5921228.0
2018-01-30 10:29:22.430485,468.2,468.0,468.2,5921328.0
2018-01-30 10:29:23.697580,468.2,468.0,468.2,5922828.0
2018-01-30 10:29:25.002428,468.2,468.0,468.2,5922828.0
2018-01-30 10:29:26.355093,468.2,468.0,468.2,5922828.0
2018-01-30 10:29:28.207584,468.2,468.0,468.2,5922828.0
2018-01-30 10:29:29.996611,468.2,468.0,468.2,5922828.0
2018-01-30 10:29:31.065612,468.2,468.0,468.2,5922828.0
2018-01-30 10:29:32.663762,468.2,468.0,468.2,5924428.0
2018-01-30 10:29:34.184562,468.2,468.0,468.2,5924428.0
2018-01-30 10:29:36.034876,468.2,468.0,468.2,5924428.0
2018-01-30 10:29:37.979765,468.2,468.0,468.2,5924428.0
2018-01-30 10:29:39.304780,468.2,468.0,468.2,5924428.0
2018-01-30 10:29:40.586101,468.2,468.0,468.2,5924428.0
2018-01-30 10:29:41.926513,468.2,468.0,468.2,5924428.0
2018-01-30 10:29:43.334048,468.2,468.0,468.2,5924428.0
2018-01-30 10:29:44.581029,468.2,468.0,468.2,5924428.0
2018-01-30 10:29:46.178884,468.2,467.8,468.0,5924428.0
2018-01-30 10:29:47.895773,468.0,467.8,468.0,5926828.0
2018-01-30 10:29:49.169642,468.0,467.8,468.0,5926828.0
2018-01-30 10:29:50.911442,468.0,467.8,468.0,5926828.0
2018-01-30 10:29:51.932459,468.0,467.8,468.0,5926828.0
2018-01-30 10:29:53.276716,468.0,467.8,468.0,5926828.0
2018-01-30 10:29:55.190104,468.0,467.8,468.0,5926828.0
2018-01-30 10:29:56.228281,468.0,467.8,468.0,5926828.0
2018-01-30 10:29:57.821738,468.0,467.8,468.0,5926828.0
2018-01-30 10:29:59.378778,468.0,467.8,468.0,5926828.0
2018-01-30 10:30:01.332433,468.0,467.8,468.0,5926828.0
2018-01-30 10:30:03.219693,468.0,467.8,468.0,5929328.0
2018-01-30 10:30:04.817458,468.0,467.8,468.0,5929328.0
2018-01-30 10:30:06.422033,468.0,467.8,468.0,5929328.0
2018-01-30 10:30:08.382265,468.0,467.8,468.0,5929328.0
2018-01-30 10:30:09.907023,468.0,467.8,468.0,5936728.0
2018-01-30 10:30:11.417017,468.0,467.8,468.0,5936728.0
2018-01-30 10:30:12.706272,468.0,467.8,468.0,5936728.0
2018-01-30 10:30:14.549496,468.0,467.8,468.0,5936728.0
2018-01-30 10:30:15.907675,468.2,468.0,468.2,5940928.0
2018-01-30 10:30:17.381221,468.2,468.0,468.2,5940928.0
2018-01-30 10:30:18.931009,468.2,468.0,468.2,5940928.0
2018-01-30 10:30:19.906468,468.2,468.0,468.2,5940928.0
2018-01-30 10:30:20.966040,468.2,468.0,468.2,5944228.0
2018-01-30 10:30:22.566639,468.2,468.0,468.2,5940928.0
2018-01-30 10:30:24.385638,468.2,468.0,468.2,5944228.0
2018-01-30 10:30:26.101020,468.2,468.0,468.2,5945128.0
2018-01-30 10:30:27.473621,468.2,468.0,468.2,5945128.0
2018-01-30 10:30:28.767295,468.2,468.0,468.2,5945128.0
2018-01-30 10:30:30.267382,468.2,468.0,468.2,5945128.0
2018-01-30 10:30:32.599689,468.2,468.0,468.2,5944228.0
2018-01-30 10:30:35.012252,468.2,468.2,468.4,5959728.0
2018-01-30 10:30:36.394557,468.4,468.2,468.4,5969428.0
2018-01-30 10:30:37.906687,468.4,468.2,468.6,5969628.0
2018-01-30 10:30:39.449020,468.4,468.2,468.6,5969628.0
2018-01-30 10:30:41.475013,468.2,468.2,468.6,5981528.0
2018-01-30 10:30:43.829637,468.6,468.2,468.6,5982128.0
2018-01-30 10:30:45.319721,468.6,468.2,468.6,5982128.0
2018-01-30 10:30:46.826273,468.6,468.2,468.6,5982128.0
2018-01-30 10:30:49.170388,468.6,468.2,468.6,5982128.0
2018-01-30 10:30:50.514285,468.4,468.2,468.4,5987628.0
2018-01-30 10:30:52.444512,468.4,468.2,468.4,5987628.0
2018-01-30 10:30:54.290512,468.4,468.2,468.4,5987628.0
2018-01-30 10:30:56.072502,468.4,468.2,468.4,5987628.0
2018-01-30 10:30:58.360467,468.4,468.2,468.4,5987628.0
2018-01-30 10:30:59.907082,468.4,468.2,468.4,5991928.0
2018-01-30 10:31:01.380337,468.4,468.4,468.6,5991928.0
2018-01-30 10:31:02.306178,468.4,468.2,468.6,5992128.0
2018-01-30 10:31:03.661432,468.4,468.2,468.6,5991928.0
2018-01-30 10:31:05.073903,468.4,468.4,468.6,5992128.0
2018-01-30 10:31:06.304547,468.4,468.4,468.6,5992128.0
2018-01-30 10:31:07.529767,468.4,468.4,468.6,5992128.0
2018-01-30 10:31:08.710433,468.4,468.2,468.6,5995128.0
2018-01-30 10:31:09.952167,468.4,468.2,468.6,5992128.0
2018-01-30 10:31:11.715173,468.4,468.4,468.6,5995128.0
2018-01-30 10:31:12.942141,468.4,468.2,468.6,5992128.0
2018-01-30 10:31:13.983599,468.4,468.2,468.6,5995128.0
2018-01-30 10:31:15.595650,468.4,468.2,468.6,5992128.0
2018-01-30 10:31:16.887126,468.4,468.4,468.6,5992128.0
2018-01-30 10:31:18.582269,468.4,468.2,468.6,5995128.0
2018-01-30 10:31:19.823201,468.6,468.2,468.6,5995228.0
2018-01-30 10:31:21.019247,468.6,468.2,468.6,5995228.0
2018-01-30 10:31:22.267337,468.6,468.2,468.6,5995228.0
2018-01-30 10:31:23.814054,468.6,468.2,468.6,5995228.0
2018-01-30 10:31:25.356863,468.4,468.2,468.6,5995128.0
2018-01-30 10:31:27.366435,468.4,468.2,468.6,5995128.0
2018-01-30 10:31:28.695701,468.6,468.2,468.6,5995228.0
2018-01-30 10:31:29.953113,468.6,468.4,468.6,5998428.0
2018-01-30 10:31:31.212379,468.6,468.2,468.6,5995228.0
2018-01-30 10:31:33.097048,468.6,468.2,468.6,5995228.0
2018-01-30 10:31:34.461097,468.6,468.2,468.6,5998428.0
2018-01-30 10:31:36.028661,468.6,468.2,468.6,5995228.0
2018-01-30 10:31:37.003085,468.6,468.4,468.6,5998428.0
2018-01-30 10:31:38.265633,468.6,468.4,468.6,5999528.0
2018-01-30 10:31:39.647395,468.6,468.4,468.6,5999528.0
2018-01-30 10:31:40.851562,468.6,468.4,468.6,5999528.0
2018-01-30 10:31:41.908799,468.6,468.4,468.6,5999528.0
2018-01-30 10:31:42.994327,468.6,468.4,468.6,5999528.0
2018-01-30 10:31:44.611303,468.6,468.4,468.6,5998428.0
2018-01-30 10:31:46.014107,468.6,468.4,468.6,5998428.0
2018-01-30 10:31:47.378346,468.6,468.4,468.6,5999528.0
2018-01-30 10:31:48.779097,468.4,468.2,468.4,6006628.0
2018-01-30 10:31:49.917502,468.4,468.2,468.4,6006628.0
2018-01-30 10:31:51.151609,468.4,468.2,468.4,6013728.0
2018-01-30 10:31:52.354037,468.4,468.2,468.4,6012428.0
2018-01-30 10:31:53.805263,468.4,468.2,468.4,6013728.0
2018-01-30 10:31:55.376288,468.4,468.2,468.4,6012428.0
2018-01-30 10:31:56.765802,468.4,468.2,468.4,6012428.0
2018-01-30 10:31:58.593339,468.4,468.2,468.4,6012428.0
2018-01-30 10:32:00.055278,468.4,468.2,468.4,6015628.0
2018-01-30 10:32:01.267627,468.4,468.2,468.4,6015628.0
2018-01-30 10:32:02.859407,468.4,468.2,468.4,6015628.0
2018-01-30 10:32:04.550790,468.4,468.2,468.6,6015628.0
2018-01-30 10:32:05.561850,468.6,468.4,468.6,6019328.0
2018-01-30 10:32:06.499982,468.6,468.2,468.6,6019328.0
2018-01-30 10:32:07.771049,468.6,468.4,468.6,6019328.0
2018-01-30 10:32:09.129262,468.6,468.4,468.6,6020428.0
2018-01-30 10:32:10.674565,468.4,468.2,468.6,6051828.0
2018-01-30 10:32:11.900051,468.4,468.6,468.8,6051828.0
2018-01-30 10:32:13.858384,468.4,468.6,468.8,6051828.0
2018-01-30 10:32:16.391671,468.4,468.6,468.8,6051828.0
2018-01-30 10:32:17.737640,468.8,468.4,468.8,6068428.0
2018-01-30 10:32:19.038395,468.8,468.4,468.8,6069128.0
2018-01-30 10:32:20.221611,468.8,468.4,468.8,6069128.0
2018-01-30 10:32:21.535849,468.8,468.4,468.8,6068428.0
2018-01-30 10:32:23.773358,469.0,468.8,469.0,6071228.0
2018-01-30 10:32:25.398130,469.0,468.8,469.0,6071228.0
2018-01-30 10:32:26.842722,469.0,468.8,469.0,6071228.0
2018-01-30 10:32:27.953143,469.0,468.8,469.0,6071228.0
2018-01-30 10:32:29.310075,469.0,468.8,469.0,6097428.0
2018-01-30 10:32:30.602369,469.0,468.8,469.0,6097428.0
2018-01-30 10:32:31.975509,469.0,468.8,469.0,6097428.0
2018-01-30 10:32:34.148237,469.0,468.8,469.0,6097428.0
2018-01-30 10:32:35.419240,469.0,468.8,469.0,6097428.0
2018-01-30 10:32:36.572449,469.0,468.8,469.0,6097528.0
2018-01-30 10:32:38.805783,469.0,468.8,469.0,6097428.0
2018-01-30 10:32:39.987091,469.0,468.8,469.0,6097528.0
2018-01-30 10:32:41.272584,469.0,469.0,469.2,6097428.0
2018-01-30 10:32:42.752829,469.2,469.0,469.2,6103328.0
2018-01-30 10:32:43.945793,469.2,469.0,469.2,6102428.0
2018-01-30 10:32:45.496404,469.2,469.0,469.2,6102428.0
2018-01-30 10:32:46.714339,469.2,469.0,469.2,6102428.0
2018-01-30 10:32:48.284522,469.2,469.0,469.2,6103328.0
2018-01-30 10:32:49.817273,469.2,469.0,469.2,6102428.0
2018-01-30 10:32:51.032735,469.2,469.0,469.2,6102428.0
2018-01-30 10:32:52.311901,469.2,469.0,469.2,6102428.0
2018-01-30 10:32:53.805402,469.2,469.0,469.2,6103328.0
2018-01-30 10:32:55.972434,469.2,469.0,469.2,6103328.0
2018-01-30 10:32:58.369164,469.2,469.0,469.2,6104528.0
2018-01-30 10:32:59.578813,469.2,469.0,469.2,6104528.0
2018-01-30 10:33:00.813693,469.2,469.0,469.2,6105028.0
2018-01-30 10:33:02.679263,469.2,469.0,469.2,6105028.0
2018-01-30 10:33:03.480440,469.2,469.0,469.2,6105028.0
2018-01-30 10:33:04.465979,469.2,469.0,469.2,6105028.0
2018-01-30 10:33:05.493286,469.2,469.0,469.2,6105028.0
2018-01-30 10:33:06.316733,469.2,469.0,469.2,6105028.0
2018-01-30 10:33:07.311955,469.2,469.0,469.2,6108728.0
2018-01-30 10:33:08.538532,469.2,469.0,469.2,6115828.0
2018-01-30 10:33:09.757664,469.0,469.0,469.2,6109628.0
2018-01-30 10:33:10.655065,469.2,469.0,469.2,6115828.0
2018-01-30 10:33:11.969507,469.0,469.0,469.2,6109628.0
2018-01-30 10:33:12.840859,469.0,469.0,469.2,6109628.0
2018-01-30 10:33:13.761051,469.0,469.0,469.2,6109628.0
2018-01-30 10:33:14.650225,469.2,469.0,469.2,6115828.0
2018-01-30 10:33:15.621882,469.2,469.0,469.2,6116728.0
2018-01-30 10:33:16.612012,469.2,469.0,469.2,6116728.0
2018-01-30 10:33:17.649248,469.2,469.0,469.2,6116728.0
2018-01-30 10:33:18.941302,469.2,469.0,469.2,6116728.0
2018-01-30 10:33:20.191648,469.2,469.0,469.2,6116728.0
2018-01-30 10:33:21.002281,469.2,469.0,469.2,6116728.0
2018-01-30 10:33:22.101990,469.2,469.0,469.2,6116728.0
2018-01-30 10:33:23.110335,469.2,469.0,469.2,6116728.0
2018-01-30 10:33:24.238446,469.2,469.0,469.2,6116728.0
2018-01-30 10:33:25.303785,469.2,469.0,469.2,6116728.0
2018-01-30 10:33:26.247164,469.2,469.0,469.2,6116728.0
2018-01-30 10:33:27.312603,469.2,469.0,469.2,6116728.0
2018-01-30 10:33:28.280559,469.0,469.0,469.2,6119428.0
2018-01-30 10:33:29.089057,469.0,469.0,469.2,6119428.0
2018-01-30 10:33:30.262320,469.0,469.0,469.2,6119428.0
2018-01-30 10:33:31.231096,469.2,469.0,469.2,6120028.0
2018-01-30 10:33:32.205498,469.0,469.0,469.2,6119428.0
2018-01-30 10:33:33.211185,469.0,469.0,469.2,6119428.0
2018-01-30 10:33:34.148361,469.2,469.0,469.2,6120028.0
2018-01-30 10:33:35.245742,469.0,469.0,469.2,6119428.0
2018-01-30 10:33:36.149027,469.2,469.0,469.2,6120028.0
2018-01-30 10:33:37.168235,469.0,469.0,469.2,6119428.0
2018-01-30 10:33:38.181986,469.2,469.0,469.2,6120028.0
2018-01-30 10:33:39.210245,469.2,469.0,469.2,6120028.0
2018-01-30 10:33:40.137212,469.2,469.0,469.2,6120028.0
2018-01-30 10:33:41.129045,469.0,469.0,469.2,6119428.0
2018-01-30 10:33:42.182968,469.2,469.0,469.2,6234628.0
2018-01-30 10:33:43.221938,469.2,469.0,469.2,6235028.0
2018-01-30 10:33:44.115769,469.2,469.0,469.2,6235028.0
2018-01-30 10:33:45.237278,469.2,469.0,469.2,6234628.0
2018-01-30 10:33:46.274056,469.2,469.0,469.2,6238328.0
2018-01-30 10:33:47.259711,469.2,469.0,469.2,6238428.0
2018-01-30 10:33:48.507988,469.0,468.8,469.2,6244528.0
2018-01-30 10:33:49.449756,469.0,468.8,469.2,6244528.0
2018-01-30 10:33:50.585205,469.2,468.8,469.2,6246628.0
2018-01-30 10:33:51.591729,469.0,468.8,469.2,6244528.0
2018-01-30 10:33:52.779868,469.2,468.8,469.2,6246628.0
2018-01-30 10:33:54.020382,469.2,469.0,469.2,6246628.0
2018-01-30 10:33:55.245971,469.2,468.8,469.2,6246628.0
2018-01-30 10:33:56.140349,469.0,469.0,469.2,6246728.0
2018-01-30 10:33:57.064456,469.2,469.0,469.2,6246628.0
2018-01-30 10:33:57.948563,469.2,468.8,469.2,6246628.0
2018-01-30 10:33:58.940621,469.0,469.0,469.2,6246728.0
2018-01-30 10:33:59.900621,469.2,469.0,469.2,6246628.0
2018-01-30 10:34:01.386358,469.2,468.8,469.2,6246628.0
2018-01-30 10:34:02.625992,469.0,469.0,469.2,6246728.0
2018-01-30 10:34:03.806222,469.2,468.8,469.2,6246628.0
2018-01-30 10:34:05.103339,469.2,469.0,469.2,6247528.0
2018-01-30 10:34:06.256943,469.2,469.0,469.2,6247528.0
2018-01-30 10:34:07.524769,469.2,469.0,469.2,6247528.0
2018-01-30 10:34:08.546136,468.8,469.0,469.2,6254128.0
2018-01-30 10:34:09.626103,468.8,469.0,469.2,6254128.0
2018-01-30 10:34:10.542232,469.0,468.8,469.0,6256038.0
2018-01-30 10:34:11.476036,468.8,468.8,469.0,6254128.0
2018-01-30 10:34:12.775596,469.0,468.8,469.0,6256038.0
2018-01-30 10:34:14.017461,468.8,468.8,469.0,6254128.0
2018-01-30 10:34:14.869991,468.8,468.8,469.0,6254128.0
2018-01-30 10:34:15.842302,468.8,468.8,469.0,6254128.0
2018-01-30 10:34:16.995673,469.2,468.8,469.0,6264938.0
2018-01-30 10:34:18.229537,469.2,469.0,469.2,6264938.0
2018-01-30 10:34:19.513096,469.2,469.0,469.2,6264938.0
2018-01-30 10:34:20.401082,469.2,469.0,469.2,6264938.0
2018-01-30 10:34:21.647084,469.2,469.0,469.2,6264938.0
2018-01-30 10:34:22.862844,469.0,468.8,469.0,6256038.0
2018-01-30 10:34:23.757167,469.2,469.0,469.2,6264938.0
2018-01-30 10:34:24.985581,469.2,468.8,469.0,6264938.0
2018-01-30 10:34:25.909530,469.2,469.0,469.2,6264938.0
2018-01-30 10:34:26.835834,469.0,468.8,469.0,6256038.0
2018-01-30 10:34:27.763152,469.2,469.0,469.2,6264938.0
2018-01-30 10:34:29.030027,469.0,469.0,469.2,6256038.0
2018-01-30 10:34:29.975712,469.0,469.0,469.2,6256038.0
2018-01-30 10:34:30.933698,469.0,469.0,469.2,6256038.0
2018-01-30 10:34:32.060433,469.2,469.0,469.2,6264938.0
2018-01-30 10:34:33.089421,469.2,469.0,469.2,6264938.0
2018-01-30 10:34:34.201553,469.2,468.8,469.0,6264938.0
2018-01-30 10:34:35.434351,469.2,469.0,469.2,6264938.0
2018-01-30 10:34:36.493571,469.2,469.0,469.2,6264938.0
2018-01-30 10:34:37.737035,469.2,469.0,469.2,6264938.0
2018-01-30 10:34:38.836507,469.2,469.0,469.2,6264938.0
2018-01-30 10:34:39.837207,469.2,469.0,469.2,6266438.0
2018-01-30 10:34:40.964870,469.2,469.0,469.2,6264938.0
2018-01-30 10:34:41.983098,469.2,469.0,469.2,6264938.0
2018-01-30 10:34:42.987909,469.2,469.0,469.2,6264938.0
2018-01-30 10:34:43.928612,469.2,469.0,469.2,6266438.0
2018-01-30 10:34:44.963201,469.2,469.0,469.2,6268038.0
2018-01-30 10:34:46.029246,469.2,469.0,469.2,6268038.0
2018-01-30 10:34:47.006116,469.2,469.0,469.2,6268038.0
2018-01-30 10:34:48.027404,469.2,469.0,469.2,6266438.0
2018-01-30 10:34:48.960485,469.2,469.0,469.2,6268038.0
2018-01-30 10:34:49.974498,469.2,469.0,469.2,6268038.0
2018-01-30 10:34:50.781663,469.2,469.0,469.2,6268038.0
2018-01-30 10:34:51.626014,469.2,469.0,469.2,6268038.0
2018-01-30 10:34:52.736151,469.2,469.0,469.2,6270838.0
2018-01-30 10:34:53.875975,469.2,469.0,469.2,6287038.0
2018-01-30 10:34:55.083113,469.2,469.0,469.2,6287038.0
2018-01-30 10:34:56.020316,469.2,469.0,469.2,6271438.0
2018-01-30 10:34:56.940280,469.2,469.0,469.2,6287038.0
2018-01-30 10:34:57.758993,469.2,469.0,469.2,6271438.0
2018-01-30 10:34:58.827096,469.2,469.0,469.2,6271438.0
2018-01-30 10:34:59.733520,469.2,469.0,469.2,6287038.0
2018-01-30 10:35:00.931427,469.2,469.0,469.2,6287038.0
2018-01-30 10:35:01.879406,469.2,469.0,469.2,6287038.0
2018-01-30 10:35:02.992240,469.2,469.0,469.2,6287038.0
2018-01-30 10:35:03.857916,469.2,469.0,469.2,6271438.0
2018-01-30 10:35:04.827722,469.2,469.0,469.2,6289438.0
2018-01-30 10:35:05.800001,469.2,469.0,469.2,6289438.0
2018-01-30 10:35:06.767410,469.2,469.0,469.2,6289438.0
2018-01-30 10:35:07.795542,469.2,469.0,469.2,6289438.0
2018-01-30 10:35:08.960721,469.2,469.0,469.2,6290238.0
2018-01-30 10:35:09.900943,469.2,469.0,469.2,6289438.0
2018-01-30 10:35:10.906024,469.2,469.0,469.2,6289438.0
2018-01-30 10:35:11.988431,469.2,469.0,469.2,6290238.0
2018-01-30 10:35:13.215528,469.2,469.0,469.2,6289438.0
2018-01-30 10:35:14.141009,469.2,469.0,469.2,6299138.0
2018-01-30 10:35:15.059472,469.2,469.0,469.2,6304438.0
2018-01-30 10:35:16.061039,469.2,469.0,469.2,6306938.0
2018-01-30 10:35:17.217272,469.2,469.0,469.2,6307738.0
2018-01-30 10:35:18.494636,469.2,469.0,469.2,6307738.0
2018-01-30 10:35:19.688207,469.2,469.0,469.2,6307738.0
2018-01-30 10:35:20.969853,469.2,469.0,469.2,6307738.0
2018-01-30 10:35:21.828474,469.2,469.0,469.2,6306938.0
2018-01-30 10:35:22.770166,469.2,469.2,469.4,6307738.0
2018-01-30 10:35:23.984539,469.4,469.0,469.2,6311838.0
2018-01-30 10:35:25.569921,469.4,469.0,469.2,6311838.0
2018-01-30 10:35:26.816718,469.2,469.0,469.2,6307738.0
2018-01-30 10:35:27.837766,469.4,469.2,469.4,6311838.0
2018-01-30 10:35:28.916578,469.2,469.0,469.2,6307738.0
2018-01-30 10:35:30.194349,469.4,469.0,469.2,6311838.0
2018-01-30 10:35:31.110018,469.2,469.2,469.4,6314338.0
2018-01-30 10:35:32.060720,469.2,469.2,469.4,6314338.0
2018-01-30 10:35:33.031830,469.2,469.2,469.4,6314338.0
2018-01-30 10:35:34.107670,469.4,469.2,469.4,6348038.0
2018-01-30 10:35:35.106295,469.4,469.2,469.4,6348038.0
2018-01-30 10:35:36.309006,469.4,469.2,469.4,6348038.0
2018-01-30 10:35:37.877730,469.4,469.2,469.4,6348038.0
2018-01-30 10:35:39.561232,469.4,469.2,469.4,6348038.0
2018-01-30 10:35:42.059437,469.4,469.2,469.4,6348038.0
2018-01-30 10:35:44.157404,469.6,469.4,469.6,6352638.0
2018-01-30 10:35:46.735936,469.6,469.4,469.6,6352638.0
2018-01-30 10:35:48.874735,469.6,469.4,469.6,6352638.0
2018-01-30 10:35:50.446544,469.6,469.4,469.6,6352638.0
2018-01-30 10:35:52.078526,469.6,469.4,469.6,6352638.0
2018-01-30 10:35:53.533189,469.6,469.4,469.6,6352638.0
2018-01-30 10:35:54.770077,469.6,469.4,469.6,6352638.0
2018-01-30 10:35:55.993092,469.6,469.4,469.6,6352638.0
2018-01-30 10:35:57.428610,469.6,469.4,469.6,6352638.0
2018-01-30 10:35:58.421125,469.6,469.4,469.6,6354738.0
2018-01-30 10:35:59.684790,469.6,469.4,469.6,6354738.0
2018-01-30 10:36:01.463615,469.4,469.4,469.6,6356438.0
2018-01-30 10:36:03.191692,469.4,469.4,469.6,6356438.0
2018-01-30 10:36:05.831243,469.4,469.4,469.6,6357938.0
2018-01-30 10:36:07.985634,469.4,469.4,469.6,6361138.0
2018-01-30 10:36:09.924577,469.4,469.2,469.4,6357938.0
2018-01-30 10:36:12.004418,469.4,469.2,469.4,6361138.0
2018-01-30 10:36:14.713295,469.2,469.2,469.4,6367038.0
2018-01-30 10:36:17.070420,469.2,469.2,469.4,6367038.0
2018-01-30 10:36:19.124970,469.4,469.2,469.4,6371338.0
2018-01-30 10:36:20.859533,469.4,469.2,469.6,6376038.0
2018-01-30 10:36:22.659101,469.4,469.4,469.6,6376038.0
2018-01-30 10:36:24.540931,469.4,469.4,469.6,6376038.0
2018-01-30 10:36:27.322373,469.4,469.2,469.4,6376038.0
2018-01-30 10:36:29.180815,469.4,469.2,469.6,6378438.0
2018-01-30 10:36:31.045715,469.4,469.2,469.6,6378338.0
2018-01-30 10:36:32.845236,469.4,469.2,469.6,6378338.0
2018-01-30 10:36:35.575802,469.4,469.2,469.4,6378338.0
2018-01-30 10:36:37.643407,469.4,469.2,469.6,6378338.0
2018-01-30 10:36:40.291192,469.4,469.2,469.4,6380613.0
2018-01-30 10:36:42.207429,469.4,469.2,469.4,6380613.0
2018-01-30 10:36:44.242205,469.4,469.2,469.4,6380613.0
2018-01-30 10:36:46.432079,469.4,469.2,469.4,6380613.0
2018-01-30 10:36:49.031815,469.4,469.2,469.4,6382113.0
2018-01-30 10:36:50.972540,469.4,469.2,469.4,6382113.0
2018-01-30 10:36:52.923897,469.4,469.2,469.4,6382113.0
2018-01-30 10:36:55.574980,469.4,469.2,469.4,6382113.0
2018-01-30 10:36:57.673391,469.4,469.2,469.4,6382113.0
2018-01-30 10:37:00.221674,469.4,469.2,469.4,6382113.0
2018-01-30 10:37:02.889714,469.4,469.2,469.4,6382113.0
2018-01-30 10:37:04.644218,469.4,469.2,469.4,6382113.0
2018-01-30 10:37:06.684512,469.4,469.2,469.4,6382113.0
2018-01-30 10:37:07.850306,469.4,469.2,469.4,6385113.0
2018-01-30 10:37:09.895728,469.4,469.2,469.4,6385113.0
2018-01-30 10:37:10.923540,469.4,469.2,469.4,6384613.0
2018-01-30 10:37:12.175066,469.4,469.2,469.4,6385113.0
2018-01-30 10:37:14.485799,469.4,469.2,469.4,6385113.0
2018-01-30 10:37:16.232184,469.4,469.2,469.4,6385113.0
2018-01-30 10:37:17.581515,469.4,469.2,469.4,6384613.0
2018-01-30 10:37:19.301353,469.4,469.2,469.4,6385113.0
2018-01-30 10:37:20.798836,469.4,469.2,469.4,6385113.0
2018-01-30 10:37:21.973320,469.4,469.2,469.4,6385113.0
2018-01-30 10:37:24.020982,469.4,469.2,469.4,6385113.0
2018-01-30 10:37:25.747192,469.4,469.2,469.4,6385113.0
2018-01-30 10:37:27.712647,469.4,469.2,469.4,6385113.0
2018-01-30 10:37:29.343330,469.4,469.2,469.4,6385113.0
2018-01-30 10:37:30.555983,469.4,469.2,469.4,6385113.0
2018-01-30 10:37:32.222415,469.4,469.2,469.4,6385113.0
2018-01-30 10:37:33.402696,469.2,469.2,469.4,6416313.0
2018-01-30 10:37:34.951721,469.2,469.0,469.4,6416313.0
2018-01-30 10:37:36.735377,469.2,469.0,469.4,6416313.0
2018-01-30 10:37:38.232613,469.2,469.0,469.4,6416313.0
2018-01-30 10:37:39.331598,469.0,469.0,469.2,6431313.0
2018-01-30 10:37:41.224762,469.0,469.0,469.2,6431313.0
2018-01-30 10:37:42.684027,469.0,469.0,469.2,6431313.0
2018-01-30 10:37:44.388177,469.0,469.0,469.2,6431313.0
2018-01-30 10:37:45.624253,469.0,469.0,469.2,6431313.0
2018-01-30 10:37:47.235822,469.0,469.0,469.2,6431313.0
2018-01-30 10:37:48.440460,469.2,469.0,469.2,6423213.0
2018-01-30 10:37:49.819700,469.0,469.0,469.2,6431313.0
2018-01-30 10:37:51.113914,469.0,469.0,469.2,6433313.0
2018-01-30 10:37:52.129622,469.0,469.0,469.2,6437813.0
2018-01-30 10:37:53.525105,469.0,469.0,469.2,6437813.0
2018-01-30 10:37:54.883378,469.0,469.0,469.2,6437813.0
2018-01-30 10:37:56.332362,469.0,469.0,469.2,6434513.0
2018-01-30 10:37:58.120970,469.0,469.0,469.2,6437813.0
2018-01-30 10:37:59.450893,469.0,469.0,469.2,6437813.0
2018-01-30 10:38:00.625883,469.0,469.0,469.2,6437813.0
2018-01-30 10:38:02.701013,469.0,469.0,469.2,6437813.0
2018-01-30 10:38:04.096145,469.2,469.0,469.2,6452713.0
2018-01-30 10:38:05.301099,469.2,469.0,469.2,6452713.0
2018-01-30 10:38:06.481029,469.2,469.0,469.2,6452713.0
2018-01-30 10:38:08.019462,469.2,469.0,469.2,6452113.0
2018-01-30 10:38:09.074550,469.2,469.0,469.2,6452713.0
2018-01-30 10:38:10.716733,469.2,469.0,469.2,6452713.0
2018-01-30 10:38:12.519588,469.2,469.0,469.2,6452713.0
2018-01-30 10:38:13.616654,469.2,469.0,469.2,6452713.0
2018-01-30 10:38:15.112369,469.2,469.2,469.4,6456613.0
2018-01-30 10:38:16.474143,469.2,469.2,469.4,6456613.0
2018-01-30 10:38:18.273347,469.2,469.2,469.4,6456213.0
2018-01-30 10:38:19.730334,469.2,469.2,469.4,6456613.0
2018-01-30 10:38:20.921054,469.2,469.2,469.4,6456613.0
2018-01-30 10:38:22.595217,469.2,469.2,469.4,6456613.0
2018-01-30 10:38:23.896744,469.2,469.2,469.4,6456613.0
2018-01-30 10:38:25.442543,469.2,469.2,469.4,6456213.0
2018-01-30 10:38:26.684428,469.2,469.2,469.4,6456213.0
2018-01-30 10:38:28.342415,469.2,469.2,469.4,6456613.0
2018-01-30 10:38:29.717541,469.2,469.2,469.4,6456613.0
2018-01-30 10:38:31.600749,469.2,469.2,469.4,6456213.0
2018-01-30 10:38:32.972468,469.2,469.2,469.4,6456613.0
2018-01-30 10:38:34.438877,469.2,469.2,469.4,6456613.0
2018-01-30 10:38:35.589460,469.2,469.2,469.4,6456613.0
2018-01-30 10:38:37.005047,469.2,469.2,469.4,6456613.0
2018-01-30 10:38:38.632746,469.2,469.2,469.4,6456613.0
2018-01-30 10:38:39.746539,469.2,469.2,469.4,6456613.0
2018-01-30 10:38:41.805431,469.2,469.2,469.4,6456613.0
2018-01-30 10:38:43.071982,469.4,469.2,469.4,6477913.0
2018-01-30 10:38:44.353137,469.2,469.2,469.4,6478113.0
2018-01-30 10:38:45.543980,469.2,469.2,469.4,6478113.0
2018-01-30 10:38:47.179545,469.4,469.2,469.4,6477913.0
2018-01-30 10:38:48.809893,469.2,469.2,469.4,6478113.0
2018-01-30 10:38:50.377195,469.2,469.2,469.4,6478113.0
2018-01-30 10:38:51.912482,469.4,469.2,469.4,6479613.0
2018-01-30 10:38:53.249927,469.2,469.2,469.4,6479713.0
2018-01-30 10:38:54.477300,469.2,469.2,469.4,6479713.0
2018-01-30 10:38:55.999340,469.2,469.2,469.4,6479713.0
2018-01-30 10:38:57.313457,469.4,469.2,469.4,6479613.0
2018-01-30 10:38:58.470193,469.2,469.2,469.4,6479713.0
2018-01-30 10:38:59.487077,469.2,469.2,469.4,6479713.0
2018-01-30 10:39:00.902149,469.2,469.2,469.4,6480713.0
2018-01-30 10:39:02.131797,469.2,469.2,469.4,6479713.0
2018-01-30 10:39:03.379294,469.2,469.2,469.4,6479713.0
2018-01-30 10:39:04.494104,469.2,469.2,469.4,6479713.0
2018-01-30 10:39:05.817151,469.2,469.2,469.4,6486313.0
2018-01-30 10:39:07.410724,469.2,469.2,469.4,6487313.0
2018-01-30 10:39:08.917542,469.2,469.2,469.4,6491013.0
2018-01-30 10:39:10.138372,469.2,469.2,469.4,6491013.0
2018-01-30 10:39:11.678274,469.2,469.2,469.4,6491013.0
2018-01-30 10:39:12.675788,469.2,469.2,469.4,6491013.0
2018-01-30 10:39:13.884740,469.2,469.2,469.4,6491013.0
2018-01-30 10:39:15.367318,469.2,469.2,469.4,6491013.0
2018-01-30 10:39:16.640566,469.2,469.2,469.4,6491013.0
2018-01-30 10:39:17.825281,469.2,469.2,469.4,6492713.0
2018-01-30 10:39:19.052049,469.2,469.2,469.4,6491013.0
2018-01-30 10:39:20.322936,469.2,469.0,469.2,6493013.0
2018-01-30 10:39:21.493819,469.2,469.0,469.2,6493013.0
2018-01-30 10:39:22.739117,469.2,469.0,469.2,6493013.0
2018-01-30 10:39:24.108769,469.2,469.0,469.2,6493013.0
2018-01-30 10:39:25.188440,469.2,469.0,469.2,6493013.0
2018-01-30 10:39:26.409449,469.2,469.0,469.2,6499713.0
2018-01-30 10:39:27.419405,469.2,469.0,469.2,6499713.0
2018-01-30 10:39:28.771232,469.2,469.0,469.2,6499713.0
2018-01-30 10:39:29.914114,469.2,469.0,469.2,6499713.0
2018-01-30 10:39:31.323984,469.2,469.0,469.2,6499713.0
2018-01-30 10:39:32.497570,469.2,469.0,469.2,6499713.0
2018-01-30 10:39:33.586490,469.2,469.0,469.2,6499713.0
2018-01-30 10:39:34.999250,469.2,469.0,469.2,6499713.0
2018-01-30 10:39:36.150274,469.2,469.0,469.2,6499713.0
2018-01-30 10:39:37.206079,469.2,469.0,469.2,6503213.0
2018-01-30 10:39:38.293511,469.2,469.0,469.2,6503213.0
2018-01-30 10:39:39.533211,469.2,469.0,469.2,6503213.0
2018-01-30 10:39:40.761142,469.2,469.0,469.2,6503213.0
2018-01-30 10:39:42.359870,469.2,469.0,469.2,6503213.0
2018-01-30 10:39:43.531165,469.2,469.0,469.2,6503213.0
2018-01-30 10:39:45.100042,469.2,469.0,469.2,6503213.0
2018-01-30 10:39:46.618787,469.2,469.0,469.2,6503213.0
2018-01-30 10:39:47.818498,469.2,469.0,469.2,6503213.0
2018-01-30 10:39:48.951794,469.2,469.0,469.2,6503213.0
2018-01-30 10:39:50.573696,469.2,469.0,469.2,6503213.0
2018-01-30 10:39:51.575592,469.2,469.0,469.2,6503213.0
2018-01-30 10:39:52.822825,469.2,469.0,469.2,6503213.0
2018-01-30 10:39:53.969658,469.2,469.0,469.2,6503213.0
2018-01-30 10:39:55.150151,469.2,469.0,469.2,6503213.0
2018-01-30 10:39:56.348339,469.2,469.0,469.2,6503213.0
2018-01-30 10:39:57.516522,469.2,469.0,469.2,6503213.0
2018-01-30 10:39:58.682652,469.2,469.0,469.2,6503213.0
2018-01-30 10:39:59.923702,469.2,469.0,469.2,6503213.0
2018-01-30 10:40:01.139663,469.2,469.0,469.2,6503213.0
2018-01-30 10:40:02.335259,469.2,469.0,469.2,6505013.0
2018-01-30 10:40:03.592535,469.2,469.0,469.2,6505013.0
2018-01-30 10:40:05.286153,469.2,469.0,469.2,6505013.0
2018-01-30 10:40:07.149160,469.2,469.0,469.2,6505013.0
2018-01-30 10:40:08.485715,469.2,469.0,469.2,6505013.0
2018-01-30 10:40:09.747096,469.2,469.0,469.2,6505013.0
2018-01-30 10:40:11.178327,469.2,469.0,469.2,6505013.0
2018-01-30 10:40:12.515947,469.2,469.0,469.2,6505013.0
2018-01-30 10:40:14.231229,469.2,469.0,469.2,6505013.0
2018-01-30 10:40:15.288501,469.0,469.0,469.2,6512913.0
2018-01-30 10:40:16.603570,469.2,469.0,469.2,6513513.0
2018-01-30 10:40:18.488906,469.0,469.0,469.2,6512913.0
2018-01-30 10:40:19.746845,469.2,469.0,469.2,6513513.0
2018-01-30 10:40:21.565632,469.2,469.0,469.2,6534413.0
2018-01-30 10:40:22.723885,469.2,469.0,469.2,6534413.0
2018-01-30 10:40:24.473269,469.2,469.0,469.2,6534413.0
2018-01-30 10:40:26.388370,469.2,469.0,469.2,6534413.0
2018-01-30 10:40:27.526971,469.2,469.0,469.2,6534413.0
2018-01-30 10:40:28.996865,469.2,469.2,469.6,6537713.0
2018-01-30 10:40:30.010933,469.2,469.2,469.6,6537713.0
2018-01-30 10:40:31.534176,469.2,469.2,469.6,6537713.0
2018-01-30 10:40:33.437187,469.2,469.2,469.6,6537713.0
2018-01-30 10:40:34.645230,469.2,469.2,469.6,6537713.0
2018-01-30 10:40:35.832580,469.2,469.2,469.6,6537713.0
2018-01-30 10:40:37.857399,469.2,469.2,469.6,6537713.0
2018-01-30 10:40:39.126959,469.2,469.2,469.6,6537713.0
2018-01-30 10:40:40.832343,469.2,469.2,469.6,6537713.0
2018-01-30 10:40:41.997437,469.2,469.2,469.6,6537713.0
2018-01-30 10:40:43.516324,469.2,469.2,469.6,6539013.0
2018-01-30 10:40:45.098655,469.2,469.2,469.6,6539013.0
2018-01-30 10:40:46.366806,469.2,469.2,469.6,6539013.0
2018-01-30 10:40:48.026677,469.2,469.2,469.6,6539013.0
2018-01-30 10:40:49.646213,469.2,469.2,469.6,6539013.0
2018-01-30 10:40:50.888231,469.2,469.2,469.6,6539013.0
2018-01-30 10:40:52.619879,469.2,469.2,469.6,6539013.0
2018-01-30 10:40:54.437066,469.2,469.2,469.6,6544413.0
2018-01-30 10:40:56.045496,469.2,469.2,469.6,6544413.0
2018-01-30 10:40:57.713706,469.2,469.2,469.6,6544413.0
2018-01-30 10:40:58.972709,469.2,469.2,469.6,6544413.0
2018-01-30 10:41:00.431340,469.2,469.2,469.6,6544413.0
2018-01-30 10:41:01.854162,469.2,469.2,469.6,6544413.0
2018-01-30 10:41:03.187470,469.2,469.2,469.6,6544413.0
2018-01-30 10:41:04.556353,469.2,469.2,469.6,6544413.0
2018-01-30 10:41:05.689033,469.2,469.2,469.6,6544413.0
2018-01-30 10:41:07.480166,469.2,469.2,469.6,6544413.0
2018-01-30 10:41:08.728321,469.4,469.2,469.6,6545413.0
2018-01-30 10:41:10.115545,469.4,469.2,469.6,6545413.0
2018-01-30 10:41:11.465545,469.4,469.2,469.6,6545413.0
2018-01-30 10:41:13.042254,469.4,469.2,469.6,6545413.0
2018-01-30 10:41:14.940148,469.4,469.2,469.6,6545413.0
2018-01-30 10:41:16.202303,469.4,469.2,469.6,6545413.0
2018-01-30 10:41:17.997587,469.4,469.2,469.6,6545413.0
2018-01-30 10:41:19.628706,469.4,469.2,469.6,6545413.0
2018-01-30 10:41:20.705894,469.4,469.2,469.6,6545413.0
2018-01-30 10:41:22.294262,469.4,469.2,469.6,6545513.0
2018-01-30 10:41:24.274157,469.4,469.4,469.6,6549483.0
2018-01-30 10:41:25.771929,469.4,469.4,469.6,6549083.0
2018-01-30 10:41:27.256745,469.4,469.4,469.6,6549083.0
2018-01-30 10:41:28.881741,469.4,469.4,469.6,6549083.0
2018-01-30 10:41:29.933360,469.4,469.4,469.6,6549083.0
2018-01-30 10:41:31.625360,469.4,469.4,469.6,6553283.0
2018-01-30 10:41:33.324504,469.2,469.2,469.6,6572483.0
2018-01-30 10:41:35.066075,469.2,469.2,469.6,6572483.0
2018-01-30 10:41:36.242211,469.2,469.2,469.6,6572483.0
2018-01-30 10:41:37.612734,469.2,469.2,469.6,6572483.0
2018-01-30 10:41:39.615176,469.2,469.2,469.6,6572483.0
2018-01-30 10:41:40.958911,469.2,469.2,469.6,6572483.0
2018-01-30 10:41:42.579453,469.2,469.2,469.6,6572483.0
2018-01-30 10:41:43.754268,469.2,469.2,469.6,6572483.0
2018-01-30 10:41:44.735116,469.4,469.2,469.4,6574183.0
2018-01-30 10:41:46.310299,469.4,469.2,469.4,6574183.0
2018-01-30 10:41:47.497225,469.2,469.2,469.4,6573283.0
2018-01-30 10:41:49.032564,469.2,469.2,469.6,6573283.0
2018-01-30 10:41:50.503355,469.4,469.2,469.4,6574183.0
2018-01-30 10:41:51.885709,469.4,469.2,469.4,6574183.0
2018-01-30 10:41:52.929571,469.4,469.2,469.4,6574783.0
2018-01-30 10:41:54.694325,469.4,469.2,469.4,6574183.0
2018-01-30 10:41:55.801927,469.4,469.2,469.4,6574783.0
2018-01-30 10:41:57.023552,469.4,469.2,469.4,6574183.0
2018-01-30 10:41:58.495943,469.4,469.2,469.4,6574183.0
2018-01-30 10:41:59.923180,469.4,469.2,469.4,6574783.0
2018-01-30 10:42:01.414186,469.4,469.2,469.4,6574783.0
2018-01-30 10:42:04.014419,469.4,469.2,469.4,6574183.0
2018-01-30 10:42:06.071321,469.4,469.2,469.4,6574183.0
2018-01-30 10:42:08.044655,469.4,469.2,469.4,6574783.0
2018-01-30 10:42:09.887701,469.2,469.2,469.4,6576783.0
2018-01-30 10:42:11.247014,469.2,469.2,469.4,6579783.0
2018-01-30 10:42:12.264667,469.2,469.2,469.4,6579783.0
2018-01-30 10:42:13.494735,469.2,469.2,469.4,6578983.0
2018-01-30 10:42:14.761108,469.2,469.2,469.4,6579783.0
2018-01-30 10:42:16.799151,469.2,469.2,469.4,6578983.0
2018-01-30 10:42:18.300094,469.2,469.2,469.4,6578983.0
2018-01-30 10:42:19.514515,469.2,469.0,469.2,6583783.0
2018-01-30 10:42:20.796424,469.2,469.2,469.4,6579783.0
2018-01-30 10:42:22.158534,469.2,469.0,469.2,6583783.0
2018-01-30 10:42:24.175577,469.2,469.0,469.2,6583783.0
2018-01-30 10:42:25.800927,469.2,469.0,469.2,6592483.0
2018-01-30 10:42:27.043299,469.2,469.0,469.6,6594383.0
2018-01-30 10:42:28.954881,469.2,469.0,469.2,6594383.0
2018-01-30 10:42:30.663614,469.2,469.0,469.6,6594383.0
2018-01-30 10:42:32.234272,469.2,469.0,469.2,6594383.0
2018-01-30 10:42:33.763613,469.2,469.0,469.6,6594383.0
2018-01-30 10:42:35.209284,469.2,469.0,469.6,6594383.0
2018-01-30 10:42:36.652583,469.2,469.0,469.6,6594383.0
2018-01-30 10:42:38.022281,469.2,469.0,469.6,6594383.0
2018-01-30 10:42:39.439387,469.4,469.2,469.6,6597383.0
2018-01-30 10:42:40.639975,469.4,469.2,469.6,6597383.0
2018-01-30 10:42:42.126113,469.4,469.2,469.6,6597483.0
2018-01-30 10:42:43.367258,469.4,469.2,469.6,6597483.0
2018-01-30 10:42:45.037417,469.4,469.2,469.6,6597483.0
2018-01-30 10:42:46.308659,469.4,469.2,469.6,6597383.0
2018-01-30 10:42:47.991153,469.4,469.2,469.6,6597483.0
2018-01-30 10:42:49.180094,469.4,469.2,469.6,6597383.0
2018-01-30 10:42:51.170805,469.4,469.2,469.6,6597383.0
2018-01-30 10:42:52.243005,469.4,469.4,469.6,6600083.0
2018-01-30 10:42:53.749004,469.4,469.4,469.6,6600083.0
2018-01-30 10:42:55.055338,469.4,469.4,469.6,6600083.0
2018-01-30 10:42:56.090387,469.2,469.4,469.6,6602883.0
2018-01-30 10:42:57.933070,469.2,469.2,469.4,6620183.0
2018-01-30 10:42:59.302446,469.2,469.2,469.4,6620183.0
2018-01-30 10:43:00.676369,469.2,469.2,469.4,6620183.0
2018-01-30 10:43:02.188508,469.2,469.2,469.4,6620183.0
2018-01-30 10:43:04.090014,469.2,469.2,469.4,6620183.0
2018-01-30 10:43:05.126450,469.2,469.2,469.4,6620183.0
2018-01-30 10:43:06.613345,469.2,469.2,469.4,6620183.0
2018-01-30 10:43:08.281495,469.4,469.2,469.4,6625183.0
2018-01-30 10:43:09.669778,469.4,469.2,469.4,6625183.0
2018-01-30 10:43:11.280704,469.4,469.2,469.4,6625183.0
2018-01-30 10:43:12.539397,469.4,469.2,469.4,6625183.0
2018-01-30 10:43:13.893567,469.4,469.2,469.4,6625183.0
2018-01-30 10:43:15.185219,469.4,469.2,469.4,6625183.0
2018-01-30 10:43:16.223997,469.4,469.2,469.4,6625183.0
2018-01-30 10:43:18.101336,469.4,469.2,469.4,6625183.0
2018-01-30 10:43:19.530134,469.4,469.2,469.4,6625183.0
2018-01-30 10:43:21.004087,469.4,469.2,469.4,6625183.0
2018-01-30 10:43:22.404611,469.4,469.2,469.4,6625183.0
2018-01-30 10:43:23.941217,469.4,469.2,469.4,6625183.0
2018-01-30 10:43:25.604533,469.4,469.2,469.4,6625183.0
2018-01-30 10:43:26.656716,469.4,469.2,469.4,6625183.0
2018-01-30 10:43:28.159100,469.4,469.2,469.4,6625183.0
2018-01-30 10:43:29.652250,469.4,469.2,469.4,6625183.0
2018-01-30 10:43:31.154239,469.4,469.2,469.4,6628983.0
2018-01-30 10:43:32.163269,469.4,469.2,469.4,6628983.0
2018-01-30 10:43:33.199094,469.4,469.2,469.4,6628783.0
2018-01-30 10:43:34.493204,469.4,469.2,469.4,6628783.0
2018-01-30 10:43:35.781335,469.4,469.2,469.4,6628783.0
2018-01-30 10:43:37.091588,469.4,469.2,469.4,6628983.0
2018-01-30 10:43:38.699996,469.4,469.2,469.4,6628983.0
2018-01-30 10:43:40.678960,469.4,469.2,469.4,6628783.0
2018-01-30 10:43:42.012578,469.4,469.2,469.4,6628983.0
2018-01-30 10:43:43.468681,469.4,469.2,469.4,6628983.0
2018-01-30 10:43:44.928839,469.4,469.2,469.4,6628783.0
2018-01-30 10:43:46.675180,469.4,469.2,469.4,6628783.0
2018-01-30 10:43:48.150914,469.2,469.2,469.4,6631183.0
2018-01-30 10:43:50.221221,469.2,469.2,469.4,6631183.0
2018-01-30 10:43:51.212164,469.2,469.2,469.4,6631183.0
2018-01-30 10:43:52.839096,469.2,469.2,469.4,6631183.0
2018-01-30 10:43:54.183063,469.2,469.2,469.4,6631183.0
2018-01-30 10:43:55.139483,469.2,469.2,469.4,6631183.0
2018-01-30 10:43:56.105459,469.2,469.2,469.4,6631183.0
2018-01-30 10:43:57.450488,469.2,469.2,469.4,6631183.0
2018-01-30 10:43:58.714416,469.2,469.2,469.4,6631183.0
2018-01-30 10:43:59.975293,469.2,469.2,469.4,6631183.0
2018-01-30 10:44:01.414051,469.2,469.2,469.4,6631183.0
2018-01-30 10:44:02.639703,469.2,469.2,469.4,6631183.0
2018-01-30 10:44:04.041850,469.2,469.2,469.4,6631183.0
2018-01-30 10:44:05.440378,469.2,469.2,469.4,6631183.0
2018-01-30 10:44:06.493741,469.2,469.2,469.4,6631183.0
2018-01-30 10:44:07.769242,469.2,469.2,469.4,6631183.0
2018-01-30 10:44:09.217529,469.4,469.2,469.4,6634083.0
2018-01-30 10:44:10.384811,469.4,469.2,469.4,6634083.0
2018-01-30 10:44:11.768858,469.4,469.2,469.4,6634083.0
2018-01-30 10:44:12.969159,469.4,469.2,469.4,6634083.0
2018-01-30 10:44:14.483015,469.4,469.2,469.4,6634083.0
2018-01-30 10:44:15.473743,469.4,469.2,469.4,6634083.0
2018-01-30 10:44:16.779438,469.0,469.0,469.2,6668083.0
2018-01-30 10:44:18.164285,469.0,469.0,469.2,6668083.0
2018-01-30 10:44:19.171941,469.0,469.0,469.2,6668083.0
2018-01-30 10:44:20.404678,469.0,469.0,469.2,6668083.0
2018-01-30 10:44:21.812114,469.0,469.0,469.2,6668083.0
2018-01-30 10:44:23.258624,469.2,469.0,469.2,6670883.0
2018-01-30 10:44:24.690488,469.2,469.0,469.2,6670883.0
2018-01-30 10:44:26.451922,469.2,469.0,469.2,6670883.0
2018-01-30 10:44:27.797998,469.2,469.0,469.2,6670883.0
2018-01-30 10:44:28.738280,469.2,469.0,469.2,6670883.0
2018-01-30 10:44:29.919572,469.2,469.0,469.2,6670883.0
2018-01-30 10:44:31.186278,469.2,469.0,469.2,6670883.0
2018-01-30 10:44:32.385183,469.2,469.0,469.2,6670883.0
2018-01-30 10:44:33.634335,469.2,469.0,469.2,6670883.0
2018-01-30 10:44:34.838313,469.2,469.0,469.2,6670883.0
2018-01-30 10:44:36.602812,469.2,469.0,469.2,6670883.0
2018-01-30 10:44:38.428590,469.0,469.0,469.2,6672783.0
2018-01-30 10:44:39.583092,469.0,469.0,469.2,6672783.0
2018-01-30 10:44:41.495897,469.0,469.0,469.2,6672783.0
2018-01-30 10:44:43.349787,469.0,469.0,469.2,6672783.0
2018-01-30 10:44:44.840600,469.0,469.0,469.2,6672783.0
2018-01-30 10:44:46.045487,469.0,469.0,469.2,6672783.0
2018-01-30 10:44:47.140765,469.0,469.0,469.2,6672783.0
2018-01-30 10:44:48.142399,469.0,469.0,469.2,6672783.0
2018-01-30 10:44:49.320471,469.0,469.0,469.2,6672783.0
2018-01-30 10:44:51.323952,469.0,469.0,469.2,6672783.0
2018-01-30 10:44:52.888021,469.0,469.0,469.2,6672783.0
2018-01-30 10:44:54.597084,469.0,469.0,469.2,6672783.0
2018-01-30 10:44:56.545363,469.0,469.0,469.2,6672783.0
2018-01-30 10:44:58.096263,469.0,469.0,469.2,6672783.0
2018-01-30 10:45:00.863908,469.0,469.0,469.2,6672783.0
2018-01-30 10:45:02.099137,469.2,469.0,469.2,6676983.0
2018-01-30 10:45:03.632132,469.2,469.0,469.2,6676983.0
2018-01-30 10:45:05.453843,469.2,469.0,469.2,6676983.0
2018-01-30 10:45:07.065475,469.2,469.0,469.2,6676783.0
2018-01-30 10:45:08.565145,469.2,469.0,469.2,6676783.0
2018-01-30 10:45:09.476255,469.2,469.0,469.2,6676983.0
2018-01-30 10:45:10.488524,469.2,469.0,469.2,6676983.0
2018-01-30 10:45:11.618976,469.2,469.0,469.2,6676783.0
2018-01-30 10:45:12.551151,469.2,469.0,469.2,6676983.0
2018-01-30 10:45:13.472096,469.2,469.0,469.2,6676983.0
2018-01-30 10:45:14.688035,469.2,469.0,469.2,6676783.0
2018-01-30 10:45:15.691305,469.2,469.0,469.2,6676783.0
2018-01-30 10:45:16.699919,469.2,469.0,469.2,6676983.0
2018-01-30 10:45:17.849866,469.2,469.0,469.2,6676983.0
2018-01-30 10:45:18.943679,469.0,469.0,469.2,6679983.0
2018-01-30 10:45:19.996627,469.0,469.0,469.2,6679983.0
2018-01-30 10:45:20.937473,469.0,469.0,469.2,6679983.0
2018-01-30 10:45:22.149669,469.0,469.0,469.2,6680283.0
2018-01-30 10:45:23.331337,469.0,469.0,469.2,6680283.0
2018-01-30 10:45:24.565991,469.0,469.0,469.2,6679983.0
2018-01-30 10:45:25.786541,469.0,469.0,469.2,6679983.0
2018-01-30 10:45:27.013754,469.0,469.0,469.2,6679983.0
2018-01-30 10:45:27.969560,469.0,469.0,469.2,6680283.0
2018-01-30 10:45:29.163690,469.0,469.0,469.2,6679983.0
2018-01-30 10:45:30.391969,469.0,469.0,469.2,6680283.0
2018-01-30 10:45:31.670607,469.0,469.0,469.2,6680283.0
2018-01-30 10:45:32.864199,469.0,469.0,469.2,6679983.0
2018-01-30 10:45:34.084849,469.0,469.0,469.2,6679983.0
2018-01-30 10:45:35.144936,469.0,469.0,469.2,6680283.0
2018-01-30 10:45:36.230767,469.0,469.0,469.2,6680283.0
2018-01-30 10:45:37.517238,469.2,469.0,469.2,6681883.0
2018-01-30 10:45:38.744589,469.2,469.0,469.2,6681883.0
2018-01-30 10:45:39.980944,469.0,469.0,469.2,6680283.0
2018-01-30 10:45:40.944416,469.0,469.0,469.2,6680283.0
2018-01-30 10:45:42.106904,469.0,469.0,469.2,6680283.0
2018-01-30 10:45:43.281437,469.2,469.0,469.2,6681883.0
2018-01-30 10:45:44.208205,469.2,469.0,469.2,6681883.0
2018-01-30 10:45:45.140505,469.2,469.0,469.2,6681883.0
2018-01-30 10:45:46.056668,469.2,469.0,469.2,6681883.0
2018-01-30 10:45:47.426399,469.2,469.0,469.2,6681883.0
2018-01-30 10:45:48.518058,469.0,469.0,469.2,6682483.0
2018-01-30 10:45:49.749151,469.0,469.0,469.2,6685183.0
2018-01-30 10:45:51.035937,469.0,469.0,469.2,6685283.0
2018-01-30 10:45:52.211194,469.0,469.0,469.2,6685183.0
2018-01-30 10:45:53.197718,469.0,469.0,469.2,6685183.0
2018-01-30 10:45:54.415347,469.0,469.0,469.2,6685283.0
2018-01-30 10:45:55.584588,469.0,469.0,469.2,6687083.0
2018-01-30 10:45:56.656044,469.0,469.0,469.2,6687083.0
2018-01-30 10:45:57.743587,469.0,469.0,469.2,6687083.0
2018-01-30 10:45:58.965938,469.0,469.0,469.2,6687083.0
2018-01-30 10:45:59.882473,469.0,469.0,469.2,6687083.0
2018-01-30 10:46:01.164100,469.0,469.0,469.2,6687083.0
2018-01-30 10:46:02.059105,469.0,469.0,469.2,6687083.0
2018-01-30 10:46:03.272210,469.0,469.0,469.2,6687083.0
2018-01-30 10:46:04.557145,469.0,469.0,469.2,6687083.0
2018-01-30 10:46:05.757268,469.0,469.0,469.2,6687083.0
2018-01-30 10:46:06.680565,469.0,469.0,469.2,6687083.0
2018-01-30 10:46:07.571143,469.0,469.0,469.2,6687083.0
2018-01-30 10:46:08.824551,469.0,469.0,469.2,6687083.0
2018-01-30 10:46:10.095539,469.0,469.0,469.2,6687083.0
2018-01-30 10:46:11.068601,469.0,469.0,469.2,6687083.0
2018-01-30 10:46:12.181628,469.0,469.0,469.2,6687083.0
2018-01-30 10:46:13.467537,469.0,469.0,469.2,6687683.0
2018-01-30 10:46:14.664419,469.0,469.0,469.2,6687683.0
2018-01-30 10:46:16.400091,469.0,469.0,469.2,6687683.0
2018-01-30 10:46:17.716879,469.2,469.0,469.2,6703383.0
2018-01-30 10:46:19.891257,469.2,469.0,469.2,6705783.0
2018-01-30 10:46:21.487680,469.2,469.0,469.2,6703383.0
2018-01-30 10:46:22.959082,469.2,469.0,469.2,6705783.0
2018-01-30 10:46:24.384966,469.2,469.0,469.2,6705783.0
2018-01-30 10:46:25.697645,469.2,469.0,469.2,6703383.0
2018-01-30 10:46:27.137320,469.2,469.0,469.2,6705783.0
2018-01-30 10:46:28.202539,469.2,469.0,469.2,6703383.0
2018-01-30 10:46:29.609333,469.2,469.0,469.2,6703383.0
2018-01-30 10:46:30.667560,469.2,469.0,469.2,6705783.0
2018-01-30 10:46:32.373436,469.2,469.0,469.4,6707383.0
2018-01-30 10:46:33.411186,469.2,469.0,469.4,6707383.0
2018-01-30 10:46:34.648168,469.2,469.0,469.4,6707583.0
2018-01-30 10:46:36.553548,469.2,469.0,469.4,6707383.0
2018-01-30 10:46:37.707558,469.2,469.0,469.2,6709883.0
2018-01-30 10:46:38.961292,469.2,469.0,469.2,6709883.0
2018-01-30 10:46:40.558356,469.2,469.0,469.2,6709983.0
2018-01-30 10:46:41.756267,469.2,469.0,469.2,6709983.0
2018-01-30 10:46:43.189900,469.2,469.0,469.2,6709983.0
2018-01-30 10:46:44.224820,469.2,469.0,469.2,6709983.0
2018-01-30 10:46:45.386289,469.2,469.0,469.2,6709983.0
2018-01-30 10:46:46.993054,469.4,469.4,469.6,6720383.0
2018-01-30 10:46:48.972615,469.4,469.4,469.6,6720383.0
2018-01-30 10:46:50.517521,469.4,469.4,469.6,6720383.0
2018-01-30 10:46:52.242246,469.4,469.4,469.6,6720383.0
2018-01-30 10:46:53.401619,469.4,469.4,469.6,6720383.0
2018-01-30 10:46:54.631218,469.4,469.4,469.6,6720383.0
2018-01-30 10:46:57.068533,469.4,469.4,469.6,6720383.0
2018-01-30 10:46:59.166214,469.4,469.4,469.6,6720383.0
2018-01-30 10:47:01.192829,469.4,469.4,469.6,6720383.0
2018-01-30 10:47:02.951850,469.4,469.4,469.6,6720383.0
2018-01-30 10:47:05.046476,469.4,469.4,469.6,6720383.0
2018-01-30 10:47:08.785366,469.4,469.4,469.6,6720383.0
2018-01-30 10:47:12.783172,469.4,469.4,469.6,6720383.0
2018-01-30 10:47:16.522067,469.4,469.2,469.4,6724883.0
2018-01-30 10:47:18.746559,469.4,469.2,469.4,6724883.0
2018-01-30 10:47:22.741173,469.4,469.2,469.4,6724883.0
2018-01-30 10:47:26.470846,469.4,469.2,469.4,6724883.0
2018-01-30 10:47:30.319882,469.4,469.2,469.4,6724883.0
2018-01-30 10:47:33.287060,469.2,469.2,469.6,6727283.0
2018-01-30 10:47:35.541340,469.2,469.2,469.6,6727283.0
2018-01-30 10:47:40.745206,,,,
2018-01-30 10:47:42.947775,469.2,469.2,469.6,6727283.0
2018-01-30 10:47:45.782542,469.2,469.2,469.6,6727283.0
2018-01-30 10:47:48.392652,469.4,469.2,469.4,6728383.0
2018-01-30 10:47:51.208203,469.4,469.2,469.4,6728383.0
2018-01-30 10:47:53.573989,469.4,469.2,469.4,6728383.0
2018-01-30 10:47:56.198341,469.4,469.2,469.4,6729883.0
2018-01-30 10:47:58.996105,469.4,469.2,469.4,6729883.0
2018-01-30 10:48:01.448994,469.2,469.2,469.4,6732183.0
2018-01-30 10:48:08.089355,469.2,469.2,469.4,6732183.0
2018-01-30 10:48:10.358335,469.4,469.2,469.4,6733983.0
2018-01-30 10:48:13.126170,469.4,469.2,469.4,6733983.0
2018-01-30 10:48:16.372313,469.4,469.2,469.4,6733983.0
2018-01-30 10:48:19.271837,469.4,469.2,469.4,6734983.0
2018-01-30 10:48:22.949165,469.4,469.2,469.4,6734983.0
2018-01-30 10:48:26.946908,469.4,469.2,469.4,6734983.0
2018-01-30 10:48:30.632889,469.4,469.2,469.4,6734983.0
2018-01-30 10:48:33.703805,469.4,469.2,469.4,6734983.0
2018-01-30 10:48:36.922978,469.4,469.2,469.4,6734983.0
2018-01-30 10:48:40.220096,469.0,469.0,469.2,6742083.0
2018-01-30 10:48:44.147919,469.0,469.0,469.2,6742083.0
2018-01-30 10:48:47.835779,469.0,469.0,469.2,6742083.0
2018-01-30 10:48:51.471581,469.0,469.0,469.2,6742083.0
2018-01-30 10:48:54.901453,469.2,469.0,469.2,6745283.0
2018-01-30 10:48:57.403688,469.2,469.0,469.2,6745283.0
2018-01-30 10:49:00.736927,469.2,469.0,469.2,6745283.0
2018-01-30 10:49:04.424771,469.2,469.0,469.2,6745283.0
2018-01-30 10:49:07.650116,469.2,469.0,469.2,6746483.0
2018-01-30 10:49:09.335320,469.2,469.0,469.2,6746483.0
2018-01-30 10:49:10.698198,469.0,469.0,469.2,6746183.0
2018-01-30 10:49:12.306474,469.0,469.0,469.2,6746183.0
2018-01-30 10:49:13.483892,469.2,469.0,469.2,6746483.0
2018-01-30 10:49:14.709969,469.0,469.0,469.2,6746183.0
2018-01-30 10:49:15.923003,469.0,469.0,469.2,6746183.0
2018-01-30 10:49:17.172188,469.0,469.0,469.2,6746183.0
2018-01-30 10:49:18.088010,469.2,469.0,469.2,6746483.0
2018-01-30 10:49:19.159037,469.2,469.0,469.2,6746483.0
2018-01-30 10:49:20.211500,469.2,469.0,469.2,6746483.0
2018-01-30 10:49:22.253114,469.0,469.0,469.2,6746183.0
2018-01-30 10:49:23.293962,469.0,469.0,469.2,6751983.0
2018-01-30 10:49:24.546140,469.0,469.0,469.2,6753183.0
2018-01-30 10:49:26.244427,469.0,469.0,469.2,6753183.0
2018-01-30 10:49:27.918835,469.0,469.0,469.2,6755483.0
2018-01-30 10:49:29.810588,469.0,469.0,469.2,6755683.0
2018-01-30 10:49:31.154513,469.0,469.0,469.2,6755483.0
2018-01-30 10:49:32.200166,469.0,469.0,469.2,6755483.0
2018-01-30 10:49:33.610167,469.0,469.0,469.2,6755683.0
2018-01-30 10:49:34.718511,469.0,469.0,469.2,6757183.0
2018-01-30 10:49:36.265527,469.0,469.0,469.2,6757183.0
2018-01-30 10:49:37.577270,469.0,469.0,469.2,6757183.0
2018-01-30 10:49:38.827279,469.0,469.0,469.2,6757183.0
2018-01-30 10:49:40.132391,469.0,469.0,469.2,6757783.0
2018-01-30 10:49:41.124183,469.0,469.0,469.2,6757183.0
2018-01-30 10:49:42.182087,469.0,469.0,469.2,6757783.0
2018-01-30 10:49:43.185039,469.0,469.0,469.2,6757783.0
2018-01-30 10:49:44.498439,469.0,468.8,469.0,6759883.0
2018-01-30 10:49:45.695091,469.0,468.8,469.0,6759883.0
2018-01-30 10:49:46.624733,469.0,468.8,469.0,6759983.0
2018-01-30 10:49:47.889648,469.0,468.8,469.0,6759883.0
2018-01-30 10:49:49.084177,469.0,468.8,469.0,6759883.0
2018-01-30 10:49:49.979079,469.0,468.8,469.0,6759883.0
2018-01-30 10:49:51.012439,469.0,468.8,469.0,6759883.0
2018-01-30 10:49:52.127554,469.0,468.8,469.0,6759983.0
2018-01-30 10:49:53.404366,469.0,468.8,469.0,6759883.0
2018-01-30 10:49:54.660263,469.0,468.8,469.0,6763483.0
2018-01-30 10:49:55.826680,469.0,468.8,469.0,6763483.0
2018-01-30 10:49:56.811852,469.0,468.8,469.0,6763483.0
2018-01-30 10:49:57.968532,469.0,468.8,469.0,6763483.0
2018-01-30 10:49:59.255465,469.0,468.8,469.0,6759983.0
2018-01-30 10:50:00.478982,469.0,468.8,469.0,6763483.0
2018-01-30 10:50:01.682460,469.0,468.8,469.0,6763883.0
2018-01-30 10:50:02.605252,469.0,468.8,469.0,6763483.0
2018-01-30 10:50:03.574831,469.0,468.8,469.0,6763883.0
2018-01-30 10:50:04.426283,469.0,468.8,469.0,6763883.0
2018-01-30 10:50:05.341083,469.0,468.8,469.0,6763883.0
2018-01-30 10:50:06.569069,469.0,468.8,469.0,6763883.0
2018-01-30 10:50:07.800046,469.0,468.8,469.0,6763483.0
2018-01-30 10:50:08.736897,469.0,468.8,469.0,6763483.0
2018-01-30 10:50:09.994251,469.0,468.8,469.0,6763483.0
2018-01-30 10:50:11.195541,468.8,468.8,469.0,6767883.0
2018-01-30 10:50:12.103823,468.8,468.8,469.0,6767883.0
2018-01-30 10:50:13.199474,468.8,468.6,469.0,6770483.0
2018-01-30 10:50:14.552938,468.8,468.8,469.0,6770483.0
2018-01-30 10:50:15.797407,468.8,468.6,468.8,6769683.0
2018-01-30 10:50:16.868214,468.8,468.6,468.8,6771983.0
2018-01-30 10:50:17.932460,468.8,468.6,468.8,6771983.0
2018-01-30 10:50:18.871557,468.8,468.6,468.8,6773883.0
2018-01-30 10:50:20.089926,468.8,468.6,468.8,6771983.0
2018-01-30 10:50:21.123898,468.8,468.6,468.8,6777483.0
2018-01-30 10:50:22.231284,468.8,468.6,468.8,6777483.0
2018-01-30 10:50:23.459592,468.6,468.4,468.6,6786283.0
2018-01-30 10:50:24.757956,468.6,468.4,468.6,6787183.0
2018-01-30 10:50:25.981471,468.6,468.4,468.6,6786283.0
2018-01-30 10:50:27.151233,468.6,468.4,468.6,6786283.0
2018-01-30 10:50:28.490441,468.6,468.4,468.6,6786283.0
2018-01-30 10:50:29.388363,468.6,468.4,468.6,6786283.0
2018-01-30 10:50:30.531223,468.6,468.4,468.6,6786283.0
2018-01-30 10:50:31.461025,468.6,468.4,468.6,6786283.0
2018-01-30 10:50:32.676189,468.6,468.4,468.6,6786283.0
2018-01-30 10:50:33.612225,468.6,468.4,468.6,6790883.0
2018-01-30 10:50:34.827760,468.4,468.4,468.6,6791483.0
2018-01-30 10:50:36.066804,468.6,468.4,468.6,6790883.0
2018-01-30 10:50:37.352998,468.6,468.4,468.6,6790883.0
2018-01-30 10:50:38.590664,468.4,468.4,468.6,6791483.0
2018-01-30 10:50:39.604255,468.6,468.4,468.6,6790883.0
2018-01-30 10:50:40.685870,468.6,468.4,468.6,6790883.0
2018-01-30 10:50:41.620372,468.6,468.4,468.6,6792783.0
2018-01-30 10:50:42.821473,468.4,468.4,468.6,6791483.0
2018-01-30 10:50:44.105656,468.6,468.4,468.6,6792783.0
2018-01-30 10:50:45.306128,468.4,468.4,468.6,6791483.0
2018-01-30 10:50:46.556590,468.6,468.4,468.6,6792783.0
2018-01-30 10:50:47.439360,468.6,468.4,468.6,6792783.0
2018-01-30 10:50:48.719254,468.6,468.4,468.6,6792783.0
2018-01-30 10:50:49.932070,468.6,468.4,468.6,6792783.0
2018-01-30 10:50:50.827123,468.6,468.4,468.6,6792783.0
2018-01-30 10:50:52.053410,468.4,468.4,468.6,6791483.0
2018-01-30 10:50:53.280537,468.4,468.4,468.6,6792883.0
2018-01-30 10:50:54.531098,468.4,468.4,468.6,6792883.0
2018-01-30 10:50:55.457785,468.4,468.4,468.6,6792883.0
2018-01-30 10:50:56.600408,468.4,468.4,468.6,6793583.0
2018-01-30 10:50:57.875326,468.4,468.4,468.6,6793583.0
2018-01-30 10:50:59.166896,468.4,468.4,468.6,6793583.0
2018-01-30 10:51:00.380474,468.4,468.4,468.6,6796083.0
2018-01-30 10:51:01.580156,468.4,468.4,468.6,6796083.0
2018-01-30 10:51:02.836392,468.4,468.4,468.6,6796083.0
2018-01-30 10:51:03.729154,468.4,468.4,468.6,6796083.0
2018-01-30 10:51:04.653218,468.4,468.4,468.6,6796083.0
2018-01-30 10:51:05.858009,468.4,468.4,468.6,6796083.0
2018-01-30 10:51:06.791124,468.4,468.4,468.6,6796083.0
2018-01-30 10:51:07.804059,468.4,468.4,468.6,6796083.0
2018-01-30 10:51:08.827757,468.4,468.4,468.6,6796083.0
2018-01-30 10:51:09.650753,468.4,468.4,468.6,6796083.0
2018-01-30 10:51:10.578427,468.4,468.4,468.6,6796083.0
2018-01-30 10:51:11.375904,468.4,468.4,468.6,6796083.0
2018-01-30 10:51:12.316079,468.4,468.4,468.6,6796083.0
2018-01-30 10:51:13.428497,468.4,468.4,468.6,6796083.0
2018-01-30 10:51:14.826335,468.4,468.4,468.6,6796083.0
2018-01-30 10:51:15.955447,468.6,468.4,468.6,6804183.0
2018-01-30 10:51:17.132375,468.6,468.4,468.6,6804183.0
2018-01-30 10:51:18.326269,468.6,468.4,468.6,6804183.0
2018-01-30 10:51:19.745898,468.6,468.4,468.6,6804183.0
2018-01-30 10:51:21.086647,468.6,468.4,468.6,6804183.0
2018-01-30 10:51:22.853457,468.6,468.4,468.6,6830483.0
2018-01-30 10:51:23.800255,468.6,468.4,468.6,6830483.0
2018-01-30 10:51:25.032361,468.6,468.4,468.6,6831683.0
2018-01-30 10:51:26.977936,468.6,468.4,468.6,6831683.0
2018-01-30 10:51:28.181968,468.6,468.4,468.6,6831683.0
2018-01-30 10:51:29.858348,468.6,468.4,468.6,6831683.0
2018-01-30 10:51:31.010415,468.6,468.4,468.6,6831683.0
2018-01-30 10:51:32.408532,468.6,468.4,468.6,6831683.0
2018-01-30 10:51:33.569424,468.6,468.4,468.6,6831683.0
2018-01-30 10:51:35.211268,468.6,468.4,468.6,6830483.0
2018-01-30 10:51:36.435077,468.8,468.6,469.0,6837683.0
2018-01-30 10:51:37.558886,469.0,468.6,469.0,6844683.0
2018-01-30 10:51:38.788584,469.0,468.6,469.0,6844683.0
2018-01-30 10:51:40.023488,469.0,468.6,469.0,6844683.0
2018-01-30 10:51:41.923299,469.0,468.6,469.0,6843883.0
2018-01-30 10:51:43.095717,469.0,468.6,469.0,6844683.0
2018-01-30 10:51:44.306895,469.0,468.6,469.0,6844683.0
2018-01-30 10:51:45.716844,469.0,468.6,469.0,6844683.0
2018-01-30 10:51:47.559058,469.0,468.6,469.0,6844683.0
2018-01-30 10:51:48.935763,469.0,468.6,469.0,6843883.0
2018-01-30 10:51:50.132876,469.0,468.6,469.0,6844683.0
2018-01-30 10:51:51.666739,469.0,468.6,469.0,6844683.0
2018-01-30 10:51:52.900602,469.0,468.6,469.0,6844683.0
2018-01-30 10:51:54.674837,469.0,468.6,469.0,6844683.0
2018-01-30 10:51:56.449527,469.0,468.4,468.6,6844683.0
2018-01-30 10:51:57.724921,468.6,468.4,468.6,6858383.0
2018-01-30 10:51:58.922398,468.6,468.4,468.8,6874383.0
2018-01-30 10:52:00.011421,468.6,468.4,468.8,6874383.0
2018-01-30 10:52:01.894275,468.6,468.4,468.8,6874383.0
2018-01-30 10:52:03.420833,468.6,468.4,468.8,6874383.0
2018-01-30 10:52:04.872860,468.6,468.4,468.8,6874383.0
2018-01-30 10:52:06.614465,468.6,468.4,468.8,6874383.0
2018-01-30 10:52:07.762959,468.6,468.4,468.8,6874683.0
2018-01-30 10:52:09.550279,468.6,468.4,468.8,6874683.0
2018-01-30 10:52:10.959738,468.6,468.4,468.8,6874683.0
2018-01-30 10:52:12.279985,468.6,468.4,468.8,6874383.0
2018-01-30 10:52:13.623381,468.6,468.4,468.8,6874383.0
2018-01-30 10:52:15.526537,468.6,468.4,468.8,6875683.0
2018-01-30 10:52:16.920047,468.6,468.4,468.6,6879583.0
2018-01-30 10:52:18.324909,468.6,468.6,469.0,6879583.0
2018-01-30 10:52:19.650128,468.6,468.4,468.6,6879583.0
2018-01-30 10:52:21.247463,468.6,468.6,469.0,6884483.0
2018-01-30 10:52:22.575337,468.6,468.6,469.0,6884483.0
2018-01-30 10:52:24.159826,468.8,468.8,469.0,6884483.0
2018-01-30 10:52:25.772421,468.8,468.8,469.0,6884483.0
2018-01-30 10:52:27.024681,468.6,468.8,469.0,6884483.0
2018-01-30 10:52:28.642128,468.8,468.8,469.0,6884483.0
2018-01-30 10:52:30.096520,468.8,468.8,469.0,6884483.0
2018-01-30 10:52:31.367652,468.8,468.8,469.0,6885683.0
2018-01-30 10:52:33.040038,468.8,468.8,469.0,6885683.0
2018-01-30 10:52:34.383954,468.8,468.8,469.0,6885683.0
2018-01-30 10:52:35.625503,468.8,468.8,469.0,6893983.0
2018-01-30 10:52:37.283771,469.0,468.6,469.0,6902583.0
2018-01-30 10:52:38.877208,469.0,468.6,469.0,6904083.0
2018-01-30 10:52:39.912742,469.0,468.6,469.0,6904083.0
2018-01-30 10:52:41.154959,469.0,468.6,469.0,6904083.0
2018-01-30 10:52:43.183361,469.0,468.6,469.0,6902583.0
2018-01-30 10:52:44.420531,469.0,468.6,469.0,6902583.0
2018-01-30 10:52:45.888240,469.0,468.6,469.0,6902583.0
2018-01-30 10:52:47.765290,469.0,468.6,469.0,6902583.0
2018-01-30 10:52:48.839911,469.0,468.8,469.0,6904083.0
2018-01-30 10:52:50.546134,469.0,468.8,469.0,6905683.0
2018-01-30 10:52:51.725228,469.0,468.8,469.0,6905683.0
2018-01-30 10:52:53.038446,469.0,468.8,469.0,6905683.0
2018-01-30 10:52:54.521791,468.8,468.8,469.0,6907483.0
2018-01-30 10:52:56.384774,468.8,468.8,469.0,6907483.0
2018-01-30 10:52:58.028703,468.8,468.8,469.0,6907483.0
2018-01-30 10:52:59.456672,468.8,468.8,469.0,6907483.0
2018-01-30 10:53:00.815717,468.8,468.8,469.0,6907483.0
2018-01-30 10:53:02.230188,468.8,468.8,469.0,6907483.0
2018-01-30 10:53:03.405100,468.8,468.8,469.0,6907883.0
2018-01-30 10:53:04.516561,468.8,468.8,469.0,6907883.0
2018-01-30 10:53:05.741040,468.8,468.8,469.0,6907483.0
2018-01-30 10:53:06.956779,468.8,468.8,469.0,6907883.0
2018-01-30 10:53:08.199819,469.0,468.8,469.0,6909783.0
2018-01-30 10:53:09.903426,468.8,468.8,469.0,6910783.0
2018-01-30 10:53:11.053483,469.0,468.8,469.0,6909783.0
2018-01-30 10:53:12.295582,468.8,468.8,469.0,6910783.0
2018-01-30 10:53:13.417203,469.0,468.8,469.0,6909783.0
2018-01-30 10:53:14.817352,468.8,468.8,469.0,6910783.0
2018-01-30 10:53:16.525477,468.8,468.8,469.0,6910783.0
2018-01-30 10:53:17.776571,469.0,468.8,469.0,6909783.0
2018-01-30 10:53:19.445927,469.0,468.8,469.0,6909783.0
2018-01-30 10:53:21.133948,468.8,468.8,469.0,6910783.0
2018-01-30 10:53:22.301684,468.8,468.8,469.0,6912883.0
2018-01-30 10:53:23.900498,468.8,468.8,469.0,6914483.0
2018-01-30 10:53:25.094094,468.8,468.8,469.0,6914883.0
2018-01-30 10:53:26.573897,468.8,468.8,469.0,6914483.0
2018-01-30 10:53:28.325758,468.8,468.8,469.0,6914883.0
2018-01-30 10:53:29.589833,469.0,468.8,469.0,6921283.0
2018-01-30 10:53:30.966445,469.0,468.8,469.0,6921283.0
2018-01-30 10:53:32.436804,469.0,468.8,469.0,6921283.0
2018-01-30 10:53:33.845317,469.0,468.8,469.0,6921283.0
2018-01-30 10:53:35.727520,468.8,468.8,469.0,6919683.0
2018-01-30 10:53:37.245722,468.8,468.8,469.0,6919683.0
2018-01-30 10:53:38.295604,469.0,468.8,469.0,6921283.0
2018-01-30 10:53:39.510720,469.0,468.8,469.0,6921283.0
2018-01-30 10:53:40.571899,469.0,468.8,469.0,6921283.0
2018-01-30 10:53:41.670667,469.0,468.8,469.0,6921283.0
2018-01-30 10:53:42.899479,468.8,468.8,469.0,6919683.0
2018-01-30 10:53:44.069000,468.8,468.8,469.0,6919683.0
2018-01-30 10:53:45.568157,469.0,468.8,469.0,6921283.0
2018-01-30 10:53:46.902954,469.0,468.8,469.0,6921283.0
2018-01-30 10:53:48.314663,469.0,468.8,469.0,6921283.0
2018-01-30 10:53:49.996654,468.8,468.8,469.0,6922183.0
2018-01-30 10:53:51.195817,468.8,468.8,469.0,6922383.0
2018-01-30 10:53:52.918271,468.8,468.8,469.0,6922183.0
2018-01-30 10:53:54.747779,468.8,468.8,469.0,6922383.0
2018-01-30 10:53:55.844074,468.8,468.8,469.0,6922383.0
2018-01-30 10:53:57.085890,468.8,468.8,469.0,6922383.0
2018-01-30 10:53:58.924049,468.8,468.8,469.0,6922383.0
2018-01-30 10:54:00.553908,468.8,468.6,469.0,6928083.0
2018-01-30 10:54:02.224621,468.8,468.6,469.0,6928083.0
2018-01-30 10:54:03.620996,468.8,468.8,469.0,6928083.0
2018-01-30 10:54:05.308443,468.8,468.6,469.0,6925983.0
2018-01-30 10:54:06.678151,468.8,468.6,468.8,6928083.0
2018-01-30 10:54:08.133348,468.8,468.6,469.0,6928083.0
2018-01-30 10:54:09.390475,468.6,468.6,468.8,6929883.0
2018-01-30 10:54:10.554997,468.8,468.6,468.8,6930983.0
2018-01-30 10:54:11.850881,468.6,468.6,468.8,6929883.0
2018-01-30 10:54:12.978313,468.6,468.6,468.8,6929883.0
2018-01-30 10:54:14.709155,468.8,468.6,468.8,6930983.0
2018-01-30 10:54:16.229087,468.6,468.6,468.8,6933683.0
2018-01-30 10:54:17.767275,468.6,468.6,468.8,6933683.0
2018-01-30 10:54:18.936641,468.6,468.6,468.8,6933683.0
2018-01-30 10:54:20.511592,468.6,468.6,468.8,6936593.0
2018-01-30 10:54:22.385341,468.6,468.6,468.8,6936593.0
2018-01-30 10:54:23.870701,468.6,468.6,468.8,6936593.0
2018-01-30 10:54:25.572002,468.8,468.4,468.8,6938793.0
2018-01-30 10:54:26.988776,468.8,468.4,468.8,6938793.0
2018-01-30 10:54:28.201336,468.8,468.4,468.8,6938793.0
2018-01-30 10:54:29.698735,468.8,468.4,468.8,6938793.0
2018-01-30 10:54:31.058146,468.8,468.4,468.8,6938793.0
2018-01-30 10:54:32.262527,468.8,468.4,468.8,6938793.0
2018-01-30 10:54:33.316761,468.8,468.4,468.8,6938793.0
2018-01-30 10:54:34.707116,468.8,468.4,468.8,6938793.0
2018-01-30 10:54:36.049436,468.8,468.4,468.8,6938793.0
2018-01-30 10:54:37.346141,468.4,468.4,468.6,6941593.0
2018-01-30 10:54:39.172261,468.4,468.4,468.6,6945093.0
2018-01-30 10:54:40.894729,468.4,468.4,468.6,6945793.0
2018-01-30 10:54:41.935234,468.4,468.4,468.6,6945093.0
2018-01-30 10:54:43.876300,468.4,468.4,468.6,6945093.0
2018-01-30 10:54:45.117376,468.4,468.4,468.6,6945093.0
2018-01-30 10:54:46.965377,468.4,468.4,468.6,6945793.0
2018-01-30 10:54:48.189611,468.6,468.4,468.6,6946593.0
2018-01-30 10:54:49.512678,468.4,468.4,468.6,6946693.0
2018-01-30 10:54:50.927765,468.6,468.4,468.6,6946593.0
2018-01-30 10:54:52.678879,468.4,468.4,468.6,6946693.0
2018-01-30 10:54:53.937726,468.6,468.4,468.6,6946593.0
2018-01-30 10:54:55.883324,468.6,468.4,468.6,6946593.0
2018-01-30 10:54:57.252051,468.6,468.4,468.6,6946593.0
2018-01-30 10:54:58.344684,468.2,468.2,468.6,6949893.0
2018-01-30 10:54:59.910856,468.2,468.2,468.6,6949793.0
2018-01-30 10:55:01.459325,468.6,468.2,468.6,6957193.0
2018-01-30 10:55:02.574542,468.6,468.2,468.6,6957193.0
2018-01-30 10:55:03.806846,468.6,468.2,468.6,6957193.0
2018-01-30 10:55:05.129787,468.6,468.2,468.6,6957193.0
2018-01-30 10:55:06.530167,468.6,468.2,468.6,6957193.0
2018-01-30 10:55:07.797864,468.6,468.2,468.6,6957193.0
2018-01-30 10:55:09.210467,468.6,468.2,468.6,6957193.0
2018-01-30 10:55:10.624044,468.6,468.2,468.6,6957193.0
2018-01-30 10:55:11.971915,468.6,468.2,468.6,6957193.0
2018-01-30 10:55:13.510227,468.6,468.2,468.6,6957193.0
2018-01-30 10:55:15.218993,468.6,468.2,468.6,6962293.0
2018-01-30 10:55:16.472296,468.6,468.2,468.6,6962293.0
2018-01-30 10:55:17.786016,468.6,468.2,468.6,6962293.0
2018-01-30 10:55:18.921543,468.6,468.2,468.6,6962293.0
2018-01-30 10:55:20.131272,468.6,468.2,468.6,6962293.0
2018-01-30 10:55:21.359955,468.6,468.2,468.6,6962293.0
2018-01-30 10:55:22.419483,468.6,468.2,468.6,6962293.0
2018-01-30 10:55:24.288930,468.6,468.2,468.6,6962293.0
2018-01-30 10:55:25.488793,468.6,468.2,468.6,6962293.0
2018-01-30 10:55:27.385351,468.6,468.2,468.6,6962293.0
2018-01-30 10:55:28.728693,468.6,468.2,468.6,6962293.0
2018-01-30 10:55:29.822301,468.6,468.2,468.6,6962293.0
2018-01-30 10:55:31.590160,468.6,468.2,468.6,6962293.0
2018-01-30 10:55:32.853583,468.4,468.4,468.6,6966993.0
2018-01-30 10:55:34.062417,468.4,468.4,468.6,6967093.0
2018-01-30 10:55:35.410797,468.4,468.4,468.6,6967093.0
2018-01-30 10:55:36.780818,468.4,468.4,468.6,6967093.0
2018-01-30 10:55:37.799620,468.6,468.4,468.6,6970193.0
2018-01-30 10:55:40.002786,468.6,468.4,468.6,6970193.0
2018-01-30 10:55:41.453277,468.6,468.4,468.6,6970193.0
2018-01-30 10:55:43.099093,468.6,468.4,468.6,6970193.0
2018-01-30 10:55:44.408662,468.6,468.4,468.6,6970193.0
2018-01-30 10:55:45.598956,468.6,468.4,468.6,6970193.0
2018-01-30 10:55:47.081928,468.6,468.4,468.6,6970193.0
2018-01-30 10:55:48.436866,468.4,468.4,468.6,6972993.0
2018-01-30 10:55:49.481749,468.4,468.4,468.6,6973193.0
2018-01-30 10:55:50.893505,468.4,468.4,468.6,6972993.0
2018-01-30 10:55:52.141446,468.4,468.4,468.6,6973193.0
2018-01-30 10:55:53.857405,468.4,468.4,468.6,6973193.0
2018-01-30 10:55:55.060750,468.4,468.4,468.6,6973193.0
2018-01-30 10:55:56.996240,468.4,468.2,468.4,6974463.0
2018-01-30 10:55:58.723877,468.4,468.2,468.4,6974463.0
2018-01-30 10:55:59.958247,468.4,468.2,468.4,6974463.0
2018-01-30 10:56:01.926713,468.4,468.2,468.4,6975063.0
2018-01-30 10:56:03.317195,468.4,468.2,468.4,6975063.0
2018-01-30 10:56:05.009702,468.2,468.2,468.4,6979563.0
2018-01-30 10:56:06.348783,468.2,468.2,468.4,6979563.0
2018-01-30 10:56:07.786319,468.2,468.2,468.4,6979563.0
2018-01-30 10:56:09.325113,468.2,468.2,468.4,6979563.0
2018-01-30 10:56:10.856389,468.4,468.2,468.4,6980963.0
2018-01-30 10:56:12.288822,468.4,468.2,468.4,6980963.0
2018-01-30 10:56:14.083888,468.4,468.2,468.4,6980963.0
2018-01-30 10:56:15.470176,468.4,468.2,468.4,6980963.0
2018-01-30 10:56:16.971304,468.4,468.2,468.4,6980963.0
2018-01-30 10:56:18.225984,468.4,468.2,468.4,6980963.0
2018-01-30 10:56:19.489710,468.4,468.2,468.4,6980963.0
2018-01-30 10:56:20.689138,468.4,468.2,468.4,6980963.0
2018-01-30 10:56:22.193518,468.4,468.2,468.4,6980963.0
2018-01-30 10:56:23.648070,468.4,468.2,468.4,6980963.0
2018-01-30 10:56:25.241840,468.4,468.2,468.4,6980963.0
2018-01-30 10:56:26.542662,468.4,468.2,468.4,6980963.0
2018-01-30 10:56:27.756926,468.4,468.2,468.4,6980963.0
2018-01-30 10:56:28.799017,468.4,468.2,468.4,6980963.0
2018-01-30 10:56:29.860381,468.4,468.2,468.4,6980963.0
2018-01-30 10:56:31.009696,468.4,468.2,468.4,6980963.0
2018-01-30 10:56:32.291326,468.4,468.2,468.4,6980963.0
2018-01-30 10:56:33.712039,468.4,468.2,468.4,6980963.0
2018-01-30 10:56:34.977602,468.4,468.2,468.4,6980963.0
2018-01-30 10:56:36.351332,468.4,468.2,468.4,6980963.0
2018-01-30 10:56:37.486142,468.4,468.2,468.4,6982563.0
2018-01-30 10:56:39.554905,468.2,468.0,468.2,6999663.0
2018-01-30 10:56:42.268614,468.0,468.0,468.4,7009663.0
2018-01-30 10:56:44.273290,468.0,468.0,468.4,7009663.0
2018-01-30 10:56:46.824708,468.0,468.0,468.4,7009663.0
2018-01-30 10:56:50.128522,468.4,468.2,468.4,7013063.0
2018-01-30 10:56:54.143068,468.4,468.0,468.4,7015963.0
2018-01-30 10:56:55.991032,468.2,468.0,468.2,7013063.0
2018-01-30 10:56:57.241890,468.4,468.0,468.4,7015963.0
2018-01-30 10:56:58.594269,468.4,468.0,468.4,7015963.0
2018-01-30 10:56:59.917775,468.4,468.0,468.4,7016363.0
2018-01-30 10:57:01.882068,468.4,468.0,468.4,7016363.0
2018-01-30 10:57:03.200774,468.4,468.0,468.4,7015963.0
2018-01-30 10:57:04.595709,468.4,468.0,468.4,7015963.0
2018-01-30 10:57:06.128494,468.4,468.0,468.4,7016363.0
2018-01-30 10:57:07.154048,468.2,468.0,468.4,7022614.0
2018-01-30 10:57:08.425937,468.2,468.2,468.4,7022114.0
2018-01-30 10:57:10.005633,468.2,468.2,468.4,7022114.0
2018-01-30 10:57:11.993753,468.2,468.2,468.4,7022114.0
2018-01-30 10:57:13.139672,468.2,468.2,468.4,7022114.0
2018-01-30 10:57:14.239020,468.0,468.0,468.2,7024014.0
2018-01-30 10:57:15.546446,468.2,468.0,468.2,7023814.0
2018-01-30 10:57:16.728320,468.2,468.0,468.2,7023814.0
2018-01-30 10:57:18.175622,468.2,468.0,468.2,7023814.0
2018-01-30 10:57:19.988385,468.2,468.0,468.2,7023814.0
2018-01-30 10:57:21.244898,468.2,468.0,468.2,7023814.0
2018-01-30 10:57:22.280405,468.2,468.0,468.2,7023814.0
2018-01-30 10:57:23.716153,468.2,468.0,468.2,7023814.0
2018-01-30 10:57:25.102780,468.2,468.0,468.2,7023814.0
2018-01-30 10:57:26.478573,468.0,468.0,468.2,7025114.0
2018-01-30 10:57:27.635277,468.0,468.0,468.2,7025114.0
2018-01-30 10:57:29.049924,468.0,468.0,468.2,7025114.0
2018-01-30 10:57:30.101271,468.0,468.0,468.2,7033114.0
2018-01-30 10:57:32.076776,468.0,468.0,468.2,7033114.0
2018-01-30 10:57:33.228177,468.0,468.0,468.2,7033114.0
2018-01-30 10:57:34.520814,468.0,468.0,468.2,7033114.0
2018-01-30 10:57:36.063007,468.0,468.0,468.2,7033114.0
2018-01-30 10:57:37.056745,468.0,468.0,468.2,7033114.0
2018-01-30 10:57:38.060764,468.0,468.0,468.2,7033114.0
2018-01-30 10:57:39.039310,468.0,468.0,468.2,7033114.0
2018-01-30 10:57:40.508753,468.0,468.0,468.2,7033114.0
2018-01-30 10:57:41.617974,468.0,468.0,468.2,7033114.0
2018-01-30 10:57:43.249652,468.0,468.0,468.2,7033114.0
2018-01-30 10:57:44.528461,468.0,468.0,468.2,7034014.0
2018-01-30 10:57:45.880343,468.0,468.0,468.2,7034014.0
2018-01-30 10:57:47.311097,468.0,468.0,468.2,7034014.0
2018-01-30 10:57:48.444199,468.0,468.0,468.2,7034014.0
2018-01-30 10:57:49.734025,468.0,468.0,468.2,7034014.0
2018-01-30 10:57:51.277767,468.2,468.0,468.2,7035514.0
2018-01-30 10:57:52.573602,468.2,468.0,468.2,7035514.0
2018-01-30 10:57:53.916851,468.2,468.0,468.2,7035514.0
2018-01-30 10:57:55.370319,468.2,468.0,468.2,7035514.0
2018-01-30 10:57:56.507030,468.2,468.0,468.2,7035514.0
2018-01-30 10:57:58.059364,468.2,468.0,468.2,7035514.0
2018-01-30 10:57:59.423547,468.0,468.0,468.2,7038414.0
2018-01-30 10:58:00.637300,468.0,468.0,468.2,7038414.0
2018-01-30 10:58:02.675166,468.0,468.0,468.2,7038414.0
2018-01-30 10:58:04.023820,468.0,468.0,468.2,7038314.0
2018-01-30 10:58:05.772208,468.0,468.0,468.2,7038414.0
2018-01-30 10:58:07.453612,468.0,468.0,468.2,7038414.0
2018-01-30 10:58:08.842159,468.0,468.0,468.2,7038314.0
2018-01-30 10:58:09.940124,468.0,468.0,468.2,7038414.0
2018-01-30 10:58:11.173314,468.0,468.0,468.2,7038414.0
2018-01-30 10:58:12.958300,468.0,468.0,468.2,7038314.0
2018-01-30 10:58:14.640203,468.0,468.0,468.2,7038414.0
2018-01-30 10:58:15.780270,468.4,468.0,468.4,7058214.0
2018-01-30 10:58:17.431594,468.4,468.0,468.6,7059714.0
2018-01-30 10:58:19.250155,468.4,468.0,468.6,7059714.0
2018-01-30 10:58:20.436661,468.2,468.0,468.6,7059814.0
2018-01-30 10:58:21.698140,468.4,468.0,468.6,7059714.0
2018-01-30 10:58:23.427985,468.4,468.0,468.6,7059714.0
2018-01-30 10:58:25.296565,468.4,468.0,468.6,7059714.0
2018-01-30 10:58:26.776113,468.4,468.0,468.6,7059714.0
2018-01-30 10:58:27.832693,468.4,468.0,468.6,7059714.0
2018-01-30 10:58:29.587535,468.4,468.0,468.6,7059714.0
2018-01-30 10:58:31.074285,468.4,468.0,468.6,7059714.0
2018-01-30 10:58:32.290268,468.4,468.0,468.6,7059714.0
2018-01-30 10:58:33.556126,468.2,468.0,468.6,7059814.0
2018-01-30 10:58:34.657171,468.2,468.0,468.6,7059814.0
2018-01-30 10:58:35.703775,468.4,468.0,468.6,7059714.0
2018-01-30 10:58:37.077923,468.4,468.0,468.6,7059714.0
2018-01-30 10:58:38.308873,468.4,468.0,468.6,7059714.0
2018-01-30 10:58:39.913100,468.4,468.0,468.6,7059714.0
2018-01-30 10:58:41.887530,468.4,468.0,468.6,7059714.0
2018-01-30 10:58:43.250060,468.2,468.0,468.6,7059814.0
2018-01-30 10:58:44.456151,468.4,468.0,468.6,7059714.0
2018-01-30 10:58:45.785366,468.4,468.0,468.6,7059714.0
2018-01-30 10:58:47.738141,468.4,468.0,468.6,7059714.0
2018-01-30 10:58:49.527397,468.4,468.0,468.6,7059714.0
2018-01-30 10:58:50.721270,468.4,468.0,468.6,7059714.0
2018-01-30 10:58:51.944277,468.4,468.2,468.4,7063014.0
2018-01-30 10:58:53.834148,468.4,468.2,468.4,7063014.0
2018-01-30 10:58:55.654611,468.2,468.2,468.4,7062814.0
2018-01-30 10:58:56.935375,468.2,468.0,468.2,7071214.0
2018-01-30 10:58:58.468503,468.2,468.0,468.2,7071214.0
2018-01-30 10:58:59.863581,468.2,468.0,468.2,7071214.0
2018-01-30 10:59:01.717791,468.2,468.0,468.2,7071214.0
2018-01-30 10:59:02.808642,468.2,468.0,468.2,7071214.0
2018-01-30 10:59:04.044626,468.0,468.0,468.2,7075254.0
2018-01-30 10:59:05.268152,468.0,468.0,468.2,7075254.0
2018-01-30 10:59:06.580866,468.2,468.0,468.2,7075454.0
2018-01-30 10:59:07.920265,468.0,468.0,468.2,7075254.0
2018-01-30 10:59:09.261257,468.0,468.0,468.2,7075254.0
2018-01-30 10:59:10.911623,468.0,468.0,468.2,7075254.0
2018-01-30 10:59:12.434624,468.0,468.0,468.2,7075254.0
2018-01-30 10:59:13.703621,468.0,468.0,468.2,7075254.0
2018-01-30 10:59:14.679364,468.2,468.0,468.2,7075454.0
2018-01-30 10:59:16.016962,468.2,468.0,468.2,7075454.0
2018-01-30 10:59:17.279451,468.0,468.0,468.2,7075254.0
2018-01-30 10:59:18.655694,468.0,468.0,468.2,7075254.0
2018-01-30 10:59:19.952224,468.2,468.0,468.2,7075454.0
2018-01-30 10:59:21.232031,468.2,468.0,468.2,7075454.0
2018-01-30 10:59:22.814499,468.2,468.0,468.2,7075454.0
2018-01-30 10:59:23.960039,468.0,468.0,468.2,7077104.0
2018-01-30 10:59:25.272691,468.0,468.0,468.2,7077104.0
2018-01-30 10:59:26.350879,468.0,468.0,468.2,7077104.0
2018-01-30 10:59:28.087152,468.0,468.0,468.2,7077104.0
2018-01-30 10:59:29.787353,468.0,468.0,468.2,7077104.0
2018-01-30 10:59:31.564011,468.0,468.0,468.2,7077104.0
2018-01-30 10:59:33.609769,468.0,468.0,468.2,7077104.0
2018-01-30 10:59:34.677783,468.0,468.0,468.2,7077104.0
2018-01-30 10:59:36.072953,468.0,468.0,468.2,7077104.0
2018-01-30 10:59:37.437275,468.0,468.0,468.2,7077104.0
2018-01-30 10:59:38.809920,468.2,468.0,468.2,7077304.0
2018-01-30 10:59:40.092092,468.0,468.0,468.2,7077104.0
2018-01-30 10:59:41.494555,468.0,468.0,468.2,7077104.0
2018-01-30 10:59:42.743560,468.2,468.0,468.2,7077304.0
2018-01-30 10:59:44.673438,468.0,468.0,468.2,7077104.0
2018-01-30 10:59:46.206364,468.0,468.0,468.2,7077104.0
2018-01-30 10:59:47.406846,468.0,468.0,468.2,7077104.0
2018-01-30 10:59:49.158299,468.0,468.0,468.2,7077104.0
2018-01-30 10:59:50.615934,468.2,468.0,468.2,7077304.0
2018-01-30 10:59:51.984477,468.2,468.0,468.2,7078204.0
2018-01-30 10:59:53.378881,468.2,468.0,468.2,7078204.0
2018-01-30 10:59:55.425005,468.0,468.0,468.2,7081804.0
2018-01-30 10:59:56.893132,468.2,468.0,468.2,7078204.0
2018-01-30 10:59:58.349874,468.2,468.0,468.2,7078204.0
2018-01-30 11:00:00.228438,468.0,468.0,468.2,7081804.0
2018-01-30 11:00:01.600402,468.0,468.0,468.2,7081804.0
2018-01-30 11:00:03.586480,468.2,468.0,468.2,7082504.0
2018-01-30 11:00:05.073365,468.0,468.0,468.2,7081804.0
2018-01-30 11:00:07.071359,468.0,468.0,468.2,7081804.0
2018-01-30 11:00:08.289746,468.2,468.0,468.2,7082504.0
2018-01-30 11:00:10.057103,468.2,468.0,468.2,7082504.0
2018-01-30 11:00:11.925694,468.0,468.0,468.2,7081804.0
2018-01-30 11:00:12.858079,468.2,468.0,468.2,7097904.0
2018-01-30 11:00:13.953049,468.2,468.0,468.2,7097904.0
2018-01-30 11:00:15.102390,468.2,468.0,468.2,7097904.0
2018-01-30 11:00:16.474032,468.4,468.0,468.4,7106004.0
2018-01-30 11:00:18.333620,468.4,468.0,468.2,7106004.0
2018-01-30 11:00:20.276190,468.4,468.0,468.4,7106004.0
2018-01-30 11:00:21.928414,468.4,468.0,468.4,7106004.0
2018-01-30 11:00:23.617797,468.4,468.0,468.4,7106004.0
2018-01-30 11:00:25.169469,468.4,468.0,468.4,7106804.0
2018-01-30 11:00:26.471062,468.4,468.0,468.4,7106804.0
2018-01-30 11:00:27.770263,468.4,468.0,468.4,7106804.0
2018-01-30 11:00:29.148071,468.4,468.2,468.4,7106004.0
2018-01-30 11:00:30.852907,468.4,468.0,468.4,7106004.0
2018-01-30 11:00:32.621609,,,,
2018-01-30 11:00:34.117394,468.4,468.2,468.4,7107804.0
2018-01-30 11:00:35.172456,468.4,468.2,468.4,7107804.0
2018-01-30 11:00:36.920914,468.4,468.2,468.4,7107804.0
2018-01-30 11:00:38.604972,468.4,468.2,468.4,7107804.0
2018-01-30 11:00:39.888705,468.4,468.2,468.4,7107804.0
2018-01-30 11:00:41.678665,468.4,468.2,468.4,7107804.0
2018-01-30 11:00:43.528724,468.4,468.2,468.4,7107804.0
2018-01-30 11:00:44.922067,468.4,468.2,468.4,7107804.0
2018-01-30 11:00:46.589431,468.4,468.2,468.4,7107804.0
2018-01-30 11:00:48.050856,468.2,468.2,468.4,7109104.0
2018-01-30 11:00:49.220761,468.2,468.2,468.4,7109104.0
2018-01-30 11:00:50.665792,468.2,468.2,468.4,7109104.0
2018-01-30 11:00:52.403842,468.4,468.2,468.4,7117104.0
2018-01-30 11:00:54.021739,468.6,468.2,468.6,7122604.0
2018-01-30 11:00:54.939267,468.6,468.2,468.6,7124304.0
2018-01-30 11:00:56.252939,468.6,468.2,468.6,7122604.0
2018-01-30 11:00:57.600403,468.6,468.2,468.6,7124304.0
2018-01-30 11:00:58.855871,468.6,468.2,468.6,7124304.0
2018-01-30 11:01:00.257018,468.6,468.2,468.6,7122604.0
2018-01-30 11:01:01.592813,468.6,468.2,468.6,7124304.0
2018-01-30 11:01:02.876904,468.6,468.2,468.6,7124304.0
2018-01-30 11:01:03.822140,468.6,468.2,468.6,7122604.0
2018-01-30 11:01:05.241015,468.6,468.2,468.6,7122604.0
2018-01-30 11:01:06.519744,468.6,468.2,468.6,7124304.0
2018-01-30 11:01:07.736097,468.6,468.2,468.6,7124304.0
2018-01-30 11:01:08.962373,468.6,468.2,468.6,7124304.0
2018-01-30 11:01:10.378388,468.6,468.2,468.6,7122604.0
2018-01-30 11:01:11.820482,468.6,468.2,468.6,7124304.0
2018-01-30 11:01:13.735686,468.6,468.2,468.6,7124304.0
2018-01-30 11:01:15.477491,468.4,468.4,468.6,7127504.0
2018-01-30 11:01:16.907805,468.4,468.4,468.6,7127504.0
2018-01-30 11:01:18.486443,468.4,468.4,468.6,7127504.0
2018-01-30 11:01:20.503381,468.4,468.4,468.6,7127504.0
2018-01-30 11:01:21.854283,468.4,468.4,468.6,7127504.0
2018-01-30 11:01:23.070416,468.4,468.4,468.6,7127504.0
2018-01-30 11:01:24.294776,468.4,468.4,468.6,7127504.0
2018-01-30 11:01:25.650995,468.4,468.4,468.6,7127504.0
2018-01-30 11:01:26.697225,468.4,468.4,468.6,7127504.0
2018-01-30 11:01:27.922429,468.4,468.4,468.6,7127504.0
2018-01-30 11:01:29.000557,468.4,468.4,468.6,7127504.0
2018-01-30 11:01:30.163147,468.4,468.4,468.6,7127504.0
2018-01-30 11:01:31.211166,468.4,468.4,468.6,7127504.0
2018-01-30 11:01:32.246610,468.4,468.4,468.6,7127504.0
2018-01-30 11:01:33.544943,468.4,468.4,468.6,7127504.0
2018-01-30 11:01:34.444699,468.4,468.2,468.4,7128704.0
2018-01-30 11:01:35.646288,468.4,468.2,468.4,7129004.0
2018-01-30 11:01:36.668265,468.4,468.2,468.4,7128704.0
2018-01-30 11:01:38.151767,468.4,468.2,468.4,7129004.0
2018-01-30 11:01:39.045724,468.4,468.2,468.4,7129004.0
2018-01-30 11:01:39.937175,468.4,468.2,468.4,7129004.0
2018-01-30 11:01:40.863611,468.4,468.2,468.4,7128704.0
2018-01-30 11:01:41.825301,468.4,468.2,468.4,7128704.0
2018-01-30 11:01:42.705365,468.4,468.2,468.4,7129004.0
2018-01-30 11:01:44.324858,468.4,468.2,468.4,7129004.0
2018-01-30 11:01:45.264045,468.4,468.2,468.4,7128704.0
2018-01-30 11:01:46.050116,468.4,468.2,468.4,7128704.0
2018-01-30 11:01:47.003772,468.4,468.2,468.4,7128704.0
2018-01-30 11:01:48.226323,468.4,468.2,468.4,7129004.0
2018-01-30 11:01:49.515080,468.4,468.2,468.4,7129004.0
2018-01-30 11:01:50.762706,468.4,468.2,468.4,7129004.0
2018-01-30 11:01:51.933043,468.4,468.2,468.4,7128704.0
2018-01-30 11:01:53.147288,468.4,468.4,468.6,7130004.0
2018-01-30 11:01:54.060600,468.4,468.4,468.6,7131204.0
2018-01-30 11:01:54.995801,468.4,468.4,468.6,7131204.0
2018-01-30 11:01:56.291300,468.4,468.4,468.6,7131204.0
2018-01-30 11:01:57.476666,468.2,468.4,468.6,7132904.0
2018-01-30 11:01:58.471287,468.2,468.2,468.4,7132904.0
2018-01-30 11:01:59.584364,468.2,468.2,468.4,7132904.0
2018-01-30 11:02:00.835684,468.2,468.2,468.4,7134604.0
2018-01-30 11:02:02.098374,468.2,468.2,468.4,7134604.0
2018-01-30 11:02:03.098129,468.2,468.2,468.4,7134604.0
2018-01-30 11:02:04.768362,468.2,468.2,468.4,7134604.0
2018-01-30 11:02:05.631442,468.4,468.2,468.4,7134404.0
2018-01-30 11:02:06.591245,468.2,468.2,468.4,7134604.0
2018-01-30 11:02:07.644180,468.2,468.2,468.4,7134604.0
2018-01-30 11:02:08.910182,468.2,468.2,468.4,7134604.0
2018-01-30 11:02:09.926735,468.4,468.2,468.4,7134404.0
2018-01-30 11:02:10.958266,468.2,468.2,468.4,7134604.0
2018-01-30 11:02:12.093698,468.2,468.2,468.4,7134604.0
2018-01-30 11:02:13.367320,468.2,468.2,468.4,7134604.0
2018-01-30 11:02:14.625361,468.2,468.2,468.4,7138304.0
2018-01-30 11:02:15.943484,468.2,468.2,468.4,7138304.0
2018-01-30 11:02:17.418905,468.4,468.2,468.4,7138404.0
2018-01-30 11:02:18.738024,468.4,468.2,468.4,7140904.0
2018-01-30 11:02:19.840683,468.4,468.2,468.4,7140904.0
2018-01-30 11:02:21.256912,468.4,468.2,468.4,7140904.0
2018-01-30 11:02:22.608344,467.8,468.2,468.4,7213004.0
2018-01-30 11:02:23.976872,467.8,467.6,467.8,7213404.0
2018-01-30 11:02:25.482672,467.8,467.6,467.8,7213004.0
2018-01-30 11:02:26.695440,467.8,467.8,468.0,7222504.0
2018-01-30 11:02:27.916228,467.8,467.8,468.0,7220304.0
2018-01-30 11:02:29.269990,467.8,467.8,468.0,7222504.0
2018-01-30 11:02:30.960476,467.8,467.8,468.0,7222504.0
2018-01-30 11:02:32.888158,467.8,467.8,468.0,7222504.0
2018-01-30 11:02:34.780319,468.2,468.0,468.2,7235804.0
2018-01-30 11:02:36.041139,468.0,468.0,468.2,7241504.0
2018-01-30 11:02:37.323861,468.0,467.8,468.0,7244904.0
2018-01-30 11:02:38.288304,468.0,468.0,468.4,7244904.0
2018-01-30 11:02:39.585450,468.0,467.8,468.0,7241504.0
2018-01-30 11:02:41.017746,468.0,468.0,468.4,7244904.0
2018-01-30 11:02:42.363624,468.0,468.2,468.4,7244904.0
2018-01-30 11:02:43.712694,468.2,468.2,468.4,7257104.0
2018-01-30 11:02:45.315033,468.2,468.2,468.4,7257104.0
2018-01-30 11:02:46.855411,468.2,468.2,468.4,7264334.0
2018-01-30 11:02:48.551242,468.2,468.2,468.4,7264334.0
2018-01-30 11:02:49.667061,468.2,468.2,468.4,7264334.0
2018-01-30 11:02:51.314587,468.4,467.8,468.4,7269934.0
2018-01-30 11:02:52.817002,468.4,467.8,468.4,7269934.0
2018-01-30 11:02:54.037256,467.8,467.8,468.4,7271234.0
2018-01-30 11:02:55.528363,468.4,467.8,468.4,7269934.0
2018-01-30 11:02:56.888487,468.2,468.0,468.2,7272184.0
2018-01-30 11:02:58.154424,467.8,467.8,468.4,7271234.0
2018-01-30 11:02:59.428583,468.2,468.0,468.2,7272184.0
2018-01-30 11:03:00.705372,468.2,468.0,468.2,7272184.0
2018-01-30 11:03:02.361422,468.0,468.0,468.2,7283884.0
2018-01-30 11:03:03.832319,468.0,468.0,468.2,7283884.0
2018-01-30 11:03:05.624700,468.0,468.0,468.2,7283784.0
2018-01-30 11:03:07.359000,468.2,467.8,468.2,7284984.0
2018-01-30 11:03:08.477413,468.0,467.8,468.2,7283884.0
2018-01-30 11:03:09.941895,468.0,468.0,468.2,7283884.0
2018-01-30 11:03:12.024968,468.0,468.0,468.2,7283884.0
2018-01-30 11:03:13.579964,468.2,467.8,468.2,7284984.0
2018-01-30 11:03:14.895239,468.2,467.8,468.2,7284984.0
2018-01-30 11:03:16.150811,468.2,467.8,468.2,7284984.0
2018-01-30 11:03:17.542198,468.2,467.8,468.2,7284984.0
2018-01-30 11:03:18.817918,468.2,467.8,468.2,7284984.0
2018-01-30 11:03:20.267732,468.2,467.8,468.2,7284984.0
2018-01-30 11:03:21.643978,468.2,467.8,468.2,7284984.0
2018-01-30 11:03:22.785118,468.2,467.8,468.2,7284984.0
2018-01-30 11:03:24.626088,468.2,467.8,468.2,7284984.0
2018-01-30 11:03:25.693074,468.2,467.8,468.2,7284984.0
2018-01-30 11:03:27.053462,468.0,467.8,468.0,7286884.0
2018-01-30 11:03:28.426519,468.0,467.8,468.0,7286884.0
2018-01-30 11:03:29.793245,468.0,467.8,468.0,7286884.0
2018-01-30 11:03:31.689443,468.0,467.8,468.0,7288084.0
2018-01-30 11:03:33.379319,468.0,467.8,468.0,7288084.0
2018-01-30 11:03:34.881258,468.0,467.8,468.0,7286884.0
2018-01-30 11:03:36.043634,468.0,467.8,468.0,7286884.0
2018-01-30 11:03:37.329120,468.0,467.8,468.0,7286884.0
2018-01-30 11:03:38.406885,468.0,467.8,468.0,7286884.0
2018-01-30 11:03:39.484360,468.0,467.8,468.0,7288084.0
2018-01-30 11:03:40.849288,468.0,467.8,468.0,7288084.0
2018-01-30 11:03:41.939971,468.0,467.8,468.0,7286884.0
2018-01-30 11:03:43.299503,467.8,467.8,468.0,7289884.0
2018-01-30 11:03:44.648393,467.8,467.8,468.0,7289884.0
2018-01-30 11:03:46.122870,468.0,467.8,468.0,7288084.0
2018-01-30 11:03:47.363095,467.8,467.8,468.0,7289884.0
2018-01-30 11:03:48.406375,468.0,467.8,468.0,7288084.0
2018-01-30 11:03:50.098511,467.8,467.8,468.0,7289884.0
2018-01-30 11:03:51.315474,467.8,467.8,468.0,7290184.0
2018-01-30 11:03:52.900674,467.8,467.8,468.0,7289884.0
2018-01-30 11:03:53.902717,467.8,467.8,468.0,7290184.0
2018-01-30 11:03:55.654067,467.8,467.8,468.0,7289884.0
2018-01-30 11:03:56.653283,467.8,467.8,468.0,7289884.0
2018-01-30 11:03:57.957207,468.0,467.8,468.0,7291084.0
2018-01-30 11:03:59.383714,468.0,467.8,468.0,7291084.0
2018-01-30 11:04:01.465448,468.0,467.8,468.0,7291084.0
2018-01-30 11:04:02.515283,468.0,467.8,468.0,7291084.0
2018-01-30 11:04:04.265468,467.8,467.8,468.0,7291984.0
2018-01-30 11:04:05.829475,468.0,467.8,468.0,7291084.0
2018-01-30 11:04:07.588651,468.0,467.8,468.0,7291084.0
2018-01-30 11:04:08.973989,468.0,467.8,468.0,7291084.0
2018-01-30 11:04:10.299134,467.8,467.8,468.0,7291984.0
2018-01-30 11:04:11.710569,468.0,467.8,468.0,7291084.0
2018-01-30 11:04:12.789152,467.8,467.8,468.0,7291984.0
2018-01-30 11:04:14.075199,468.0,467.8,468.0,7291084.0
2018-01-30 11:04:15.406411,467.8,467.8,468.0,7292484.0
2018-01-30 11:04:16.778019,467.8,467.8,468.0,7292484.0
2018-01-30 11:04:18.329182,467.8,467.8,468.0,7292484.0
2018-01-30 11:04:20.086348,467.8,467.8,468.0,7292484.0
2018-01-30 11:04:21.630174,467.8,467.8,468.0,7292484.0
2018-01-30 11:04:23.011827,467.8,467.8,468.0,7292484.0
2018-01-30 11:04:24.704533,467.8,467.8,468.0,7292484.0
2018-01-30 11:04:26.638633,467.8,467.8,468.0,7292484.0
2018-01-30 11:04:28.307676,467.8,467.8,468.0,7292484.0
2018-01-30 11:04:29.775154,467.8,467.8,468.0,7292484.0
2018-01-30 11:04:31.092513,468.0,467.8,468.0,7292584.0
2018-01-30 11:04:32.525054,467.8,467.8,468.0,7292484.0
2018-01-30 11:04:33.726516,468.0,467.8,468.0,7292584.0
2018-01-30 11:04:35.035134,467.8,467.8,468.0,7292484.0
2018-01-30 11:04:36.312509,467.8,467.8,468.0,7292484.0
2018-01-30 11:04:37.731717,468.0,467.8,468.0,7292584.0
2018-01-30 11:04:39.286907,467.8,467.8,468.0,7292484.0
2018-01-30 11:04:40.460489,467.8,467.8,468.0,7292484.0
2018-01-30 11:04:42.219263,467.8,467.8,468.0,7292484.0
2018-01-30 11:04:43.909153,467.8,467.8,468.0,7292484.0
2018-01-30 11:04:45.733193,468.0,467.8,468.0,7292584.0
2018-01-30 11:04:47.243753,468.0,467.8,468.0,7292584.0
2018-01-30 11:04:48.661853,468.0,467.8,468.0,7292584.0
2018-01-30 11:04:50.117562,467.8,467.8,468.0,7292484.0
2018-01-30 11:04:51.349001,468.0,467.8,468.0,7292584.0
2018-01-30 11:04:52.585565,468.0,467.8,468.0,7292584.0
2018-01-30 11:04:54.199817,467.8,467.8,468.0,7292484.0
2018-01-30 11:04:55.340480,468.0,467.8,468.0,7292584.0
2018-01-30 11:04:58.421677,467.8,467.8,468.0,7293284.0
2018-01-30 11:04:59.939540,467.8,467.8,468.0,7293284.0
2018-01-30 11:05:01.551291,468.0,467.8,468.0,7295384.0
2018-01-30 11:05:03.061342,468.0,467.8,468.0,7295384.0
2018-01-30 11:05:04.265566,468.0,467.8,468.0,7295384.0
2018-01-30 11:05:05.505014,468.0,467.8,468.0,7295384.0
2018-01-30 11:05:07.028228,468.0,467.8,468.0,7295384.0
2018-01-30 11:05:08.169081,468.0,467.8,468.0,7295384.0
2018-01-30 11:05:09.239522,468.0,467.8,468.0,7295384.0
2018-01-30 11:05:10.190623,467.8,467.8,468.0,7303484.0
2018-01-30 11:05:11.837253,467.8,467.8,468.0,7303484.0
2018-01-30 11:05:13.131832,467.8,467.8,468.0,7302384.0
2018-01-30 11:05:14.409087,467.8,467.8,468.0,7303484.0
2018-01-30 11:05:15.737531,467.8,467.8,468.0,7303884.0
2018-01-30 11:05:16.639852,467.8,467.8,468.0,7306984.0
2018-01-30 11:05:17.967297,467.8,467.8,468.0,7306984.0
2018-01-30 11:05:19.218766,467.8,467.8,468.0,7307884.0
2018-01-30 11:05:20.456238,467.8,467.8,468.0,7308884.0
2018-01-30 11:05:22.130587,467.8,467.8,468.0,7308884.0
2018-01-30 11:05:23.570860,467.8,467.8,468.0,7317184.0
2018-01-30 11:05:25.072947,467.8,467.8,468.0,7317984.0
2018-01-30 11:05:26.082621,467.8,467.6,467.8,7317184.0
2018-01-30 11:05:27.031670,467.8,467.6,467.8,7317184.0
2018-01-30 11:05:28.254659,467.6,467.6,467.8,7335484.0
2018-01-30 11:05:29.179403,467.6,467.6,467.8,7339784.0
2018-01-30 11:05:30.388364,467.6,467.6,467.8,7339784.0
2018-01-30 11:05:31.933905,467.6,467.6,467.8,7342884.0
2018-01-30 11:05:34.109132,467.6,467.6,467.8,7344184.0
2018-01-30 11:05:35.766856,467.6,467.6,467.8,7346584.0
2018-01-30 11:05:37.796620,467.6,467.4,467.8,7347784.0
2018-01-30 11:05:38.944770,467.6,467.4,467.8,7350684.0
2018-01-30 11:05:40.568109,467.4,467.4,467.8,7355484.0
2018-01-30 11:05:41.722023,467.4,467.4,467.6,7354784.0
2018-01-30 11:05:43.439399,467.4,467.4,467.6,7355484.0
2018-01-30 11:05:44.551445,467.4,467.4,467.6,7354784.0
2018-01-30 11:05:45.511835,467.4,467.4,467.6,7354784.0
2018-01-30 11:05:46.934510,467.4,467.4,467.6,7355484.0
2018-01-30 11:05:48.652662,467.4,467.4,467.6,7354784.0
2018-01-30 11:05:50.045257,467.4,467.4,467.6,7354784.0
2018-01-30 11:05:51.538312,467.4,467.4,467.6,7354784.0
2018-01-30 11:05:52.789021,467.4,467.4,467.6,7357084.0
2018-01-30 11:05:53.998484,467.6,467.4,467.6,7356984.0
2018-01-30 11:05:55.269948,467.4,467.4,467.6,7357084.0
2018-01-30 11:05:56.848357,467.4,467.4,467.6,7357084.0
2018-01-30 11:05:58.394353,467.6,467.4,467.6,7356984.0
2018-01-30 11:05:59.785153,467.6,467.4,467.6,7358384.0
2018-01-30 11:06:01.577863,467.6,467.4,467.6,7361684.0
2018-01-30 11:06:02.938664,467.6,467.4,467.6,7361684.0
2018-01-30 11:06:04.437241,467.6,467.4,467.6,7361684.0
2018-01-30 11:06:05.409893,467.6,467.4,467.6,7361684.0
2018-01-30 11:06:06.896637,467.6,467.4,467.6,7365484.0
2018-01-30 11:06:08.668394,467.6,467.4,467.6,7361684.0
2018-01-30 11:06:09.990968,467.6,467.4,467.6,7361684.0
2018-01-30 11:06:11.523673,467.6,467.4,467.6,7361684.0
2018-01-30 11:06:12.574857,467.4,467.4,467.6,7365784.0
2018-01-30 11:06:14.344932,467.4,467.4,467.6,7365784.0
2018-01-30 11:06:15.521916,467.4,467.4,467.6,7365784.0
2018-01-30 11:06:16.938583,467.6,467.4,467.6,7367884.0
2018-01-30 11:06:18.792269,467.6,467.4,467.6,7367884.0
2018-01-30 11:06:20.500573,467.6,467.4,467.6,7367884.0
2018-01-30 11:06:21.877281,467.6,467.4,467.6,7367884.0
2018-01-30 11:06:23.312511,467.6,467.4,467.6,7367884.0
2018-01-30 11:06:25.108121,467.6,467.4,467.6,7367884.0
2018-01-30 11:06:26.262614,467.2,467.4,467.6,7387084.0
2018-01-30 11:06:27.525496,467.2,467.2,467.4,7387084.0
2018-01-30 11:06:28.911362,467.2,467.2,467.4,7387084.0
2018-01-30 11:06:30.264118,467.2,467.2,467.4,7387084.0
2018-01-30 11:06:31.235774,467.2,467.2,467.4,7387084.0
2018-01-30 11:06:32.526243,467.2,467.2,467.4,7387084.0
2018-01-30 11:06:33.722718,467.2,467.2,467.4,7387084.0
2018-01-30 11:06:35.236514,467.2,467.2,467.4,7388984.0
2018-01-30 11:06:36.733141,467.2,467.2,467.4,7388984.0
2018-01-30 11:06:38.161760,467.2,467.2,467.4,7388984.0
2018-01-30 11:06:39.786801,467.2,467.2,467.4,7388984.0
2018-01-30 11:06:41.491360,467.2,467.2,467.4,7390084.0
2018-01-30 11:06:43.240147,467.2,467.2,467.4,7390084.0
2018-01-30 11:06:44.420939,467.4,467.2,467.4,7389984.0
2018-01-30 11:06:46.315363,467.2,467.2,467.4,7390084.0
2018-01-30 11:06:48.283904,467.2,467.2,467.4,7390084.0
2018-01-30 11:06:49.853455,467.2,467.2,467.4,7394484.0
2018-01-30 11:06:51.328168,467.2,467.2,467.4,7394484.0
2018-01-30 11:06:52.890367,467.2,467.2,467.4,7401684.0
2018-01-30 11:06:54.235782,467.2,467.2,467.4,7401684.0
2018-01-30 11:06:55.414288,467.2,467.2,467.4,7400184.0
2018-01-30 11:06:56.793199,467.2,467.2,467.4,7401684.0
2018-01-30 11:06:57.913133,467.2,467.2,467.4,7400184.0
2018-01-30 11:06:59.186067,467.2,467.2,467.4,7400184.0
2018-01-30 11:07:00.751379,467.2,467.2,467.4,7401684.0
