time,price,bid,ask,volume
2018-01-03 14:23:34.224758,421.4,421.2,421.4,16974309.0
2018-01-03 14:23:36.217934,421.4,421.2,421.4,16974309.0
2018-01-03 14:23:38.138821,421.4,421.2,421.4,16974309.0
2018-01-03 14:23:40.145874,421.2,421.2,421.4,16975609.0
2018-01-03 14:23:42.129006,421.2,421.2,421.4,16975609.0
2018-01-03 14:23:43.830734,421.2,421.2,421.4,16975609.0
2018-01-03 14:23:45.393327,421.2,421.2,421.4,16975609.0
2018-01-03 14:23:46.974706,421.2,421.2,421.4,16975609.0
2018-01-03 14:23:49.016503,421.2,421.2,421.4,16975609.0
2018-01-03 14:23:50.912342,421.2,421.2,421.4,16975609.0
2018-01-03 14:23:52.941093,421.2,421.2,421.4,16975609.0
2018-01-03 14:23:55.030689,421.2,421.2,421.4,16975609.0
2018-01-03 14:23:57.029422,421.4,421.2,421.4,16979009.0
2018-01-03 14:23:59.187246,421.4,421.2,421.4,16979009.0
2018-01-03 14:24:00.754117,421.4,421.2,421.4,16979009.0
2018-01-03 14:24:06.645432,421.4,421.2,421.4,16979009.0
2018-01-03 14:24:09.473633,421.4,421.2,421.4,16979009.0
2018-01-03 14:24:11.483760,421.4,421.2,421.4,16979009.0
2018-01-03 14:24:13.560090,421.4,421.2,421.4,16979009.0
2018-01-03 14:24:15.495216,421.2,421.2,421.4,16982409.0
2018-01-03 14:24:17.703290,421.2,421.2,421.4,16982409.0
2018-01-03 14:24:20.408883,421.2,421.2,421.4,16982409.0
2018-01-03 14:24:22.612675,421.2,421.2,421.4,16982409.0
2018-01-03 14:24:24.807932,421.2,421.2,421.4,16982409.0
2018-01-03 14:24:26.743677,421.2,421.2,421.4,16987209.0
2018-01-03 14:24:28.477479,421.2,421.2,421.4,16987209.0
2018-01-03 14:24:30.422814,421.2,421.2,421.4,16987209.0
2018-01-03 14:24:33.133750,421.2,421.2,421.4,16987209.0
2018-01-03 14:24:35.098438,421.2,421.2,421.4,16987209.0
2018-01-03 14:24:36.735677,421.4,421.2,421.4,16988409.0
2018-01-03 14:24:39.225745,421.4,421.2,421.4,16988409.0
2018-01-03 14:24:41.304053,421.4,421.2,421.4,16988409.0
2018-01-03 14:24:43.202950,421.4,421.2,421.4,16988409.0
2018-01-03 14:24:44.765578,421.4,421.2,421.4,16988409.0
2018-01-03 14:24:46.889777,421.4,421.2,421.4,16988409.0
2018-01-03 14:25:00.840355,421.4,421.2,421.4,16988409.0
2018-01-03 14:25:06.114283,421.2,421.2,421.4,16994809.0
2018-01-03 14:25:08.152156,421.2,421.2,421.4,16996209.0
2018-01-03 14:25:10.330733,421.2,421.2,421.4,16996209.0
2018-01-03 14:25:17.915801,421.2,421.2,421.4,16996209.0
2018-01-03 14:25:20.086108,421.2,421.0,421.4,17003509.0
2018-01-03 14:25:22.103913,421.2,421.0,421.4,17003509.0
2018-01-03 14:25:24.610982,421.2,421.0,421.4,17003509.0
2018-01-03 14:25:26.683982,421.2,421.0,421.2,17009109.0
2018-01-03 14:25:28.892325,421.2,421.0,421.2,17009109.0
2018-01-03 14:25:30.952808,421.0,421.0,421.2,17011909.0
2018-01-03 14:25:32.681302,421.0,421.0,421.2,17011909.0
2018-01-03 14:25:34.843772,421.0,421.0,421.2,17011909.0
2018-01-03 14:25:36.574372,421.2,421.0,421.2,17014009.0
2018-01-03 14:25:45.565579,421.2,421.0,421.2,17014009.0
2018-01-03 14:25:48.091185,421.2,421.0,421.2,17014009.0
2018-01-03 14:25:50.197188,421.2,421.0,421.2,17014009.0
2018-01-03 14:25:52.339841,421.2,421.0,421.2,17014009.0
2018-01-03 14:25:54.116311,421.2,421.0,421.2,17014009.0
2018-01-03 14:25:56.117390,421.2,421.0,421.2,17014009.0
2018-01-03 14:25:58.032643,421.2,421.0,421.2,17014009.0
2018-01-03 14:26:00.004749,421.2,421.0,421.2,17014009.0
2018-01-03 14:26:04.242430,421.2,421.2,421.4,17016209.0
2018-01-03 14:26:09.224567,421.2,421.2,421.4,17016209.0
2018-01-03 14:26:10.881575,421.2,421.2,421.4,17016209.0
2018-01-03 14:26:12.801266,421.2,421.2,421.4,17019809.0
2018-01-03 14:26:14.481487,421.2,421.0,421.4,17027209.0
2018-01-03 14:26:16.605501,421.2,421.0,421.4,17027209.0
2018-01-03 14:26:18.563360,421.2,421.0,421.4,17027209.0
2018-01-03 14:26:20.580449,421.2,421.0,421.4,17027209.0
2018-01-03 14:26:22.673040,421.2,421.0,421.4,17027209.0
2018-01-03 14:26:24.765534,421.2,421.0,421.4,17027209.0
2018-01-03 14:26:26.295390,421.2,421.0,421.4,17027209.0
2018-01-03 14:26:28.502183,421.0,421.0,421.2,17030509.0
2018-01-03 14:26:30.389479,421.0,421.0,421.2,17030509.0
2018-01-03 14:26:33.324485,421.0,421.0,421.2,17030509.0
2018-01-03 14:26:35.858505,421.2,421.0,421.2,17031809.0
2018-01-03 14:26:39.252508,421.2,421.0,421.2,17035709.0
2018-01-03 14:26:43.666838,421.2,421.0,421.2,17035709.0
2018-01-03 14:26:45.907014,421.2,421.0,421.2,17035709.0
2018-01-03 14:26:49.419000,421.2,421.0,421.2,17035709.0
2018-01-03 14:26:54.357810,421.2,421.0,421.2,17035709.0
2018-01-03 14:26:56.599377,421.2,421.0,421.2,17035709.0
2018-01-03 14:26:58.153347,421.2,421.0,421.2,17035709.0
2018-01-03 14:27:00.222493,421.2,421.0,421.2,17035709.0
2018-01-03 14:27:02.338952,421.2,421.0,421.2,17035709.0
2018-01-03 14:27:03.972973,421.2,421.0,421.2,17035709.0
2018-01-03 14:27:09.043694,421.0,421.0,421.2,17039709.0
2018-01-03 14:27:12.442283,421.0,421.0,421.2,17039709.0
2018-01-03 14:27:14.587591,421.0,421.0,421.2,17041709.0
2018-01-03 14:27:16.682382,421.0,421.0,421.2,17041709.0
2018-01-03 14:27:18.692655,421.0,421.0,421.2,17041709.0
2018-01-03 14:27:20.375566,421.0,421.0,421.2,17041709.0
2018-01-03 14:27:22.390283,421.0,421.0,421.2,17041709.0
2018-01-03 14:27:24.394920,421.0,421.0,421.2,17041709.0
2018-01-03 14:27:25.926473,421.0,421.0,421.2,17041709.0
2018-01-03 14:27:28.109776,421.0,421.0,421.2,17049109.0
2018-01-03 14:27:30.018672,421.0,421.0,421.2,17049109.0
2018-01-03 14:27:31.810044,421.0,421.0,421.2,17049109.0
2018-01-03 14:27:33.845963,421.0,421.0,421.2,17051209.0
2018-01-03 14:27:35.377403,421.0,421.0,421.2,17056109.0
2018-01-03 14:27:37.483429,421.0,421.0,421.2,17056109.0
2018-01-03 14:27:39.383647,421.0,421.0,421.2,17056109.0
2018-01-03 14:27:41.563884,421.0,420.8,421.2,17065309.0
2018-01-03 14:27:43.713561,420.8,420.8,421.0,17071409.0
2018-01-03 14:27:45.550010,420.8,420.8,421.0,17071409.0
2018-01-03 14:27:48.151911,420.8,420.6,421.0,17075609.0
2018-01-03 14:27:50.370732,420.8,420.6,421.0,17075609.0
2018-01-03 14:27:52.223971,420.8,420.6,421.0,17075609.0
2018-01-03 14:27:53.845180,420.8,420.6,421.0,17075609.0
2018-01-03 14:27:55.694985,420.8,420.6,420.8,17078909.0
2018-01-03 14:28:00.308754,420.8,420.6,420.8,17078909.0
2018-01-03 14:28:02.288928,420.8,420.6,420.8,17078909.0
2018-01-03 14:28:04.896214,420.8,420.6,420.8,17078909.0
2018-01-03 14:28:10.521981,420.8,420.6,420.8,17078909.0
2018-01-03 14:28:13.440090,420.6,420.6,420.8,17081009.0
2018-01-03 14:28:16.650664,420.6,420.6,420.8,17081009.0
2018-01-03 14:28:18.772574,420.6,420.6,420.8,17081009.0
2018-01-03 14:28:20.695597,420.6,420.6,420.8,17081009.0
2018-01-03 14:28:22.848874,420.6,420.6,420.8,17081009.0
2018-01-03 14:28:24.588092,420.6,420.6,420.8,17081009.0
2018-01-03 14:28:26.166643,420.6,420.6,420.8,17081009.0
2018-01-03 14:28:28.532589,420.6,420.6,420.8,17081009.0
2018-01-03 14:28:31.583032,420.6,420.6,420.8,17081009.0
2018-01-03 14:28:33.622705,420.6,420.6,420.8,17081009.0
2018-01-03 14:28:35.525491,420.6,420.6,420.8,17082609.0
2018-01-03 14:28:37.231149,420.6,420.6,420.8,17082609.0
2018-01-03 14:28:38.780891,420.6,420.6,420.8,17082609.0
2018-01-03 14:28:40.700138,420.6,420.6,420.8,17082609.0
2018-01-03 14:28:42.527906,420.6,420.6,420.8,17082609.0
2018-01-03 14:28:44.482260,420.6,420.6,420.8,17082609.0
2018-01-03 14:28:46.563349,420.6,420.6,420.8,17082609.0
2018-01-03 14:28:48.344888,420.6,420.6,420.8,17082609.0
2018-01-03 14:28:50.231500,420.6,420.6,420.8,17082609.0
2018-01-03 14:28:52.238722,420.6,420.6,420.8,17082609.0
2018-01-03 14:28:54.173334,420.8,420.6,420.8,17084409.0
2018-01-03 14:28:56.260513,420.8,420.6,420.8,17084409.0
2018-01-03 14:28:58.043543,420.8,420.6,420.8,17084409.0
2018-01-03 14:28:59.814369,420.8,420.6,420.8,17084409.0
2018-01-03 14:29:04.107576,420.8,420.6,420.8,17084409.0
2018-01-03 14:29:06.451696,420.8,420.6,420.8,17084409.0
2018-01-03 14:29:17.901236,420.6,420.6,420.8,17087809.0
2018-01-03 14:29:24.235159,420.6,420.4,420.6,17098909.0
2018-01-03 14:29:26.690274,420.6,420.4,420.6,17102009.0
2018-01-03 14:29:28.807711,420.6,420.4,420.6,17102009.0
2018-01-03 14:29:31.603707,420.6,420.4,420.6,17102009.0
2018-01-03 14:29:41.079747,420.6,420.4,420.6,17108009.0
2018-01-03 14:29:43.479445,420.6,420.4,420.8,17112909.0
2018-01-03 14:29:45.394502,420.6,420.4,420.8,17113509.0
2018-01-03 14:29:47.080286,420.6,420.4,420.8,17113509.0
2018-01-03 14:29:49.100230,420.6,420.4,420.8,17113509.0
2018-01-03 14:29:51.112686,420.6,420.4,420.8,17113509.0
2018-01-03 14:29:53.394699,420.6,420.4,420.8,17113509.0
2018-01-03 14:29:55.538010,420.6,420.6,420.8,17116109.0
2018-01-03 14:29:57.121144,420.6,420.6,420.8,17116109.0
2018-01-03 14:29:58.877725,420.6,420.6,420.8,17116109.0
2018-01-03 14:30:00.803897,420.6,420.6,420.8,17118509.0
2018-01-03 14:30:02.511765,420.6,420.6,420.8,17118509.0
2018-01-03 14:30:05.401734,420.6,420.6,420.8,17118509.0
2018-01-03 14:30:07.218474,420.6,420.6,420.8,17118509.0
2018-01-03 14:30:09.413815,420.6,420.6,420.8,17118509.0
2018-01-03 14:30:11.431016,420.6,420.4,420.6,17122709.0
2018-01-03 14:30:13.208570,420.6,420.4,420.6,17122709.0
2018-01-03 14:30:15.721589,420.6,420.4,420.6,17122709.0
2018-01-03 14:30:17.533481,420.6,420.4,420.6,17122709.0
2018-01-03 14:30:19.522170,420.6,420.4,420.6,17122709.0
2018-01-03 14:30:21.503237,420.6,420.4,420.6,17122709.0
2018-01-03 14:30:23.366439,420.6,420.4,420.6,17122709.0
2018-01-03 14:30:24.973489,420.6,420.4,420.6,17122709.0
2018-01-03 14:30:27.183343,420.6,420.4,420.6,17122709.0
2018-01-03 14:30:29.131107,420.6,420.4,420.6,17122709.0
2018-01-03 14:30:31.065103,420.8,420.4,420.8,17125109.0
2018-01-03 14:30:33.002363,420.8,420.4,420.8,17125109.0
2018-01-03 14:30:34.903673,420.8,420.4,420.8,17125109.0
2018-01-03 14:30:36.991951,420.6,420.6,420.8,17129709.0
2018-01-03 14:30:39.256628,420.6,420.6,420.8,17129709.0
2018-01-03 14:30:40.833646,420.6,420.6,420.8,17129709.0
2018-01-03 14:30:42.809079,420.6,420.6,420.8,17129709.0
2018-01-03 14:30:44.864635,420.6,420.6,420.8,17129709.0
2018-01-03 14:30:46.371983,420.6,420.6,420.8,17129709.0
2018-01-03 14:30:48.373283,420.6,420.6,420.8,17129709.0
2018-01-03 14:30:50.573506,420.6,420.6,420.8,17132909.0
2018-01-03 14:30:52.105488,420.6,420.6,420.8,17134909.0
2018-01-03 14:30:54.130396,420.6,420.6,420.8,17134909.0
2018-01-03 14:30:56.091124,420.6,420.6,420.8,17134909.0
2018-01-03 14:30:57.981081,420.6,420.6,420.8,17134909.0
2018-01-03 14:31:00.116358,420.6,420.6,420.8,17134909.0
2018-01-03 14:31:01.967084,420.6,420.6,420.8,17134909.0
2018-01-03 14:31:04.675085,420.6,420.6,420.8,17134909.0
2018-01-03 14:31:06.808924,420.6,420.6,420.8,17134909.0
2018-01-03 14:31:08.925312,420.6,420.6,420.8,17134909.0
2018-01-03 14:31:11.032057,420.6,420.6,420.8,17134909.0
2018-01-03 14:31:13.047969,420.6,420.6,420.8,17134909.0
2018-01-03 14:31:14.976062,420.4,420.4,420.6,17138509.0
2018-01-03 14:31:17.144588,420.4,420.4,420.6,17138509.0
2018-01-03 14:31:18.959022,420.4,420.4,420.6,17138509.0
2018-01-03 14:31:21.080046,420.4,420.4,420.6,17138509.0
2018-01-03 14:31:23.240274,420.4,420.4,420.6,17138509.0
2018-01-03 14:31:25.223526,420.4,420.4,420.6,17147409.0
2018-01-03 14:31:27.392363,420.4,420.4,420.6,17147409.0
2018-01-03 14:31:29.847620,420.4,420.4,420.6,17147409.0
2018-01-03 14:31:31.890438,420.2,420.2,420.4,17247109.0
2018-01-03 14:31:34.139055,420.2,420.2,420.4,17247109.0
2018-01-03 14:31:36.076116,420.2,420.2,420.4,17247109.0
2018-01-03 14:31:39.506393,420.2,420.2,420.4,17247109.0
2018-01-03 14:31:41.597033,420.6,420.2,420.6,17252709.0
2018-01-03 14:31:43.769445,420.6,420.2,420.6,17252709.0
2018-01-03 14:31:46.225425,420.6,420.2,420.6,17255009.0
2018-01-03 14:31:48.241906,420.6,420.2,420.6,17255009.0
2018-01-03 14:31:51.669296,420.6,420.2,420.6,17255009.0
2018-01-03 14:31:53.864558,420.6,420.2,420.6,17255009.0
2018-01-03 14:31:55.772717,420.6,420.2,420.6,17255009.0
2018-01-03 14:31:57.606940,420.6,420.2,420.6,17255009.0
2018-01-03 14:31:59.702157,420.6,420.2,420.6,17255009.0
2018-01-03 14:32:05.638578,420.6,420.2,420.6,17255009.0
2018-01-03 14:32:07.850843,420.2,420.2,420.4,17258709.0
2018-01-03 14:32:09.767052,420.2,420.2,420.4,17258709.0
2018-01-03 14:32:11.808725,420.2,420.2,420.4,17258709.0
2018-01-03 14:32:13.406126,420.2,420.2,420.4,17258709.0
2018-01-03 14:32:15.299424,420.2,420.2,420.4,17258709.0
2018-01-03 14:32:17.236710,420.2,420.2,420.4,17258709.0
2018-01-03 14:32:18.758966,420.2,420.2,420.4,17258709.0
2018-01-03 14:32:20.787338,420.4,420.2,420.4,17264109.0
2018-01-03 14:32:22.769489,420.4,420.2,420.4,17264109.0
2018-01-03 14:32:24.337411,420.4,420.2,420.4,17264109.0
2018-01-03 14:32:26.229189,420.4,420.2,420.4,17264109.0
2018-01-03 14:32:28.210468,420.4,420.2,420.4,17264109.0
2018-01-03 14:32:30.554714,420.4,420.2,420.4,17264109.0
2018-01-03 14:32:32.735080,420.4,420.2,420.4,17264109.0
2018-01-03 14:32:35.044846,420.4,420.2,420.4,17264109.0
2018-01-03 14:32:37.045658,420.4,420.2,420.4,17266309.0
2018-01-03 14:32:39.143057,420.4,420.2,420.4,17266309.0
2018-01-03 14:32:41.332658,420.4,420.2,420.4,17266309.0
2018-01-03 14:32:43.490995,420.4,420.2,420.4,17269909.0
2018-01-03 14:32:45.499367,420.4,420.2,420.4,17269909.0
2018-01-03 14:32:47.475135,420.4,420.2,420.4,17269909.0
2018-01-03 14:32:49.735275,420.4,420.2,420.4,17269909.0
2018-01-03 14:32:51.231612,420.4,420.2,420.4,17269909.0
2018-01-03 14:32:52.772732,420.4,420.2,420.4,17269909.0
2018-01-03 14:32:54.695400,420.4,420.2,420.4,17269909.0
2018-01-03 14:32:56.851690,420.2,420.2,420.4,17284509.0
2018-01-03 14:32:58.581323,420.2,420.2,420.4,17289909.0
2018-01-03 14:33:00.622114,420.2,420.2,420.4,17289909.0
2018-01-03 14:33:02.242976,420.2,420.2,420.4,17289909.0
2018-01-03 14:33:04.216670,420.0,420.0,420.2,17292609.0
2018-01-03 14:33:06.002360,420.0,420.0,420.2,17292609.0
2018-01-03 14:33:07.925812,420.2,420.2,420.4,17304809.0
2018-01-03 14:33:10.001962,420.2,420.2,420.4,17304809.0
2018-01-03 14:33:12.103346,420.2,420.2,420.4,17304809.0
2018-01-03 14:33:14.142645,420.2,420.2,420.4,17304809.0
2018-01-03 14:33:16.138230,420.2,420.2,420.4,17304809.0
2018-01-03 14:33:18.205673,420.2,420.2,420.4,17304809.0
2018-01-03 14:33:20.183851,420.2,420.2,420.4,17304809.0
2018-01-03 14:33:22.379417,420.2,420.2,420.4,17304809.0
2018-01-03 14:33:24.295407,420.2,420.2,420.4,17320809.0
2018-01-03 14:33:26.598564,420.2,420.2,420.4,17320809.0
2018-01-03 14:33:28.451527,420.2,420.2,420.4,17320809.0
2018-01-03 14:33:29.905219,420.2,420.2,420.4,17320809.0
2018-01-03 14:33:31.908406,420.2,420.2,420.4,17320809.0
2018-01-03 14:33:33.765974,420.2,420.2,420.4,17320809.0
2018-01-03 14:33:35.721674,420.2,420.2,420.4,17322409.0
2018-01-03 14:33:37.794169,420.2,420.2,420.4,17323909.0
2018-01-03 14:33:39.966446,420.4,420.0,420.4,17332509.0
2018-01-03 14:33:41.726725,420.4,420.0,420.4,17332509.0
2018-01-03 14:33:44.321344,420.4,420.0,420.4,17332509.0
2018-01-03 14:33:46.093565,420.4,420.0,420.4,17343209.0
2018-01-03 14:33:47.869999,420.4,420.0,420.4,17343209.0
2018-01-03 14:33:50.031129,420.4,420.0,420.4,17343209.0
2018-01-03 14:33:52.106164,420.4,420.0,420.4,17343209.0
2018-01-03 14:33:53.960327,420.4,420.0,420.4,17343209.0
2018-01-03 14:33:55.952547,420.4,420.0,420.4,17343209.0
2018-01-03 14:33:57.727343,420.2,420.2,420.4,17344709.0
2018-01-03 14:33:59.785249,420.2,420.2,420.4,17344709.0
2018-01-03 14:34:01.875185,420.2,420.2,420.4,17344709.0
2018-01-03 14:34:03.602441,420.2,420.2,420.4,17344709.0
2018-01-03 14:34:05.518495,420.2,420.0,420.2,17348009.0
2018-01-03 14:34:07.496032,420.2,420.0,420.2,17348009.0
2018-01-03 14:34:09.420870,420.2,420.0,420.2,17348009.0
2018-01-03 14:34:11.969986,420.2,420.0,420.2,17348009.0
2018-01-03 14:34:13.963588,420.2,420.0,420.2,17348009.0
2018-01-03 14:34:15.998024,420.2,420.0,420.2,17348009.0
2018-01-03 14:34:17.972363,420.2,420.0,420.2,17348009.0
2018-01-03 14:34:20.025007,420.2,420.0,420.2,17348009.0
2018-01-03 14:34:21.993833,420.0,420.0,420.2,17355409.0
2018-01-03 14:34:23.967429,420.0,420.0,420.2,17355409.0
2018-01-03 14:34:25.807427,420.0,420.0,420.2,17355409.0
2018-01-03 14:34:27.945996,420.0,420.0,420.2,17360809.0
2018-01-03 14:34:30.371572,420.0,420.0,420.2,17411209.0
2018-01-03 14:34:32.755773,419.8,419.8,420.0,17423109.0
2018-01-03 14:34:34.626455,419.8,419.8,420.0,17428709.0
2018-01-03 14:34:36.203933,419.8,419.8,420.0,17440209.0
2018-01-03 14:34:37.858332,419.6,419.6,419.8,17444409.0
2018-01-03 14:34:39.861388,419.6,419.6,419.8,17444409.0
2018-01-03 14:34:41.890779,419.6,419.6,419.8,17444409.0
2018-01-03 14:34:43.908163,419.8,419.6,419.8,17447679.0
2018-01-03 14:34:45.418923,419.4,419.4,419.8,17451279.0
2018-01-03 14:34:47.164389,419.4,419.4,419.8,17451279.0
2018-01-03 14:34:49.156188,419.4,419.4,419.8,17451279.0
2018-01-03 14:34:50.959181,419.6,419.4,419.6,17464979.0
2018-01-03 14:34:52.344244,419.6,419.4,419.6,17464979.0
2018-01-03 14:34:53.991325,419.6,419.4,419.6,17464979.0
2018-01-03 14:34:56.144807,419.6,419.4,419.6,17464979.0
2018-01-03 14:34:58.269067,419.6,419.4,419.6,17464979.0
2018-01-03 14:35:00.700406,419.6,419.4,419.6,17464979.0
2018-01-03 14:35:06.060384,419.4,419.4,419.8,17482979.0
2018-01-03 14:35:08.888845,419.4,419.4,419.8,17482979.0
2018-01-03 14:35:10.461152,419.4,419.4,419.8,17482979.0
2018-01-03 14:35:12.482573,419.4,419.4,419.8,17482979.0
2018-01-03 14:35:14.374906,419.4,419.4,419.8,17482979.0
2018-01-03 14:35:16.065612,419.6,419.6,419.8,17494679.0
2018-01-03 14:35:17.951582,419.6,419.6,419.8,17494679.0
2018-01-03 14:35:19.910705,419.6,419.6,419.8,17494679.0
2018-01-03 14:35:21.946111,419.6,419.6,419.8,17494679.0
2018-01-03 14:35:23.994918,419.6,419.6,419.8,17494679.0
2018-01-03 14:35:26.106263,419.6,419.6,419.8,17494679.0
2018-01-03 14:35:28.072943,419.6,419.6,419.8,17494679.0
2018-01-03 14:35:29.765724,419.6,419.6,419.8,17494679.0
2018-01-03 14:35:32.089096,419.4,419.4,419.6,17499679.0
2018-01-03 14:35:33.675615,419.4,419.4,419.6,17499679.0
2018-01-03 14:35:35.535954,419.6,419.4,419.6,17502079.0
2018-01-03 14:35:37.297309,419.6,419.4,419.6,17502079.0
2018-01-03 14:35:39.424214,419.8,419.4,420.0,17544879.0
2018-01-03 14:35:41.598227,419.8,419.4,420.0,17544879.0
2018-01-03 14:35:43.679983,419.8,419.4,420.0,17544879.0
2018-01-03 14:35:45.170330,419.8,419.4,420.0,17544879.0
2018-01-03 14:35:47.161705,419.8,419.4,420.0,17544879.0
2018-01-03 14:35:49.245643,419.6,419.6,419.8,17547779.0
2018-01-03 14:35:50.946353,419.6,419.6,419.8,17547779.0
2018-01-03 14:35:53.172906,419.6,419.6,419.8,17547779.0
2018-01-03 14:35:54.931918,419.6,419.6,419.8,17547779.0
2018-01-03 14:35:56.807142,419.6,419.6,419.8,17547779.0
2018-01-03 14:35:59.014288,419.6,419.6,419.8,17547779.0
2018-01-03 14:36:01.257958,419.6,419.6,419.8,17547779.0
2018-01-03 14:36:16.738083,419.8,419.8,420.0,17550879.0
2018-01-03 14:36:26.399308,419.8,419.8,420.0,17554879.0
2018-01-03 14:36:54.209675,419.8,419.8,420.0,17563579.0
2018-01-03 14:36:57.794474,420.2,420.0,420.2,17687779.0
2018-01-03 14:36:59.779521,420.2,420.2,420.6,17694279.0
2018-01-03 14:37:04.145812,420.2,420.2,420.6,17694279.0
2018-01-03 14:37:06.169243,420.4,420.4,420.6,17695479.0
2018-01-03 14:37:08.806587,420.4,420.4,420.6,17695479.0
2018-01-03 14:37:10.780093,420.4,420.4,420.6,17695479.0
2018-01-03 14:37:12.504153,420.4,420.4,420.6,17695479.0
2018-01-03 14:37:14.182937,420.4,420.4,420.6,17695479.0
2018-01-03 14:37:15.672067,420.4,420.4,420.6,17695479.0
2018-01-03 14:37:17.311523,420.4,420.4,420.6,17695479.0
2018-01-03 14:37:18.993530,420.4,420.4,420.6,17695479.0
2018-01-03 14:37:21.460893,420.4,420.4,420.6,17695479.0
2018-01-03 14:37:23.850349,420.4,420.2,420.4,17701879.0
2018-01-03 14:37:25.574895,420.4,420.2,420.4,17701879.0
2018-01-03 14:37:27.208362,420.4,420.2,420.4,17701879.0
2018-01-03 14:37:29.264381,420.4,420.2,420.4,17701879.0
2018-01-03 14:37:31.518629,420.4,420.2,420.4,17703779.0
2018-01-03 14:37:33.729071,420.4,420.4,420.6,17708479.0
2018-01-03 14:37:35.335544,420.4,420.4,420.6,17708479.0
2018-01-03 14:37:37.263490,420.4,420.4,420.6,17708479.0
2018-01-03 14:37:39.966255,420.4,420.4,420.6,17708479.0
2018-01-03 14:37:43.012742,420.4,420.4,420.6,17708479.0
2018-01-03 14:37:45.364294,420.4,420.4,420.6,17708479.0
2018-01-03 14:37:47.683119,420.4,420.2,420.4,17711679.0
2018-01-03 14:37:50.953656,420.4,420.2,420.4,17711679.0
2018-01-03 14:37:53.388614,420.4,420.2,420.4,17711679.0
2018-01-03 14:37:55.611358,420.4,420.2,420.4,17711679.0
2018-01-03 14:37:57.710863,420.4,420.2,420.4,17711679.0
2018-01-03 14:37:59.576244,420.2,420.2,420.4,17720379.0
2018-01-03 14:38:01.516545,420.2,420.2,420.4,17720379.0
2018-01-03 14:38:03.740392,420.2,420.2,420.4,17720379.0
2018-01-03 14:38:05.638143,420.0,420.0,420.2,17740079.0
2018-01-03 14:38:07.315490,420.0,420.0,420.2,17740079.0
2018-01-03 14:38:09.388479,420.0,420.0,420.2,17740079.0
2018-01-03 14:38:11.145543,420.0,420.0,420.2,17740079.0
2018-01-03 14:38:13.073404,420.0,420.0,420.2,17740079.0
2018-01-03 14:38:16.065623,420.0,420.0,420.2,17740079.0
2018-01-03 14:38:18.055535,420.0,420.0,420.2,17740079.0
2018-01-03 14:38:19.994424,420.0,420.0,420.2,17740079.0
2018-01-03 14:38:22.100584,420.0,420.0,420.2,17740079.0
2018-01-03 14:38:24.592810,420.0,420.0,420.2,17740079.0
2018-01-03 14:38:26.323637,420.0,420.0,420.2,17740079.0
2018-01-03 14:38:28.360440,420.0,420.0,420.2,17740079.0
2018-01-03 14:38:29.949734,420.0,419.8,420.2,17745479.0
2018-01-03 14:38:32.303169,420.0,419.8,420.2,17745479.0
2018-01-03 14:38:33.738907,420.0,419.8,420.2,17745479.0
2018-01-03 14:38:36.502868,420.0,419.8,420.0,17755879.0
2018-01-03 14:38:38.340932,420.0,419.8,420.0,17755879.0
2018-01-03 14:38:40.279964,420.0,419.8,420.0,17755879.0
2018-01-03 14:38:42.147059,419.8,419.8,420.0,17759979.0
2018-01-03 14:38:43.611709,419.8,419.8,420.0,17759979.0
2018-01-03 14:38:45.535171,419.8,419.8,420.0,17759979.0
2018-01-03 14:38:47.610732,419.8,419.8,420.0,17759979.0
2018-01-03 14:38:49.581334,419.8,419.8,420.0,17759979.0
2018-01-03 14:38:51.362204,419.8,419.8,420.0,17759979.0
2018-01-03 14:38:53.322961,419.8,419.6,420.0,17781779.0
2018-01-03 14:38:55.678705,419.8,419.6,420.0,17781779.0
2018-01-03 14:38:57.611355,419.8,419.6,420.0,17781779.0
2018-01-03 14:38:59.240940,419.8,419.6,420.0,17781779.0
2018-01-03 14:39:01.035074,419.8,419.6,420.0,17781779.0
2018-01-03 14:39:02.912780,419.8,419.6,420.0,17781779.0
2018-01-03 14:39:05.434875,419.6,419.6,419.8,17785079.0
2018-01-03 14:39:09.577546,419.6,419.6,419.8,17785079.0
2018-01-03 14:39:11.261462,419.6,419.6,419.8,17785079.0
2018-01-03 14:39:13.288412,419.6,419.6,419.8,17785079.0
2018-01-03 14:39:17.669769,419.6,419.6,419.8,17785079.0
2018-01-03 14:39:19.838729,419.6,419.6,420.0,17792279.0
2018-01-03 14:39:21.806911,419.6,419.6,420.0,17792279.0
2018-01-03 14:39:23.966831,419.6,419.6,420.0,17792279.0
2018-01-03 14:39:25.860043,419.6,419.6,420.0,17792279.0
2018-01-03 14:39:27.850280,419.6,419.6,420.0,17792279.0
2018-01-03 14:39:29.831278,419.6,419.6,420.0,17792279.0
2018-01-03 14:39:31.788399,419.8,419.8,420.0,17794979.0
2018-01-03 14:39:33.383286,419.8,419.8,420.0,17796779.0
2018-01-03 14:39:34.941669,419.8,419.8,420.0,17796779.0
2018-01-03 14:39:36.815102,419.6,419.4,419.6,17801179.0
2018-01-03 14:39:38.458298,419.6,419.4,419.6,17801179.0
2018-01-03 14:39:40.557967,419.6,419.4,419.6,17801179.0
2018-01-03 14:39:42.432454,419.6,419.4,419.6,17801179.0
2018-01-03 14:39:44.895821,419.6,419.4,419.6,17801179.0
2018-01-03 14:39:47.469609,419.6,419.4,419.6,17801179.0
2018-01-03 14:39:49.512571,419.6,419.4,419.6,17801179.0
2018-01-03 14:39:51.403040,419.6,419.6,419.8,17804079.0
2018-01-03 14:39:53.594070,419.6,419.6,419.8,17804079.0
2018-01-03 14:39:55.661900,419.6,419.6,419.8,17804079.0
2018-01-03 14:39:57.378567,419.6,419.6,419.8,17804079.0
2018-01-03 14:39:59.690692,419.6,419.6,419.8,17804079.0
2018-01-03 14:40:01.756050,419.6,419.6,419.8,17808579.0
2018-01-03 14:40:03.471674,419.6,419.6,419.8,17812153.0
2018-01-03 14:40:05.103695,419.6,419.6,419.8,17812153.0
2018-01-03 14:40:09.139290,419.6,419.6,419.8,17816253.0
2018-01-03 14:40:11.012986,419.6,419.4,419.8,17819763.0
2018-01-03 14:40:12.793619,419.8,419.6,419.8,17825763.0
2018-01-03 14:40:14.585025,419.8,419.6,419.8,17825763.0
2018-01-03 14:40:16.501893,419.8,419.6,419.8,17825763.0
2018-01-03 14:40:18.475910,419.8,419.6,419.8,17825763.0
2018-01-03 14:40:20.819736,419.8,419.6,419.8,17825763.0
2018-01-03 14:40:23.125443,419.8,419.6,419.8,17825763.0
2018-01-03 14:40:25.832339,419.8,419.6,419.8,17825763.0
2018-01-03 14:40:27.611937,419.8,419.6,419.8,17828463.0
2018-01-03 14:40:29.748179,419.8,419.6,419.8,17828463.0
2018-01-03 14:40:31.864724,419.6,419.4,419.6,17838263.0
2018-01-03 14:40:33.596624,419.6,419.4,419.6,17838263.0
2018-01-03 14:40:35.327911,419.6,419.4,419.6,17838263.0
2018-01-03 14:40:37.391214,419.6,419.4,419.6,17838263.0
2018-01-03 14:40:39.149018,419.6,419.4,419.6,17842763.0
2018-01-03 14:40:41.221057,419.6,419.4,419.6,17842763.0
2018-01-03 14:40:43.550585,419.6,419.4,419.6,17842763.0
2018-01-03 14:40:45.613977,419.6,419.4,419.6,17842763.0
2018-01-03 14:40:47.730865,419.6,419.4,419.6,17842763.0
2018-01-03 14:40:49.687191,419.8,419.6,419.8,17846263.0
2018-01-03 14:40:51.489584,419.8,419.6,419.8,17846263.0
2018-01-03 14:40:53.562663,419.8,419.6,419.8,17846263.0
2018-01-03 14:40:55.350067,419.8,419.6,419.8,17846263.0
2018-01-03 14:40:57.483670,419.8,419.6,419.8,17846263.0
2018-01-03 14:40:59.329819,419.8,419.6,419.8,17846263.0
2018-01-03 14:41:01.397169,419.8,419.6,419.8,17846263.0
2018-01-03 14:41:03.189467,419.8,419.6,419.8,17846263.0
2018-01-03 14:41:07.503657,419.8,419.6,419.8,17846263.0
2018-01-03 14:41:10.552341,419.8,419.6,419.8,17846263.0
2018-01-03 14:41:12.622814,419.8,419.6,419.8,17846263.0
2018-01-03 14:41:14.207814,419.8,419.6,419.8,17846263.0
2018-01-03 14:41:16.416482,419.6,419.4,419.6,17850663.0
2018-01-03 14:41:18.411205,419.6,419.4,419.6,17850663.0
2018-01-03 14:41:20.474180,419.6,419.4,419.6,17850663.0
2018-01-03 14:41:22.052834,419.6,419.4,419.6,17850663.0
2018-01-03 14:41:23.796022,419.6,419.4,419.6,17850663.0
2018-01-03 14:41:25.642024,419.6,419.4,419.6,17850663.0
2018-01-03 14:41:27.576576,419.6,419.4,419.6,17850663.0
2018-01-03 14:41:29.723548,419.6,419.4,419.6,17850663.0
2018-01-03 14:41:31.886859,419.4,419.4,419.6,17854363.0
2018-01-03 14:41:33.998967,419.4,419.4,419.6,17854363.0
2018-01-03 14:41:35.775438,419.4,419.4,419.6,17856363.0
2018-01-03 14:41:37.801747,419.4,419.4,419.6,17856363.0
2018-01-03 14:41:39.212046,419.4,419.4,419.6,17856363.0
2018-01-03 14:41:41.053356,419.4,419.4,419.6,17856363.0
2018-01-03 14:41:42.692676,419.4,419.4,419.6,17856363.0
2018-01-03 14:41:44.973744,419.4,419.4,419.6,17856363.0
2018-01-03 14:41:46.752750,419.6,419.4,419.6,17858664.0
2018-01-03 14:41:48.495670,419.6,419.4,419.6,17858664.0
2018-01-03 14:41:50.747057,419.6,419.4,419.6,17858664.0
2018-01-03 14:41:52.613064,419.6,419.4,419.6,17858664.0
2018-01-03 14:41:54.493451,419.4,419.4,419.6,17863364.0
2018-01-03 14:41:56.695683,419.4,419.2,419.6,17866664.0
2018-01-03 14:41:58.783915,419.4,419.2,419.6,17866664.0
2018-01-03 14:42:01.049079,419.4,419.2,419.6,17866664.0
2018-01-03 14:42:08.994641,419.4,419.4,419.6,17870464.0
2018-01-03 14:42:28.397707,419.4,419.4,419.6,17870464.0
2018-01-03 14:42:42.533854,419.2,419.2,419.4,17905864.0
2018-01-03 14:42:44.563979,419.2,419.2,419.4,17905864.0
2018-01-03 14:42:46.154647,419.2,419.2,419.4,17905864.0
2018-01-03 14:42:47.934762,419.2,419.2,419.4,17905864.0
2018-01-03 14:42:50.055145,419.2,419.0,419.2,17912064.0
2018-01-03 14:42:52.169705,419.2,419.2,419.4,17915064.0
2018-01-03 14:42:54.094297,419.2,419.2,419.4,17915064.0
2018-01-03 14:43:03.060582,419.2,419.2,419.4,17915064.0
2018-01-03 14:43:07.621364,419.2,419.2,419.4,17918064.0
2018-01-03 14:43:50.464269,419.4,419.2,419.6,17959379.0
2018-01-03 14:43:52.793592,419.4,419.2,419.4,17961879.0
2018-01-03 14:43:58.313647,419.4,419.2,419.4,17961879.0
2018-01-03 14:44:03.231913,419.4,419.2,419.4,17961879.0
2018-01-03 14:44:09.361577,419.4,419.2,419.4,17961879.0
2018-01-03 14:44:11.406021,419.4,419.2,419.4,17964579.0
2018-01-03 14:44:13.414625,419.4,419.2,419.4,17964579.0
2018-01-03 14:44:15.524806,419.4,419.2,419.4,17964579.0
2018-01-03 14:44:17.559064,419.4,419.2,419.4,17964579.0
2018-01-03 14:44:20.234968,419.4,419.4,419.6,17975879.0
2018-01-03 14:44:22.124702,419.4,419.4,419.6,17975879.0
2018-01-03 14:44:23.715237,419.4,419.4,419.6,17975879.0
2018-01-03 14:44:25.678266,419.4,419.4,419.6,17975879.0
2018-01-03 14:44:28.125997,419.4,419.4,419.6,17975879.0
2018-01-03 14:44:30.082907,419.4,419.4,419.6,17979179.0
2018-01-03 14:44:31.873078,419.4,419.4,419.6,17979179.0
2018-01-03 14:44:33.806642,419.4,419.4,419.6,17979179.0
2018-01-03 14:44:35.614562,419.4,419.4,419.6,17979179.0
2018-01-03 14:44:37.946929,419.4,419.4,419.6,17979179.0
2018-01-03 14:44:39.419470,419.4,419.4,419.6,17979179.0
2018-01-03 14:44:41.708882,419.4,419.4,419.6,17979179.0
2018-01-03 14:44:43.693974,419.4,419.4,419.6,17979179.0
2018-01-03 14:44:45.479115,419.4,419.4,419.6,17979179.0
2018-01-03 14:44:48.443272,419.4,419.4,419.6,17979179.0
2018-01-03 14:44:50.280410,419.4,419.4,419.6,17979179.0
2018-01-03 14:44:53.196445,419.4,419.4,419.6,17982579.0
2018-01-03 14:44:54.865455,419.4,419.4,419.6,17984679.0
2018-01-03 14:44:57.274085,419.4,419.4,419.6,17984679.0
2018-01-03 14:44:59.343297,419.4,419.4,419.6,17984679.0
2018-01-03 14:45:03.455599,419.4,419.4,419.6,17984679.0
2018-01-03 14:45:05.181664,419.4,419.2,419.4,17986079.0
2018-01-03 14:45:06.986511,419.4,419.2,419.4,17986079.0
2018-01-03 14:45:09.342880,419.4,419.2,419.4,17986079.0
2018-01-03 14:45:11.205208,419.4,419.2,419.4,17986079.0
2018-01-03 14:45:12.953389,419.4,419.2,419.4,17986079.0
2018-01-03 14:45:14.876297,419.4,419.4,419.6,17989579.0
2018-01-03 14:45:16.948208,419.4,419.4,419.6,17989579.0
2018-01-03 14:45:19.274287,419.4,419.4,419.6,17989579.0
2018-01-03 14:45:20.655802,419.4,419.4,419.6,17989579.0
2018-01-03 14:45:23.049529,419.4,419.4,419.6,17989579.0
2018-01-03 14:45:25.259606,419.4,419.4,419.6,17989579.0
2018-01-03 14:45:27.237745,419.4,419.4,419.6,17989579.0
2018-01-03 14:45:29.237868,419.4,419.4,419.6,17994779.0
2018-01-03 14:45:30.691220,419.4,419.4,419.6,17994779.0
2018-01-03 14:45:32.689869,419.4,419.4,419.6,17996679.0
2018-01-03 14:45:34.272774,419.4,419.4,419.6,17996679.0
2018-01-03 14:45:36.256725,419.4,419.4,419.6,17996679.0
2018-01-03 14:45:38.696025,419.4,419.4,419.6,17996679.0
2018-01-03 14:45:40.193664,419.4,419.4,419.6,17996679.0
2018-01-03 14:45:41.961396,419.4,419.4,419.6,17996679.0
2018-01-03 14:45:43.551392,419.4,419.4,419.6,17996679.0
2018-01-03 14:45:45.813738,419.4,419.2,419.4,18004579.0
2018-01-03 14:45:47.521169,419.4,419.2,419.4,18004579.0
2018-01-03 14:45:49.226738,419.4,419.2,419.4,18004579.0
2018-01-03 14:45:51.697863,419.4,419.2,419.4,18004579.0
2018-01-03 14:45:53.574208,419.4,419.2,419.4,18004579.0
2018-01-03 14:45:55.157238,419.4,419.2,419.4,18004579.0
2018-01-03 14:45:57.166745,419.4,419.2,419.4,18004579.0
2018-01-03 14:45:59.237773,419.4,419.2,419.4,18004579.0
2018-01-03 14:46:01.309618,419.4,419.2,419.4,18004579.0
2018-01-03 14:46:03.256650,419.6,419.4,419.6,18020279.0
2018-01-03 14:46:04.707663,419.6,419.4,419.6,18020279.0
2018-01-03 14:46:07.537632,419.6,419.4,419.6,18020279.0
2018-01-03 14:46:09.425829,419.6,419.4,419.6,18020279.0
2018-01-03 14:46:10.927623,419.6,419.6,419.8,18025079.0
2018-01-03 14:46:12.923694,419.6,419.6,419.8,18025079.0
2018-01-03 14:46:14.912682,419.6,419.6,419.8,18025079.0
2018-01-03 14:46:16.322070,419.6,419.6,419.8,18025079.0
2018-01-03 14:46:18.420178,419.6,419.6,419.8,18025079.0
2018-01-03 14:46:20.400293,419.6,419.6,419.8,18025079.0
2018-01-03 14:46:22.505119,419.6,419.6,419.8,18025079.0
2018-01-03 14:46:24.503307,419.6,419.6,419.8,18025079.0
2018-01-03 14:46:26.282179,419.6,419.6,419.8,18025079.0
2018-01-03 14:46:28.181171,419.6,419.6,419.8,18025079.0
2018-01-03 14:46:29.617558,419.6,419.6,419.8,18025079.0
2018-01-03 14:46:31.845262,419.6,419.6,419.8,18025079.0
2018-01-03 14:46:40.520841,419.6,419.6,419.8,18055979.0
2018-01-03 14:46:42.078251,419.6,419.4,419.6,18059679.0
2018-01-03 14:46:45.143648,419.6,419.4,419.6,18059679.0
2018-01-03 14:46:47.001543,419.6,419.4,419.6,18059679.0
2018-01-03 14:47:11.668629,419.6,419.4,419.6,18064279.0
2018-01-03 14:47:18.625095,419.6,419.4,419.6,18081879.0
2018-01-03 14:47:21.811497,419.6,419.4,419.6,18081879.0
2018-01-03 14:47:24.551352,419.6,419.4,419.6,18081879.0
2018-01-03 14:47:26.473075,419.6,419.4,419.6,18081879.0
2018-01-03 14:47:29.312173,419.6,419.4,419.6,18081879.0
2018-01-03 14:47:38.952786,419.6,419.4,419.6,18081879.0
2018-01-03 14:47:40.669755,419.6,419.4,419.6,18087183.0
2018-01-03 14:47:42.834849,419.6,419.4,419.6,18087183.0
2018-01-03 14:47:45.382292,419.6,419.4,419.6,18087183.0
2018-01-03 14:47:46.987340,419.6,419.4,419.6,18087183.0
2018-01-03 14:47:48.428787,419.6,419.4,419.6,18087183.0
2018-01-03 14:47:50.194956,419.6,419.4,419.6,18087183.0
2018-01-03 14:47:52.425608,419.6,419.4,419.6,18087183.0
2018-01-03 14:47:54.681092,419.6,419.4,419.6,18087183.0
2018-01-03 14:47:58.444682,419.6,419.4,419.6,18091583.0
2018-01-03 14:48:00.025654,419.6,419.4,419.6,18091583.0
2018-01-03 14:48:02.067419,419.6,419.4,419.6,18091583.0
2018-01-03 14:48:04.871025,419.6,419.4,419.6,18091583.0
2018-01-03 14:48:06.995260,419.6,419.4,419.6,18091583.0
2018-01-03 14:48:09.161107,419.6,419.4,419.6,18091583.0
2018-01-03 14:48:11.247664,419.6,419.4,419.6,18091583.0
2018-01-03 14:48:13.422860,419.6,419.4,419.6,18091583.0
2018-01-03 14:48:15.512842,419.6,419.4,419.6,18094283.0
2018-01-03 14:48:17.699689,419.6,419.4,419.6,18094283.0
2018-01-03 14:48:19.919239,419.6,419.4,419.6,18094283.0
2018-01-03 14:48:22.102231,419.6,419.4,419.6,18094283.0
2018-01-03 14:48:23.842369,419.6,419.4,419.6,18094283.0
2018-01-03 14:48:25.306799,419.6,419.4,419.6,18094283.0
2018-01-03 14:48:27.319690,419.6,419.4,419.6,18094283.0
2018-01-03 14:48:29.095200,419.6,419.4,419.6,18094283.0
2018-01-03 14:48:31.130656,419.6,419.4,419.6,18094283.0
2018-01-03 14:48:33.667026,419.6,419.4,419.6,18094283.0
2018-01-03 14:48:36.022940,419.6,419.4,419.6,18094283.0
2018-01-03 14:48:38.817680,419.6,419.4,419.6,18108483.0
2018-01-03 14:48:41.043340,419.6,419.4,419.6,18108483.0
2018-01-03 14:48:43.220822,419.6,419.4,419.6,18108483.0
2018-01-03 14:48:45.489594,419.6,419.6,419.8,18113683.0
2018-01-03 14:48:48.008809,419.6,419.6,419.8,18113683.0
2018-01-03 14:48:50.944570,419.6,419.6,419.8,18113683.0
2018-01-03 14:48:53.203994,419.8,419.6,420.0,18146683.0
2018-01-03 14:48:55.215265,419.8,419.6,420.0,18146683.0
2018-01-03 14:48:57.300631,419.8,419.6,420.0,18146683.0
2018-01-03 14:48:59.660009,419.6,419.4,420.0,18153283.0
2018-01-03 14:49:02.270208,419.6,419.4,420.0,18153283.0
2018-01-03 14:49:04.522579,419.6,419.4,420.0,18153283.0
2018-01-03 14:49:10.757539,419.6,419.4,420.0,18153283.0
2018-01-03 14:49:12.971166,419.6,419.6,419.8,18158083.0
2018-01-03 14:49:15.242736,419.6,419.6,419.8,18158083.0
2018-01-03 14:49:16.882434,419.6,419.6,419.8,18158083.0
2018-01-03 14:49:18.614636,419.6,419.6,419.8,18158083.0
2018-01-03 14:49:20.487324,419.6,419.4,419.8,18165483.0
2018-01-03 14:49:22.600444,419.6,419.4,419.8,18165483.0
2018-01-03 14:49:24.468153,419.6,419.4,419.8,18165483.0
2018-01-03 14:49:26.517246,419.8,419.4,419.8,18175683.0
2018-01-03 14:49:28.491976,419.8,419.4,419.8,18175683.0
2018-01-03 14:49:30.508239,419.8,419.4,419.8,18175683.0
2018-01-03 14:49:34.693982,419.8,419.4,419.8,18175683.0
2018-01-03 14:49:36.241536,419.6,419.6,419.8,18182783.0
2018-01-03 14:49:38.166648,419.6,419.6,419.8,18182783.0
2018-01-03 14:49:39.857732,419.6,419.6,419.8,18182783.0
2018-01-03 14:49:42.286371,419.6,419.6,419.8,18182783.0
2018-01-03 14:49:44.585353,419.6,419.6,419.8,18182783.0
2018-01-03 14:49:46.888036,419.6,419.6,419.8,18182783.0
2018-01-03 14:49:48.860254,419.6,419.6,419.8,18182783.0
2018-01-03 14:49:50.846232,419.6,419.6,419.8,18182783.0
2018-01-03 14:49:56.905959,419.6,419.4,419.6,18186183.0
2018-01-03 14:50:03.876780,419.6,419.4,419.6,18186183.0
2018-01-03 14:50:09.264549,419.6,419.4,419.6,18188083.0
2018-01-03 14:50:10.750640,419.6,419.4,419.6,18188083.0
2018-01-03 14:50:13.695811,419.6,419.4,419.6,18188083.0
2018-01-03 14:50:15.838207,419.6,419.4,419.6,18188083.0
2018-01-03 14:50:17.856310,419.6,419.4,419.6,18188083.0
2018-01-03 14:50:19.395118,419.6,419.4,419.6,18188083.0
2018-01-03 14:50:21.107887,419.6,419.4,419.6,18188083.0
2018-01-03 14:50:23.417004,419.6,419.4,419.6,18188083.0
2018-01-03 14:50:25.473444,419.6,419.4,419.6,18188083.0
2018-01-03 14:50:27.531635,419.6,419.4,419.6,18188083.0
2018-01-03 14:50:29.629457,419.6,419.4,419.6,18188083.0
2018-01-03 14:50:31.505309,419.6,419.4,419.6,18188083.0
2018-01-03 14:50:49.259486,419.8,419.6,419.8,18198583.0
2018-01-03 14:50:51.297672,419.8,419.6,419.8,18201683.0
2018-01-03 14:50:52.877896,419.8,419.6,419.8,18201683.0
2018-01-03 14:50:55.095579,419.8,419.6,419.8,18201683.0
2018-01-03 14:50:57.009839,419.8,419.6,419.8,18201683.0
2018-01-03 14:50:58.480990,419.8,419.8,420.0,18214783.0
2018-01-03 14:51:00.522443,419.8,419.8,420.0,18214783.0
2018-01-03 14:51:02.668568,419.8,419.8,420.0,18214783.0
2018-01-03 14:51:04.674042,419.8,419.8,420.0,18214783.0
2018-01-03 14:51:06.597013,419.8,419.8,420.0,18214783.0
2018-01-03 14:51:10.830544,419.8,419.8,420.0,18214783.0
2018-01-03 14:51:13.041513,419.8,419.8,420.0,18231183.0
2018-01-03 14:51:15.037364,419.8,419.8,420.0,18231183.0
2018-01-03 14:51:16.997980,419.8,419.8,420.0,18231183.0
2018-01-03 14:51:19.147596,419.8,419.8,420.0,18231183.0
2018-01-03 14:51:21.225026,419.8,419.8,420.0,18231183.0
2018-01-03 14:51:23.283101,419.8,419.8,420.0,18231183.0
2018-01-03 14:51:25.130778,419.8,419.8,420.0,18231183.0
2018-01-03 14:51:27.195880,419.8,419.8,420.0,18231183.0
2018-01-03 14:51:29.248498,419.8,419.8,420.0,18231183.0
2018-01-03 14:51:30.914568,419.8,419.8,420.0,18231183.0
2018-01-03 14:51:32.686477,419.8,419.8,420.0,18231183.0
2018-01-03 14:51:34.036217,419.8,419.8,420.0,18238383.0
2018-01-03 14:51:36.172651,419.8,419.8,420.0,18238383.0
2018-01-03 14:51:38.281182,419.8,419.8,420.0,18238383.0
2018-01-03 14:51:39.683138,419.8,419.6,420.0,18258183.0
2018-01-03 14:51:41.657909,419.8,419.6,420.0,18258183.0
2018-01-03 14:51:43.796971,419.8,419.6,420.0,18258183.0
2018-01-03 14:51:45.986907,419.8,419.6,420.0,18258183.0
2018-01-03 14:51:47.772958,419.8,419.6,420.0,18258183.0
2018-01-03 14:51:49.914954,419.8,419.6,420.0,18258183.0
2018-01-03 14:51:51.738837,419.8,419.6,420.0,18258183.0
2018-01-03 14:51:53.971977,419.8,419.6,419.8,18262383.0
2018-01-03 14:51:55.807716,419.8,419.6,419.8,18262383.0
2018-01-03 14:51:57.960903,419.8,419.6,419.8,18262383.0
2018-01-03 14:52:00.256363,419.8,419.6,419.8,18262383.0
2018-01-03 14:52:02.236896,419.8,419.6,419.8,18262383.0
2018-01-03 14:52:04.668883,419.8,419.6,419.8,18271583.0
2018-01-03 14:52:08.572434,419.8,419.6,419.8,18271583.0
2018-01-03 14:52:11.124362,419.8,419.6,419.8,18271583.0
2018-01-03 14:52:13.755341,419.8,419.6,419.8,18271583.0
2018-01-03 14:52:19.910619,419.8,419.6,419.8,18271583.0
2018-01-03 14:52:27.697297,419.6,419.6,419.8,18272783.0
2018-01-03 14:52:39.962737,419.6,419.6,419.8,18272783.0
2018-01-03 14:52:41.910251,419.6,419.6,419.8,18275583.0
2018-01-03 14:52:55.530862,419.6,419.6,419.8,18275583.0
2018-01-03 14:52:59.958611,419.6,419.6,419.8,18275583.0
2018-01-03 14:53:01.975197,419.6,419.6,419.8,18275583.0
2018-01-03 14:53:13.342809,419.8,419.6,419.8,18279283.0
2018-01-03 14:53:15.428078,419.2,419.2,419.8,18363583.0
2018-01-03 14:53:17.946865,419.2,419.2,419.8,18363583.0
2018-01-03 14:53:20.043685,419.6,419.6,419.8,18366683.0
2018-01-03 14:53:22.661485,419.6,419.6,419.8,18366683.0
2018-01-03 14:53:31.149033,419.6,419.6,419.8,18366683.0
2018-01-03 14:53:48.999019,419.6,419.6,419.8,18373383.0
2018-01-03 14:53:51.166116,419.6,419.6,420.0,18380883.0
2018-01-03 14:53:53.337038,419.6,419.6,420.0,18380883.0
2018-01-03 14:53:54.895078,419.6,419.6,420.0,18380883.0
2018-01-03 14:53:56.719070,419.6,419.6,420.0,18380883.0
2018-01-03 14:53:58.969245,419.6,419.6,419.8,18383083.0
2018-01-03 14:54:02.326257,419.6,419.6,419.8,18383083.0
2018-01-03 14:54:08.591792,419.6,419.6,419.8,18386283.0
2018-01-03 14:54:11.925855,419.8,419.6,419.8,18388483.0
2018-01-03 14:54:13.865519,419.8,419.6,419.8,18388483.0
2018-01-03 14:54:15.938855,419.8,419.6,419.8,18388483.0
2018-01-03 14:54:18.325625,419.8,419.6,419.8,18388483.0
2018-01-03 14:54:20.599561,419.8,419.6,419.8,18388483.0
2018-01-03 14:54:28.153378,419.8,419.6,419.8,18388483.0
2018-01-03 14:54:31.379013,419.6,419.6,419.8,18390383.0
2018-01-03 14:54:33.265779,419.6,419.6,419.8,18390383.0
2018-01-03 14:54:35.145031,420.2,420.0,420.2,18446083.0
2018-01-03 14:54:38.700531,420.2,420.0,420.2,18446083.0
2018-01-03 14:54:41.123980,420.2,420.0,420.2,18446083.0
2018-01-03 14:54:44.649942,420.2,420.0,420.2,18446083.0
2018-01-03 14:54:46.545005,420.2,420.0,420.2,18446083.0
2018-01-03 14:54:48.345170,420.2,420.0,420.2,18446083.0
2018-01-03 14:54:50.111305,420.2,420.0,420.2,18446083.0
2018-01-03 14:54:52.371514,420.0,420.0,420.2,18449283.0
2018-01-03 14:54:55.054471,420.0,420.0,420.2,18449283.0
2018-01-03 14:54:57.088719,420.0,420.0,420.2,18449283.0
2018-01-03 14:54:59.069767,420.0,420.0,420.2,18449283.0
2018-01-03 14:55:04.293259,420.0,420.0,420.2,18449283.0
2018-01-03 14:55:07.440945,420.0,420.0,420.2,18449283.0
2018-01-03 14:55:17.073461,420.0,420.0,420.2,18449283.0
2018-01-03 14:55:20.744363,420.0,420.0,420.2,18449283.0
2018-01-03 14:55:25.162495,420.2,420.0,420.2,18453083.0
2018-01-03 14:55:27.938298,420.2,420.0,420.2,18453083.0
2018-01-03 14:55:35.748932,420.2,420.0,420.2,18453083.0
2018-01-03 14:55:42.681889,420.2,420.0,420.2,18453083.0
2018-01-03 14:55:45.222530,420.2,420.0,420.2,18457483.0
2018-01-03 14:55:47.401922,420.2,420.0,420.2,18457483.0
2018-01-03 14:55:49.924454,420.2,420.0,420.2,18457483.0
2018-01-03 14:55:51.734272,420.2,420.0,420.2,18457483.0
2018-01-03 14:55:54.184916,420.2,420.0,420.2,18457483.0
2018-01-03 14:55:57.301514,420.2,420.0,420.2,18457483.0
2018-01-03 14:56:00.522628,420.2,420.0,420.2,18457483.0
2018-01-03 14:56:02.950759,420.2,420.0,420.2,18457483.0
2018-01-03 14:56:05.142521,420.2,420.0,420.2,18457483.0
2018-01-03 14:56:07.110286,420.2,420.0,420.2,18457483.0
2018-01-03 14:56:17.401499,420.2,420.0,420.2,18463983.0
2018-01-03 14:56:19.305930,420.2,420.0,420.2,18463983.0
2018-01-03 14:56:21.336363,420.2,420.0,420.2,18463983.0
2018-01-03 14:56:23.262568,420.2,420.0,420.2,18463983.0
2018-01-03 14:56:25.188369,420.2,420.0,420.2,18463983.0
2018-01-03 14:56:27.398558,420.2,420.0,420.2,18463983.0
2018-01-03 14:56:29.420541,420.2,420.0,420.2,18463983.0
2018-01-03 14:56:31.549665,420.2,420.2,420.4,18487483.0
2018-01-03 14:56:33.634234,420.2,420.2,420.4,18487483.0
2018-01-03 14:56:35.179364,420.2,420.2,420.4,18490783.0
2018-01-03 14:56:37.254719,420.2,420.2,420.4,18490783.0
2018-01-03 14:56:39.038901,420.2,420.2,420.4,18490783.0
2018-01-03 14:56:40.887580,420.2,420.2,420.4,18490783.0
2018-01-03 14:56:42.317518,420.2,420.2,420.4,18490783.0
2018-01-03 14:56:44.395260,420.2,420.2,420.4,18490783.0
2018-01-03 14:56:45.875050,420.2,420.2,420.4,18490783.0
2018-01-03 14:56:47.744400,420.2,420.2,420.4,18490783.0
2018-01-03 14:56:49.640003,420.2,420.2,420.4,18490783.0
2018-01-03 14:56:51.769232,420.2,420.2,420.4,18490783.0
2018-01-03 14:56:54.202318,420.2,420.2,420.4,18490783.0
2018-01-03 14:56:56.778776,420.2,420.2,420.4,18490783.0
2018-01-03 14:56:58.855201,420.2,420.2,420.4,18490783.0
2018-01-03 14:57:01.667105,420.2,420.2,420.4,18495083.0
2018-01-03 14:57:13.070128,420.2,420.2,420.4,18495083.0
2018-01-03 14:57:15.092068,420.2,420.2,420.4,18496783.0
2018-01-03 14:57:16.966126,420.2,420.2,420.4,18496783.0
2018-01-03 14:57:19.177638,420.2,420.2,420.4,18496783.0
2018-01-03 14:57:21.010513,420.2,420.2,420.4,18496783.0
2018-01-03 14:57:22.829760,420.2,420.2,420.4,18496783.0
2018-01-03 14:57:26.081851,420.2,420.2,420.4,18496783.0
2018-01-03 14:57:30.184500,420.2,420.2,420.4,18496783.0
2018-01-03 14:57:31.915752,420.4,420.2,420.4,18528683.0
2018-01-03 14:57:33.838266,420.4,420.2,420.4,18528683.0
2018-01-03 14:57:35.347786,420.4,420.4,420.6,18534983.0
2018-01-03 14:57:37.353462,420.4,420.4,420.6,18534983.0
2018-01-03 14:57:39.239318,420.4,420.4,420.6,18534983.0
2018-01-03 14:57:41.310961,420.4,420.4,420.6,18534983.0
2018-01-03 14:57:43.326148,420.4,420.4,420.6,18534983.0
2018-01-03 14:57:45.332592,420.4,420.4,420.6,18534983.0
2018-01-03 14:57:47.456714,420.4,420.4,420.6,18534983.0
2018-01-03 14:57:49.833828,420.4,420.4,420.6,18534983.0
2018-01-03 14:57:51.780922,420.4,420.4,420.6,18534983.0
2018-01-03 14:57:53.717250,420.4,420.4,420.6,18534983.0
2018-01-03 14:57:55.243165,420.4,420.4,420.6,18534983.0
2018-01-03 14:57:57.264399,420.4,420.4,420.6,18534983.0
2018-01-03 14:57:59.841829,420.4,420.4,420.6,18534983.0
2018-01-03 14:58:01.737163,420.4,420.4,420.6,18534983.0
2018-01-03 14:58:07.249279,420.4,420.2,420.4,18537783.0
2018-01-03 14:58:29.701033,420.4,420.2,420.4,18537783.0
2018-01-03 14:58:32.531321,420.4,420.2,420.4,18537783.0
2018-01-03 14:59:16.054025,420.2,420.2,420.4,18539883.0
2018-01-03 14:59:18.233758,420.4,420.2,420.6,18609683.0
2018-01-03 14:59:21.188306,420.4,420.2,420.6,18609683.0
2018-01-03 14:59:23.324480,420.4,420.2,420.6,18609683.0
2018-01-03 14:59:24.980848,420.4,420.2,420.6,18609683.0
2018-01-03 14:59:29.640871,420.4,420.2,420.6,18609683.0
2018-01-03 14:59:31.612308,420.4,420.4,420.6,18616983.0
2018-01-03 14:59:34.116388,420.4,420.4,420.6,18616983.0
2018-01-03 14:59:35.967347,420.4,420.4,420.6,18629183.0
2018-01-03 14:59:37.935211,420.4,420.4,420.6,18629183.0
2018-01-03 14:59:39.771797,420.4,420.4,420.6,18629183.0
2018-01-03 14:59:41.632108,420.4,420.4,420.6,18629183.0
2018-01-03 14:59:43.620933,420.4,420.4,420.6,18629183.0
2018-01-03 14:59:46.095885,420.4,420.4,420.6,18632083.0
2018-01-03 14:59:49.348586,420.4,420.4,420.6,18632083.0
2018-01-03 14:59:51.221548,420.4,420.4,420.6,18632083.0
2018-01-03 14:59:53.387871,420.4,420.4,420.6,18632083.0
2018-01-03 14:59:55.350167,420.4,420.4,420.6,18632083.0
2018-01-03 14:59:57.309213,420.4,420.4,420.6,18632083.0
2018-01-03 14:59:59.138151,420.4,420.4,420.6,18632083.0
2018-01-03 15:00:01.188174,420.4,420.4,420.6,18632083.0
2018-01-03 15:00:04.205380,420.4,420.4,420.6,18632083.0
2018-01-03 15:00:06.455768,420.6,420.4,420.6,18643983.0
2018-01-03 15:00:08.412064,420.6,420.4,420.6,18643983.0
2018-01-03 15:00:11.147859,420.6,420.4,420.6,18643983.0
2018-01-03 15:00:14.188167,420.6,420.4,420.6,18647183.0
2018-01-03 15:00:17.644168,420.6,420.4,420.6,18647183.0
2018-01-03 15:00:20.941957,420.6,420.4,420.6,18647183.0
2018-01-03 15:00:22.848499,420.6,420.4,420.6,18647183.0
2018-01-03 15:00:24.888042,420.8,420.6,420.8,18656483.0
2018-01-03 15:00:26.849161,420.8,420.6,420.8,18656483.0
2018-01-03 15:00:28.786355,420.8,420.6,420.8,18656483.0
2018-01-03 15:00:30.676267,420.8,420.6,420.8,18656483.0
2018-01-03 15:00:32.771572,420.8,420.6,420.8,18656483.0
2018-01-03 15:00:34.449395,420.8,420.6,420.8,18656483.0
2018-01-03 15:00:36.531094,420.6,420.6,421.0,18658783.0
2018-01-03 15:00:38.566453,420.6,420.6,421.0,18658783.0
2018-01-03 15:00:40.649061,420.6,420.6,421.0,18658783.0
2018-01-03 15:00:42.655925,420.6,420.6,421.0,18658783.0
2018-01-03 15:00:44.368509,420.6,420.6,421.0,18658783.0
2018-01-03 15:00:46.344871,421.0,420.8,421.0,18660983.0
2018-01-03 15:00:48.532173,421.0,420.8,421.0,18660983.0
2018-01-03 15:00:50.595540,420.8,420.6,421.0,18671283.0
2018-01-03 15:00:52.594777,420.8,420.6,421.0,18671283.0
2018-01-03 15:00:54.134299,420.8,420.6,421.0,18671283.0
2018-01-03 15:00:56.058791,420.8,420.6,421.0,18671283.0
2018-01-03 15:00:57.919482,420.8,420.6,421.0,18671283.0
2018-01-03 15:00:59.687525,420.8,420.6,421.0,18671283.0
2018-01-03 15:01:01.960935,420.8,420.6,421.0,18671283.0
2018-01-03 15:01:03.900323,420.8,420.6,421.0,18671283.0
2018-01-03 15:01:06.037544,420.8,420.6,421.0,18671283.0
2018-01-03 15:01:08.131437,420.8,420.6,421.0,18671283.0
2018-01-03 15:01:12.751104,420.8,420.8,421.0,18686283.0
2018-01-03 15:01:14.852225,420.8,420.8,421.0,18686283.0
2018-01-03 15:01:16.262187,420.8,420.8,421.0,18686283.0
2018-01-03 15:01:18.410055,420.8,420.8,421.0,18686283.0
2018-01-03 15:01:20.479605,420.8,420.8,421.0,18686283.0
2018-01-03 15:01:21.991004,420.8,420.8,421.0,18686283.0
2018-01-03 15:01:23.791511,420.8,420.8,421.0,18686283.0
2018-01-03 15:01:26.091291,420.8,420.8,421.0,18686283.0
2018-01-03 15:01:28.076647,420.8,420.8,421.0,18686283.0
2018-01-03 15:01:30.183486,420.8,420.8,421.0,18686283.0
2018-01-03 15:01:32.194518,420.8,420.8,421.0,18686283.0
2018-01-03 15:01:33.820216,420.8,420.8,421.0,18686283.0
2018-01-03 15:01:36.011605,420.8,420.8,421.0,18686283.0
2018-01-03 15:01:38.110000,421.0,420.8,421.0,18688883.0
2018-01-03 15:01:40.210425,421.0,420.8,421.0,18695483.0
2018-01-03 15:01:42.163252,421.0,420.8,421.0,18695483.0
2018-01-03 15:01:44.262377,421.0,420.8,421.0,18695483.0
2018-01-03 15:01:46.365730,421.0,420.8,421.0,18695483.0
2018-01-03 15:01:48.351474,421.0,420.8,421.0,18695483.0
2018-01-03 15:01:50.544975,421.0,420.8,421.0,18695483.0
2018-01-03 15:01:52.603656,421.0,420.8,421.0,18695483.0
2018-01-03 15:01:54.232969,421.0,420.8,421.0,18695483.0
2018-01-03 15:01:56.039305,421.0,420.8,421.0,18695483.0
2018-01-03 15:01:57.617216,421.0,420.8,421.0,18695483.0
2018-01-03 15:01:59.408588,421.0,420.8,421.0,18720883.0
2018-01-03 15:02:01.274206,421.0,420.8,421.0,18720883.0
2018-01-03 15:02:04.289900,421.0,420.8,421.0,18720883.0
2018-01-03 15:02:06.395663,421.0,420.8,421.0,18720883.0
2018-01-03 15:02:09.728246,421.0,420.8,421.0,18720883.0
2018-01-03 15:02:12.359853,421.0,420.8,421.0,18720883.0
2018-01-03 15:02:14.021649,421.0,420.8,421.0,18720883.0
2018-01-03 15:02:15.968839,421.0,420.8,421.0,18720883.0
2018-01-03 15:02:18.510149,421.0,420.8,421.0,18724983.0
2018-01-03 15:02:20.506251,421.0,420.8,421.0,18724983.0
2018-01-03 15:02:22.602556,421.0,420.8,421.0,18724983.0
2018-01-03 15:02:24.852175,421.0,420.8,421.0,18724983.0
2018-01-03 15:02:27.865177,421.0,420.8,421.0,18724983.0
2018-01-03 15:02:29.888684,421.0,420.8,421.0,18724983.0
2018-01-03 15:02:31.671108,421.0,420.8,421.0,18724983.0
2018-01-03 15:02:33.912476,421.0,420.8,421.0,18724983.0
2018-01-03 15:02:36.718654,421.0,420.8,421.0,18724983.0
2018-01-03 15:02:38.701529,421.0,420.8,421.0,18724983.0
2018-01-03 15:02:40.439822,420.8,420.8,421.0,18737283.0
2018-01-03 15:02:42.560300,420.8,420.8,421.0,18746983.0
2018-01-03 15:02:44.287321,420.6,420.4,420.8,18759083.0
2018-01-03 15:02:45.720213,420.6,420.4,420.8,18759083.0
2018-01-03 15:02:47.910380,420.6,420.4,420.8,18759083.0
2018-01-03 15:02:49.371744,421.0,420.4,421.0,18795983.0
2018-01-03 15:02:51.468614,421.0,420.4,421.0,18795983.0
2018-01-03 15:02:53.478353,421.0,420.4,421.0,18795983.0
2018-01-03 15:02:55.194466,421.0,420.4,421.0,18795983.0
2018-01-03 15:02:57.030759,420.8,420.8,421.0,18803183.0
2018-01-03 15:02:58.592399,420.8,420.8,421.0,18803183.0
2018-01-03 15:03:00.467431,420.8,420.8,421.0,18803183.0
2018-01-03 15:03:02.486779,420.8,420.8,421.0,18803183.0
2018-01-03 15:03:07.138968,420.8,420.8,421.0,18803183.0
2018-01-03 15:03:09.182116,420.8,420.8,421.0,18803183.0
2018-01-03 15:03:11.344389,420.8,420.6,420.8,18807483.0
2018-01-03 15:03:13.029642,420.8,420.6,420.8,18807483.0
2018-01-03 15:03:15.093431,420.8,420.6,420.8,18807483.0
2018-01-03 15:03:16.746162,420.8,420.6,420.8,18807483.0
2018-01-03 15:03:18.529789,420.8,420.6,420.8,18807483.0
2018-01-03 15:03:20.425404,420.8,420.6,420.8,18807483.0
2018-01-03 15:03:22.413872,420.8,420.6,420.8,18807483.0
2018-01-03 15:03:24.385758,420.8,420.6,420.8,18807483.0
2018-01-03 15:03:26.301647,420.8,420.6,420.8,18807483.0
2018-01-03 15:03:27.966083,420.8,420.6,420.8,18807483.0
2018-01-03 15:03:30.003122,420.8,420.6,420.8,18807483.0
2018-01-03 15:03:32.013155,420.8,420.6,420.8,18807483.0
2018-01-03 15:03:33.886109,420.8,420.6,420.8,18807483.0
2018-01-03 15:03:35.478762,420.8,420.6,420.8,18807483.0
2018-01-03 15:03:37.504650,420.6,420.6,420.8,18809783.0
2018-01-03 15:03:39.522848,420.6,420.6,420.8,18809783.0
2018-01-03 15:03:41.572233,420.6,420.6,420.8,18809783.0
2018-01-03 15:03:43.002040,420.6,420.6,420.8,18811683.0
2018-01-03 15:03:45.156753,420.6,420.6,420.8,18811683.0
2018-01-03 15:03:47.365561,420.6,420.6,420.8,18811683.0
2018-01-03 15:03:49.448863,420.6,420.6,420.8,18811683.0
2018-01-03 15:03:51.436386,420.6,420.6,420.8,18811683.0
2018-01-03 15:03:53.440580,420.6,420.6,420.8,18811683.0
2018-01-03 15:03:55.661797,420.6,420.6,420.8,18811683.0
2018-01-03 15:03:57.575793,420.6,420.6,420.8,18811683.0
2018-01-03 15:03:59.570392,420.6,420.6,420.8,18811683.0
2018-01-03 15:04:01.575995,420.6,420.6,420.8,18811683.0
2018-01-03 15:04:03.761261,420.6,420.6,420.8,18811683.0
2018-01-03 15:04:05.996821,420.6,420.6,420.8,18811683.0
2018-01-03 15:04:08.193527,420.8,420.6,420.8,18818348.0
2018-01-03 15:04:10.252739,421.0,420.8,421.0,18841448.0
2018-01-03 15:04:12.522803,421.0,420.8,421.0,18841448.0
2018-01-03 15:04:14.666703,421.0,420.8,421.0,18841448.0
2018-01-03 15:04:24.310793,421.0,420.8,421.0,18841448.0
2018-01-03 15:04:26.353967,421.2,421.0,421.4,18877948.0
2018-01-03 15:04:28.431324,421.2,421.0,421.4,18877948.0
2018-01-03 15:04:30.216581,421.2,421.0,421.4,18877948.0
2018-01-03 15:04:32.385176,421.2,421.0,421.4,18877948.0
2018-01-03 15:04:34.291912,421.2,421.0,421.4,18877948.0
2018-01-03 15:04:36.376495,421.2,421.0,421.4,18877948.0
2018-01-03 15:04:38.541383,421.2,421.0,421.4,18877948.0
2018-01-03 15:04:40.918868,421.2,421.0,421.4,18877948.0
2018-01-03 15:04:42.959204,421.2,421.0,421.4,18877948.0
2018-01-03 15:04:45.156780,421.2,421.0,421.4,18877948.0
2018-01-03 15:04:47.342991,421.2,421.0,421.4,18877948.0
2018-01-03 15:04:49.172657,421.4,421.2,421.4,18881948.0
2018-01-03 15:04:51.545940,421.4,421.2,421.4,18881948.0
2018-01-03 15:04:53.492797,421.4,421.2,421.4,18881948.0
2018-01-03 15:04:54.993878,421.4,421.2,421.4,18881948.0
2018-01-03 15:04:57.102955,421.4,421.2,421.4,18881948.0
2018-01-03 15:04:59.029246,421.4,421.2,421.4,18881948.0
2018-01-03 15:05:00.958859,421.2,421.2,421.4,18885048.0
2018-01-03 15:05:02.903474,421.2,421.2,421.4,18887948.0
2018-01-03 15:05:04.951896,421.2,421.2,421.4,18890948.0
2018-01-03 15:05:09.409211,421.2,421.2,421.4,18890948.0
2018-01-03 15:05:11.336299,421.2,421.0,421.2,18893348.0
2018-01-03 15:05:13.379138,421.2,421.0,421.2,18893348.0
2018-01-03 15:05:15.592663,421.2,421.0,421.2,18893348.0
2018-01-03 15:05:17.691207,421.2,421.0,421.2,18893348.0
2018-01-03 15:05:19.187327,421.2,421.0,421.2,18900348.0
2018-01-03 15:05:22.205733,421.2,421.0,421.2,18900348.0
2018-01-03 15:05:23.966868,421.2,421.0,421.2,18900348.0
2018-01-03 15:05:26.114580,421.2,421.0,421.2,18900348.0
2018-01-03 15:05:27.871267,421.2,421.0,421.2,18900348.0
2018-01-03 15:05:29.774535,421.2,421.0,421.2,18900348.0
2018-01-03 15:05:31.715833,421.2,421.0,421.2,18900348.0
2018-01-03 15:05:33.508450,421.2,421.0,421.2,18900348.0
2018-01-03 15:05:35.352026,421.2,421.0,421.2,18900348.0
2018-01-03 15:05:36.945579,421.2,421.2,421.4,18912861.0
2018-01-03 15:05:38.956511,421.2,421.2,421.4,18912861.0
2018-01-03 15:05:40.825242,421.2,421.2,421.4,18912861.0
2018-01-03 15:05:42.744146,421.2,421.2,421.4,18912861.0
2018-01-03 15:05:44.382913,421.2,421.2,421.4,18912861.0
2018-01-03 15:05:46.390419,421.2,421.2,421.4,18912861.0
2018-01-03 15:05:48.324739,421.2,421.2,421.4,18912861.0
2018-01-03 15:05:50.207889,421.2,421.2,421.4,18912861.0
2018-01-03 15:05:52.808275,421.2,421.2,421.4,18912861.0
2018-01-03 15:05:54.727277,421.2,421.2,421.4,18912861.0
2018-01-03 15:05:56.736993,421.2,421.2,421.4,18912861.0
2018-01-03 15:05:58.554075,421.2,421.2,421.4,18912861.0
2018-01-03 15:06:00.207939,421.2,421.2,421.4,18912861.0
2018-01-03 15:06:03.844635,421.2,421.2,421.4,18912861.0
2018-01-03 15:06:06.665650,421.2,421.2,421.4,18916061.0
2018-01-03 15:06:08.616738,421.2,421.2,421.4,18916061.0
2018-01-03 15:06:10.650015,421.2,421.2,421.4,18916061.0
2018-01-03 15:06:12.593481,421.2,421.2,421.4,18916061.0
2018-01-03 15:06:14.751464,421.2,421.2,421.4,18916061.0
2018-01-03 15:06:16.832139,421.2,421.2,421.4,18919161.0
2018-01-03 15:06:18.838306,421.2,421.2,421.4,18919161.0
2018-01-03 15:06:20.874951,421.2,421.2,421.4,18919161.0
2018-01-03 15:06:23.154557,421.2,421.2,421.4,18919161.0
2018-01-03 15:06:25.178288,421.2,421.2,421.4,18919161.0
2018-01-03 15:06:27.259061,421.2,421.2,421.4,18919161.0
2018-01-03 15:06:29.004624,421.2,421.2,421.4,18922361.0
2018-01-03 15:06:30.915668,421.2,421.2,421.4,18922361.0
2018-01-03 15:06:32.717835,421.2,421.2,421.4,18922361.0
2018-01-03 15:06:34.310528,421.2,421.2,421.4,18922361.0
2018-01-03 15:06:36.425133,421.2,421.2,421.4,18922361.0
2018-01-03 15:06:38.516944,421.2,421.2,421.4,18922361.0
2018-01-03 15:06:40.536785,421.4,421.2,421.4,18926561.0
2018-01-03 15:06:42.611264,421.4,421.2,421.4,18926561.0
2018-01-03 15:06:44.861633,421.4,421.2,421.4,18926561.0
2018-01-03 15:06:46.557943,421.4,421.2,421.4,18926561.0
2018-01-03 15:06:48.451835,421.4,421.2,421.4,18926561.0
2018-01-03 15:06:50.648657,421.4,421.2,421.4,18926561.0
2018-01-03 15:06:52.727644,421.2,421.2,421.4,18929061.0
2018-01-03 15:06:54.757775,421.2,421.2,421.4,18929061.0
2018-01-03 15:06:56.326994,421.2,421.2,421.4,18929061.0
2018-01-03 15:06:58.447989,421.2,421.2,421.4,18929061.0
2018-01-03 15:07:00.354904,421.2,421.2,421.4,18929061.0
2018-01-03 15:07:04.159958,421.4,421.2,421.4,18931588.0
2018-01-03 15:07:05.854648,421.4,421.2,421.4,18931588.0
2018-01-03 15:07:08.099732,421.4,421.2,421.4,18931588.0
2018-01-03 15:07:10.115387,421.4,421.2,421.4,18950888.0
2018-01-03 15:07:12.379069,421.4,421.2,421.4,18950888.0
2018-01-03 15:07:15.052761,421.4,421.2,421.4,18950888.0
2018-01-03 15:07:17.115137,421.4,421.2,421.4,18950888.0
2018-01-03 15:07:19.660368,421.4,421.2,421.4,18950888.0
2018-01-03 15:07:21.915236,421.4,421.2,421.4,18950888.0
2018-01-03 15:07:24.410531,421.6,421.4,421.6,18955188.0
2018-01-03 15:07:26.959559,421.6,421.4,421.6,18961788.0
2018-01-03 15:07:29.518530,421.6,421.4,421.8,18973488.0
2018-01-03 15:07:32.236552,421.6,421.4,421.8,18973488.0
2018-01-03 15:07:34.681017,421.6,421.4,421.6,18977088.0
2018-01-03 15:07:36.698799,421.4,421.4,421.6,18980588.0
2018-01-03 15:07:39.108906,421.4,421.4,421.6,18980588.0
2018-01-03 15:07:41.105231,421.4,421.4,421.6,18980588.0
2018-01-03 15:07:43.209233,421.4,421.4,421.6,18980588.0
2018-01-03 15:07:45.039405,421.6,421.4,421.6,18985188.0
2018-01-03 15:07:47.153783,421.6,421.4,421.6,18985188.0
2018-01-03 15:07:49.023209,421.6,421.4,421.6,18985188.0
2018-01-03 15:07:50.858434,421.6,421.4,421.6,18985188.0
2018-01-03 15:07:52.821591,421.6,421.4,421.6,18985188.0
2018-01-03 15:07:55.274746,421.6,421.6,421.8,18990288.0
2018-01-03 15:07:57.451438,421.6,421.6,421.8,18990288.0
2018-01-03 15:07:59.732089,421.6,421.6,421.8,18990288.0
2018-01-03 15:08:01.565957,421.6,421.6,421.8,18990288.0
2018-01-03 15:08:03.599460,421.6,421.4,421.6,18998988.0
2018-01-03 15:08:05.394503,421.6,421.4,421.6,18998988.0
2018-01-03 15:08:08.412943,421.6,421.4,421.6,19002988.0
2018-01-03 15:08:10.508490,421.6,421.4,421.6,19002988.0
2018-01-03 15:08:12.044227,421.6,421.4,421.6,19002988.0
2018-01-03 15:08:13.761452,421.6,421.4,421.6,19002988.0
2018-01-03 15:08:15.713318,421.6,421.4,421.6,19002988.0
2018-01-03 15:08:18.215375,421.6,421.4,421.6,19002988.0
2018-01-03 15:08:20.646792,421.6,421.4,421.6,19002988.0
2018-01-03 15:08:23.136239,421.6,421.6,421.8,19006988.0
2018-01-03 15:08:25.895562,421.6,421.6,421.8,19006988.0
2018-01-03 15:08:28.768664,421.6,421.4,421.6,19009788.0
2018-01-03 15:08:31.144388,421.6,421.4,421.6,19009788.0
2018-01-03 15:08:33.534811,421.6,421.4,421.6,19009788.0
2018-01-03 15:08:35.448281,421.4,421.4,421.6,19027988.0
2018-01-03 15:08:37.412870,421.4,421.4,421.6,19027988.0
2018-01-03 15:08:39.705839,421.4,421.4,421.6,19027988.0
2018-01-03 15:08:41.286131,421.6,421.4,421.6,19032288.0
2018-01-03 15:08:42.791295,421.6,421.4,421.6,19032288.0
2018-01-03 15:08:44.887900,421.6,421.4,421.6,19032288.0
2018-01-03 15:08:47.029690,421.6,421.4,421.6,19035188.0
2018-01-03 15:08:49.235902,421.6,421.4,421.6,19035188.0
2018-01-03 15:08:50.758814,421.6,421.4,421.6,19035188.0
2018-01-03 15:08:52.958330,421.6,421.4,421.6,19035188.0
2018-01-03 15:08:55.310073,421.6,421.4,421.6,19035188.0
2018-01-03 15:08:57.260077,421.4,421.2,421.4,19041388.0
2018-01-03 15:08:58.822922,421.4,421.2,421.4,19041388.0
2018-01-03 15:09:00.718715,421.4,421.2,421.4,19041388.0
2018-01-03 15:09:02.744999,421.4,421.2,421.4,19041388.0
2018-01-03 15:09:04.847584,421.4,421.2,421.4,19041388.0
2018-01-03 15:09:07.163460,421.4,421.2,421.4,19041388.0
2018-01-03 15:09:13.280238,421.4,421.2,421.4,19044988.0
2018-01-03 15:09:15.370527,421.4,421.2,421.4,19044988.0
2018-01-03 15:09:16.840616,421.4,421.2,421.4,19044988.0
2018-01-03 15:09:18.761728,421.4,421.2,421.4,19044988.0
2018-01-03 15:09:20.937138,421.4,421.2,421.4,19044988.0
2018-01-03 15:09:22.767116,421.4,421.2,421.4,19044988.0
2018-01-03 15:09:24.947890,421.4,421.2,421.4,19044988.0
2018-01-03 15:09:27.289170,421.4,421.4,421.6,19052588.0
2018-01-03 15:09:29.749729,421.4,421.4,421.6,19052588.0
2018-01-03 15:09:31.661477,421.4,421.4,421.6,19052588.0
2018-01-03 15:09:33.497975,421.4,421.4,421.8,19056388.0
2018-01-03 15:09:35.331151,421.4,421.4,421.8,19056388.0
2018-01-03 15:09:37.183490,421.4,421.4,421.8,19056388.0
2018-01-03 15:09:38.688878,421.4,421.4,421.8,19056388.0
2018-01-03 15:09:40.758945,421.8,421.4,421.8,19060688.0
2018-01-03 15:09:42.614277,421.8,421.4,421.8,19060688.0
2018-01-03 15:09:44.681986,421.8,421.4,421.8,19060688.0
2018-01-03 15:09:46.653927,421.8,421.4,421.8,19060688.0
2018-01-03 15:09:48.509192,421.8,421.4,421.8,19060688.0
2018-01-03 15:09:50.246589,421.6,421.4,421.6,19063388.0
2018-01-03 15:09:52.127114,421.6,421.4,421.6,19063388.0
2018-01-03 15:09:53.578945,421.6,421.4,421.6,19063388.0
2018-01-03 15:09:55.583010,421.6,421.4,421.6,19063388.0
2018-01-03 15:09:57.618876,421.6,421.4,421.6,19063388.0
2018-01-03 15:09:59.716221,421.6,421.4,421.6,19063388.0
2018-01-03 15:10:01.850212,421.6,421.4,421.6,19065988.0
2018-01-03 15:10:05.471627,421.6,421.4,421.6,19065988.0
2018-01-03 15:10:06.982751,421.6,421.4,421.6,19065988.0
2018-01-03 15:10:08.681690,421.6,421.4,421.6,19065988.0
2018-01-03 15:10:10.482643,421.6,421.4,421.6,19065988.0
2018-01-03 15:10:12.061404,421.6,421.4,421.6,19065988.0
2018-01-03 15:10:14.461505,421.6,421.4,421.6,19065988.0
2018-01-03 15:10:17.162924,421.6,421.4,421.6,19069388.0
2018-01-03 15:10:18.818003,421.6,421.4,421.6,19069388.0
2018-01-03 15:10:20.767700,421.6,421.4,421.6,19074688.0
2018-01-03 15:10:22.205135,421.6,421.4,421.6,19074688.0
2018-01-03 15:10:24.196462,421.6,421.4,421.6,19076888.0
2018-01-03 15:10:26.163644,421.6,421.4,421.6,19076888.0
2018-01-03 15:10:28.211443,421.6,421.4,421.6,19076888.0
2018-01-03 15:10:30.182185,421.6,421.4,421.6,19076888.0
2018-01-03 15:10:32.075370,421.6,421.4,421.6,19076888.0
2018-01-03 15:10:33.684881,421.4,421.4,421.6,19079888.0
2018-01-03 15:10:35.645827,421.6,421.4,421.6,19081288.0
2018-01-03 15:10:37.663984,421.6,421.4,421.6,19089288.0
2018-01-03 15:10:39.462120,421.8,421.4,421.8,19098088.0
2018-01-03 15:10:41.547541,421.8,421.4,421.8,19098088.0
2018-01-03 15:10:43.598341,421.8,421.4,421.8,19098088.0
2018-01-03 15:10:45.659487,421.8,421.4,421.8,19098088.0
2018-01-03 15:10:47.609656,421.8,421.4,421.8,19098088.0
2018-01-03 15:10:49.550455,421.8,421.4,421.8,19098088.0
2018-01-03 15:10:51.492675,421.6,421.6,421.8,19100988.0
2018-01-03 15:10:53.256885,421.6,421.6,421.8,19100988.0
2018-01-03 15:10:55.467416,421.6,421.6,421.8,19100988.0
2018-01-03 15:10:57.521967,421.6,421.6,421.8,19100988.0
2018-01-03 15:10:59.545318,421.6,421.6,421.8,19100988.0
2018-01-03 15:11:01.665058,421.6,421.6,421.8,19100988.0
2018-01-03 15:11:06.372282,421.6,421.6,421.8,19100988.0
2018-01-03 15:11:09.889319,421.6,421.6,421.8,19100988.0
2018-01-03 15:11:11.585233,421.6,421.6,421.8,19100988.0
2018-01-03 15:11:13.074326,421.6,421.6,421.8,19100988.0
2018-01-03 15:11:15.012583,421.6,421.6,421.8,19100988.0
2018-01-03 15:11:17.152603,421.6,421.6,421.8,19100988.0
2018-01-03 15:11:19.452434,421.6,421.6,421.8,19100988.0
2018-01-03 15:11:21.646647,421.6,421.6,421.8,19100988.0
2018-01-03 15:11:23.235636,421.6,421.6,421.8,19100988.0
2018-01-03 15:11:25.171852,421.6,421.6,421.8,19100988.0
2018-01-03 15:11:26.797310,421.6,421.6,421.8,19100988.0
2018-01-03 15:11:28.818110,421.6,421.6,421.8,19100988.0
2018-01-03 15:11:30.312684,421.6,421.6,421.8,19102288.0
2018-01-03 15:11:32.482449,421.6,421.6,421.8,19102288.0
2018-01-03 15:11:34.544113,421.6,421.6,421.8,19102288.0
2018-01-03 15:11:36.679912,421.6,421.6,421.8,19102288.0
2018-01-03 15:11:39.457284,421.6,421.6,421.8,19104388.0
2018-01-03 15:11:41.155530,421.6,421.6,421.8,19104388.0
2018-01-03 15:11:43.431279,421.6,421.6,421.8,19104388.0
2018-01-03 15:11:45.335847,421.6,421.6,421.8,19104388.0
2018-01-03 15:11:47.288669,421.6,421.6,421.8,19104388.0
2018-01-03 15:11:49.199904,421.6,421.6,421.8,19104388.0
2018-01-03 15:11:50.796323,421.6,421.4,421.6,19114888.0
2018-01-03 15:11:53.158396,421.6,421.4,421.6,19114888.0
2018-01-03 15:11:55.098033,421.6,421.4,421.6,19114888.0
2018-01-03 15:11:57.236127,421.6,421.4,421.6,19122388.0
2018-01-03 15:11:58.898591,421.6,421.4,421.6,19122388.0
2018-01-03 15:12:00.900044,421.6,421.4,421.6,19122388.0
2018-01-03 15:12:02.908048,421.6,421.4,421.6,19122388.0
2018-01-03 15:12:04.859835,421.6,421.4,421.6,19122388.0
2018-01-03 15:12:06.873416,421.8,421.6,421.8,19127988.0
2018-01-03 15:12:09.020365,421.8,421.6,421.8,19127988.0
2018-01-03 15:12:12.063368,421.8,421.6,421.8,19127988.0
2018-01-03 15:12:14.191493,421.8,421.6,421.8,19127988.0
2018-01-03 15:12:16.352397,421.8,421.6,421.8,19127988.0
2018-01-03 15:12:18.428106,421.8,421.6,421.8,19127988.0
2018-01-03 15:12:20.471308,421.8,421.6,421.8,19127988.0
2018-01-03 15:12:22.370366,421.8,421.6,421.8,19127988.0
2018-01-03 15:12:24.487107,421.8,421.6,421.8,19127988.0
2018-01-03 15:12:26.788052,421.8,421.6,421.8,19158188.0
2018-01-03 15:12:28.952530,421.8,421.6,421.8,19158188.0
2018-01-03 15:12:30.861530,421.8,421.6,421.8,19158188.0
2018-01-03 15:12:32.689548,421.8,421.6,421.8,19162688.0
2018-01-03 15:12:34.885509,421.8,421.6,421.8,19162688.0
2018-01-03 15:12:36.894952,421.8,421.6,421.8,19162688.0
2018-01-03 15:12:38.739187,421.8,421.6,421.8,19162688.0
2018-01-03 15:12:40.608637,421.8,421.6,421.8,19162688.0
2018-01-03 15:12:42.420864,421.8,421.6,421.8,19162688.0
2018-01-03 15:12:44.592128,421.8,421.6,421.8,19162688.0
2018-01-03 15:12:46.587461,421.8,421.6,421.8,19162688.0
2018-01-03 15:12:48.657139,421.8,421.6,421.8,19162688.0
2018-01-03 15:12:50.890328,421.8,421.6,421.8,19165463.0
2018-01-03 15:12:52.913557,421.8,421.6,421.8,19165463.0
2018-01-03 15:12:54.941464,421.8,421.6,421.8,19167863.0
2018-01-03 15:12:56.970465,421.8,421.6,421.8,19167863.0
2018-01-03 15:12:59.009513,421.4,421.4,421.8,19190463.0
2018-01-03 15:13:00.855957,421.4,421.4,421.8,19190463.0
2018-01-03 15:13:04.106452,421.4,421.4,421.8,19190463.0
2018-01-03 15:13:06.509672,421.4,421.4,421.8,19190463.0
2018-01-03 15:13:19.278315,421.4,421.4,421.8,19190463.0
2018-01-03 15:13:21.659201,421.8,421.6,421.8,19200863.0
2018-01-03 15:13:23.703243,421.8,421.6,421.8,19200863.0
2018-01-03 15:13:25.602064,421.8,421.6,421.8,19200863.0
2018-01-03 15:13:27.591973,421.8,421.6,421.8,19200863.0
2018-01-03 15:13:29.321620,421.8,421.6,421.8,19200863.0
2018-01-03 15:13:31.061714,421.8,421.6,421.8,19200863.0
2018-01-03 15:13:32.908927,421.6,421.6,421.8,19208168.0
2018-01-03 15:13:34.909154,421.6,421.6,421.8,19208168.0
2018-01-03 15:13:36.416004,421.6,421.6,421.8,19208168.0
2018-01-03 15:13:38.474044,421.6,421.6,421.8,19209668.0
2018-01-03 15:13:40.415834,421.6,421.6,421.8,19209668.0
2018-01-03 15:13:42.111988,421.6,421.6,421.8,19209668.0
2018-01-03 15:13:43.783427,421.6,421.6,421.8,19209668.0
2018-01-03 15:13:46.040662,421.6,421.6,421.8,19209668.0
2018-01-03 15:13:47.900728,421.6,421.6,421.8,19209668.0
2018-01-03 15:13:49.406496,421.6,421.6,421.8,19209668.0
2018-01-03 15:13:51.589483,421.8,421.6,421.8,19213795.0
2018-01-03 15:13:53.007839,421.8,421.6,421.8,19213795.0
2018-01-03 15:13:54.618312,421.8,421.6,421.8,19213795.0
2018-01-03 15:13:56.913250,421.8,421.6,421.8,19220895.0
2018-01-03 15:13:58.834524,421.8,421.6,421.8,19220895.0
2018-01-03 15:14:01.172091,421.8,421.6,421.8,19220895.0
2018-01-03 15:14:02.594166,421.8,421.6,421.8,19220895.0
2018-01-03 15:14:04.566330,421.8,421.6,421.8,19220895.0
2018-01-03 15:14:08.175461,421.8,421.6,421.8,19220895.0
2018-01-03 15:14:12.469599,421.8,421.6,421.8,19220895.0
2018-01-03 15:14:14.559321,421.8,421.6,421.8,19220895.0
2018-01-03 15:14:16.618137,421.8,421.6,421.8,19220895.0
2018-01-03 15:14:18.607773,421.8,421.6,421.8,19220895.0
2018-01-03 15:14:19.956705,421.8,421.6,421.8,19220895.0
2018-01-03 15:14:21.933504,421.8,421.6,421.8,19220895.0
2018-01-03 15:14:23.999947,421.8,421.6,421.8,19220895.0
2018-01-03 15:14:26.311358,421.6,421.6,421.8,19223295.0
2018-01-03 15:14:28.369764,421.6,421.6,421.8,19223295.0
2018-01-03 15:14:29.731187,421.6,421.6,421.8,19223295.0
2018-01-03 15:14:31.191182,421.6,421.6,421.8,19223295.0
2018-01-03 15:14:33.131095,421.6,421.6,421.8,19223295.0
2018-01-03 15:14:35.067790,421.6,421.6,421.8,19223295.0
2018-01-03 15:14:36.988817,421.8,421.6,421.8,19228695.0
2018-01-03 15:14:38.392493,421.8,421.6,421.8,19228695.0
2018-01-03 15:14:40.224379,421.8,421.6,421.8,19228695.0
2018-01-03 15:14:42.231170,421.8,421.6,421.8,19228695.0
2018-01-03 15:14:44.359076,421.8,421.6,421.8,19228695.0
2018-01-03 15:14:46.381200,421.8,421.8,422.0,19244295.0
2018-01-03 15:14:48.307102,421.8,421.8,422.0,19244295.0
2018-01-03 15:14:50.083339,421.8,421.8,422.0,19244295.0
2018-01-03 15:14:52.386682,421.8,421.8,422.0,19244295.0
2018-01-03 15:14:53.926081,421.8,421.8,422.0,19244295.0
2018-01-03 15:14:56.024059,421.8,421.6,421.8,19247895.0
2018-01-03 15:14:58.264284,421.8,421.6,421.8,19247895.0
2018-01-03 15:15:00.340492,421.8,421.6,421.8,19247895.0
2018-01-03 15:15:05.038797,421.8,421.6,421.8,19247895.0
2018-01-03 15:15:06.893827,421.8,421.6,421.8,19247895.0
2018-01-03 15:15:09.866337,421.8,421.6,421.8,19247895.0
2018-01-03 15:15:13.095928,421.8,421.6,421.8,19247895.0
2018-01-03 15:15:15.423215,421.8,421.6,421.8,19247895.0
2018-01-03 15:15:17.348776,421.8,421.6,421.8,19247895.0
2018-01-03 15:15:18.960960,421.8,421.6,421.8,19247895.0
2018-01-03 15:15:21.095274,421.8,421.6,421.8,19247895.0
2018-01-03 15:15:22.484568,421.8,421.6,421.8,19247895.0
2018-01-03 15:15:24.220529,421.6,421.6,421.8,19249795.0
2018-01-03 15:15:25.828072,421.6,421.6,421.8,19249795.0
2018-01-03 15:15:27.722145,421.6,421.6,421.8,19249795.0
2018-01-03 15:15:29.612972,421.6,421.6,421.8,19249795.0
2018-01-03 15:15:31.463570,421.6,421.6,421.8,19249795.0
2018-01-03 15:15:33.261064,421.6,421.6,421.8,19249795.0
2018-01-03 15:15:35.028457,421.6,421.6,421.8,19254095.0
2018-01-03 15:15:36.336889,421.6,421.6,421.8,19254095.0
2018-01-03 15:15:38.276864,421.6,421.6,421.8,19254095.0
2018-01-03 15:15:40.167693,421.6,421.6,421.8,19254095.0
2018-01-03 15:15:42.145971,421.6,421.6,421.8,19254095.0
2018-01-03 15:15:44.115167,421.6,421.6,421.8,19254095.0
2018-01-03 15:15:46.073953,421.6,421.6,421.8,19254095.0
2018-01-03 15:15:47.954260,421.6,421.6,421.8,19258595.0
2018-01-03 15:15:49.671331,421.6,421.6,421.8,19258595.0
2018-01-03 15:15:51.712912,421.6,421.6,421.8,19258595.0
2018-01-03 15:15:53.635473,421.6,421.6,421.8,19258595.0
2018-01-03 15:15:55.785039,421.6,421.6,421.8,19258595.0
2018-01-03 15:15:57.888650,421.6,421.6,421.8,19258595.0
2018-01-03 15:15:59.701946,421.6,421.6,421.8,19258595.0
2018-01-03 15:16:01.087185,421.6,421.6,421.8,19258595.0
2018-01-03 15:16:02.606464,421.6,421.6,421.8,19258595.0
2018-01-03 15:16:04.739447,421.6,421.6,421.8,19258595.0
2018-01-03 15:16:06.843693,421.6,421.6,421.8,19258595.0
2018-01-03 15:16:08.652970,421.6,421.6,421.8,19258595.0
2018-01-03 15:16:10.049659,421.6,421.6,421.8,19258595.0
2018-01-03 15:16:12.125208,421.6,421.6,421.8,19258595.0
2018-01-03 15:16:14.085351,421.6,421.6,421.8,19258595.0
2018-01-03 15:16:16.069034,421.6,421.6,421.8,19258595.0
2018-01-03 15:16:17.536302,421.8,421.6,421.8,19278295.0
2018-01-03 15:16:19.542312,421.8,421.6,421.8,19278295.0
2018-01-03 15:16:21.337476,421.8,421.6,421.8,19278295.0
2018-01-03 15:16:23.405294,421.8,421.8,422.0,19282495.0
2018-01-03 15:16:25.477205,421.8,421.8,422.0,19282495.0
2018-01-03 15:16:27.645842,421.8,421.8,422.0,19282495.0
2018-01-03 15:16:29.615503,421.8,421.8,422.0,19282495.0
2018-01-03 15:16:31.727567,422.0,421.8,422.0,19294495.0
2018-01-03 15:16:33.507794,422.0,421.8,422.0,19294495.0
2018-01-03 15:16:35.552187,422.0,421.8,422.0,19294495.0
2018-01-03 15:16:37.603577,422.0,421.8,422.0,19294495.0
2018-01-03 15:16:39.538982,421.8,421.8,422.0,19298895.0
2018-01-03 15:16:41.056883,421.8,421.6,422.0,19333095.0
2018-01-03 15:16:43.036181,421.8,421.6,422.0,19333095.0
2018-01-03 15:16:44.914674,421.8,421.6,422.0,19333095.0
2018-01-03 15:16:46.690697,421.8,421.6,422.0,19333095.0
2018-01-03 15:16:48.193019,422.0,421.6,422.0,19335295.0
2018-01-03 15:16:49.871203,422.0,421.6,422.0,19335295.0
2018-01-03 15:16:51.887484,422.0,421.6,422.0,19335295.0
2018-01-03 15:16:54.125904,422.0,421.6,422.0,19335295.0
2018-01-03 15:16:56.161625,422.0,421.6,422.0,19335295.0
2018-01-03 15:16:57.924923,422.0,421.6,422.0,19335295.0
2018-01-03 15:16:59.820957,422.0,421.6,422.0,19335295.0
2018-01-03 15:17:01.676745,422.0,421.6,422.0,19335295.0
2018-01-03 15:17:03.443768,421.8,421.6,421.8,19339895.0
2018-01-03 15:17:05.318374,421.6,421.6,421.8,19343295.0
2018-01-03 15:17:07.397484,421.6,421.6,421.8,19343295.0
2018-01-03 15:17:09.251687,421.6,421.6,421.8,19343295.0
2018-01-03 15:17:11.836990,421.6,421.6,421.8,19343295.0
2018-01-03 15:17:13.476414,421.6,421.6,421.8,19343295.0
2018-01-03 15:17:15.726734,421.6,421.6,421.8,19343295.0
2018-01-03 15:17:17.876888,421.6,421.6,421.8,19343295.0
2018-01-03 15:17:19.837049,421.6,421.6,421.8,19343295.0
2018-01-03 15:17:22.048866,421.6,421.6,421.8,19343295.0
2018-01-03 15:17:23.676273,421.6,421.6,421.8,19343295.0
2018-01-03 15:17:25.324545,421.6,421.6,421.8,19343295.0
2018-01-03 15:17:27.355528,421.6,421.6,421.8,19343295.0
2018-01-03 15:17:29.373680,421.6,421.6,421.8,19343295.0
2018-01-03 15:17:31.444498,421.8,421.6,421.8,19348395.0
2018-01-03 15:17:33.402808,421.8,421.6,421.8,19348395.0
2018-01-03 15:17:35.384952,421.8,421.6,421.8,19348395.0
2018-01-03 15:17:37.409903,421.8,421.6,421.8,19351795.0
2018-01-03 15:17:39.226371,421.8,421.6,421.8,19351795.0
2018-01-03 15:17:41.070555,421.8,421.6,421.8,19351795.0
2018-01-03 15:17:43.057168,421.8,421.6,421.8,19351795.0
2018-01-03 15:17:44.475750,421.8,421.6,421.8,19351795.0
2018-01-03 15:17:45.888887,421.8,421.6,421.8,19351795.0
2018-01-03 15:17:47.947312,421.6,421.6,421.8,19353795.0
2018-01-03 15:17:49.920799,421.6,421.6,421.8,19353795.0
2018-01-03 15:17:51.881999,421.6,421.6,421.8,19353795.0
2018-01-03 15:17:53.594197,421.6,421.6,421.8,19353795.0
2018-01-03 15:17:55.415249,421.6,421.6,421.8,19353795.0
2018-01-03 15:17:56.781032,421.6,421.6,421.8,19353795.0
2018-01-03 15:17:58.908740,421.6,421.6,421.8,19353795.0
2018-01-03 15:18:00.745523,421.8,421.6,421.8,19355899.0
2018-01-03 15:18:02.124039,421.8,421.6,421.8,19355899.0
2018-01-03 15:18:03.736747,421.8,421.6,421.8,19355899.0
2018-01-03 15:18:05.678148,421.8,421.6,421.8,19355899.0
2018-01-03 15:18:08.180909,421.8,421.6,421.8,19355899.0
2018-01-03 15:18:10.210617,421.8,421.6,421.8,19355899.0
2018-01-03 15:18:12.327591,421.8,421.6,421.8,19357599.0
2018-01-03 15:18:15.491803,421.8,421.6,421.8,19357599.0
2018-01-03 15:18:17.543028,421.8,421.6,421.8,19357599.0
2018-01-03 15:18:19.556810,421.8,421.6,421.8,19357599.0
2018-01-03 15:18:21.651254,421.8,421.6,421.8,19361199.0
2018-01-03 15:18:23.706801,421.8,421.6,421.8,19361199.0
2018-01-03 15:18:25.696146,421.8,421.6,421.8,19361199.0
2018-01-03 15:18:27.529652,421.8,421.6,421.8,19361199.0
2018-01-03 15:18:29.622353,421.8,421.6,421.8,19361199.0
2018-01-03 15:18:31.359306,421.8,421.6,421.8,19361199.0
2018-01-03 15:18:33.107962,421.8,421.6,421.8,19361199.0
2018-01-03 15:18:34.896903,421.8,421.6,421.8,19361199.0
2018-01-03 15:18:37.096249,421.8,421.6,421.8,19366499.0
2018-01-03 15:18:39.079298,421.8,421.6,421.8,19366499.0
2018-01-03 15:18:41.133535,421.8,421.6,421.8,19366499.0
2018-01-03 15:18:43.105442,421.8,421.6,421.8,19366499.0
2018-01-03 15:18:44.748616,421.8,421.6,421.8,19366499.0
2018-01-03 15:18:46.330231,421.8,421.6,421.8,19366499.0
2018-01-03 15:18:47.852031,421.6,421.6,421.8,19372499.0
2018-01-03 15:18:49.936087,421.8,421.8,422.0,19379799.0
2018-01-03 15:18:52.116527,421.8,421.8,422.0,19379799.0
2018-01-03 15:18:54.018599,421.8,421.8,422.0,19379799.0
2018-01-03 15:18:56.202334,421.8,421.8,422.0,19379799.0
2018-01-03 15:18:58.174635,421.8,421.8,422.0,19379799.0
2018-01-03 15:18:59.546737,421.8,421.8,422.0,19379799.0
2018-01-03 15:19:01.654915,421.8,421.8,422.0,19379799.0
2018-01-03 15:19:07.152569,421.8,421.8,422.0,19379799.0
2018-01-03 15:19:09.207793,421.8,421.8,422.0,19379799.0
2018-01-03 15:19:11.054712,421.8,421.8,422.0,19379799.0
2018-01-03 15:19:13.115268,421.8,421.8,422.0,19379799.0
2018-01-03 15:19:14.594103,421.8,421.8,422.0,19379799.0
2018-01-03 15:19:16.626709,421.8,421.8,422.0,19379799.0
2018-01-03 15:19:18.757278,421.8,421.8,422.0,19390169.0
2018-01-03 15:19:20.303450,421.8,421.8,422.0,19390169.0
2018-01-03 15:19:22.206542,421.8,421.8,422.0,19390169.0
2018-01-03 15:19:24.055775,421.8,421.8,422.0,19390169.0
2018-01-03 15:19:25.930389,422.0,421.8,422.0,19426169.0
2018-01-03 15:19:27.676968,422.0,421.8,422.0,19441069.0
2018-01-03 15:19:29.663038,422.0,421.8,422.0,19441069.0
2018-01-03 15:19:31.398324,422.0,421.8,422.0,19441069.0
2018-01-03 15:19:33.490028,422.0,422.0,422.2,19469669.0
2018-01-03 15:19:35.100445,422.0,422.0,422.2,19469669.0
2018-01-03 15:19:37.091686,422.0,422.0,422.2,19469669.0
2018-01-03 15:19:38.964647,422.0,422.0,422.2,19469669.0
2018-01-03 15:19:41.587165,422.0,422.0,422.2,19469669.0
2018-01-03 15:19:43.092542,422.0,422.0,422.2,19469669.0
2018-01-03 15:19:45.040804,422.0,422.0,422.2,19469669.0
2018-01-03 15:19:47.238527,422.0,422.0,422.2,19469669.0
2018-01-03 15:19:49.215236,422.0,422.0,422.2,19469669.0
2018-01-03 15:19:51.356780,422.2,422.0,422.2,19476869.0
2018-01-03 15:19:53.225939,422.2,422.0,422.2,19476869.0
2018-01-03 15:19:55.239011,422.2,422.0,422.2,19476869.0
2018-01-03 15:19:57.252048,422.2,422.0,422.2,19476869.0
2018-01-03 15:19:59.390492,422.2,422.0,422.2,19476869.0
2018-01-03 15:20:03.092378,422.2,422.0,422.2,19476869.0
2018-01-03 15:20:04.969721,422.2,422.0,422.2,19476869.0
2018-01-03 15:20:06.498674,422.2,422.0,422.2,19476869.0
2018-01-03 15:20:10.607571,422.2,422.0,422.2,19476869.0
2018-01-03 15:20:12.489401,422.2,422.0,422.2,19476869.0
2018-01-03 15:20:14.335562,422.2,422.0,422.2,19476869.0
2018-01-03 15:20:15.918431,422.2,422.0,422.2,19476869.0
2018-01-03 15:20:17.905605,422.0,422.0,422.2,19479169.0
2018-01-03 15:20:19.553418,422.0,422.0,422.2,19479169.0
2018-01-03 15:20:21.100496,422.0,422.0,422.2,19479169.0
2018-01-03 15:20:23.216342,422.0,422.0,422.2,19479169.0
2018-01-03 15:20:24.573862,422.0,422.0,422.2,19479169.0
2018-01-03 15:20:26.141085,422.0,422.0,422.2,19479169.0
2018-01-03 15:20:28.794022,422.0,422.0,422.2,19479169.0
2018-01-03 15:20:30.847079,422.0,422.0,422.2,19479169.0
2018-01-03 15:20:32.955335,422.0,422.0,422.2,19479169.0
2018-01-03 15:20:34.495399,422.2,422.0,422.2,19487069.0
2018-01-03 15:20:36.340108,422.2,422.0,422.2,19489469.0
2018-01-03 15:20:38.220706,422.2,422.0,422.2,19489469.0
2018-01-03 15:20:40.334649,422.2,422.0,422.2,19489469.0
2018-01-03 15:20:42.438670,422.2,422.0,422.2,19489469.0
2018-01-03 15:20:44.335491,422.2,422.0,422.2,19489469.0
2018-01-03 15:20:46.321842,422.2,422.0,422.2,19489469.0
2018-01-03 15:20:48.588351,422.2,422.0,422.2,19489469.0
2018-01-03 15:20:50.295453,422.2,422.0,422.2,19489469.0
2018-01-03 15:20:52.298402,422.2,422.0,422.2,19489469.0
2018-01-03 15:20:53.954655,422.2,422.0,422.2,19489469.0
2018-01-03 15:20:55.775950,422.2,422.0,422.2,19489469.0
2018-01-03 15:20:57.456587,422.2,422.0,422.2,19495169.0
2018-01-03 15:20:59.520776,422.2,422.0,422.2,19495169.0
2018-01-03 15:21:01.555681,422.2,422.0,422.2,19495169.0
2018-01-03 15:21:03.549575,422.2,422.0,422.2,19509969.0
2018-01-03 15:21:05.416439,422.2,422.2,422.4,19526069.0
2018-01-03 15:21:06.895442,422.2,422.2,422.4,19526069.0
2018-01-03 15:21:11.068182,422.2,422.2,422.4,19526069.0
2018-01-03 15:21:13.183011,422.2,422.2,422.4,19526069.0
2018-01-03 15:21:15.099550,422.2,422.2,422.4,19526069.0
2018-01-03 15:21:16.930193,422.2,422.2,422.4,19529969.0
2018-01-03 15:21:19.081748,422.2,422.2,422.4,19529969.0
2018-01-03 15:21:21.158081,422.2,422.2,422.4,19529969.0
2018-01-03 15:21:23.314822,422.6,422.2,422.6,19540069.0
2018-01-03 15:21:25.252095,422.6,422.2,422.6,19540069.0
2018-01-03 15:21:27.218214,422.6,422.2,422.6,19540069.0
2018-01-03 15:21:28.739662,422.4,422.2,422.6,19554269.0
2018-01-03 15:21:30.549768,422.4,422.2,422.6,19554269.0
2018-01-03 15:21:32.657357,422.4,422.4,422.6,19556369.0
2018-01-03 15:21:34.459361,422.4,422.2,422.4,19559569.0
2018-01-03 15:21:36.056549,422.4,422.2,422.4,19559569.0
2018-01-03 15:21:37.691737,422.4,422.2,422.4,19559569.0
2018-01-03 15:21:39.171910,422.4,422.2,422.4,19559569.0
2018-01-03 15:21:41.192629,422.4,422.2,422.4,19562869.0
2018-01-03 15:21:43.091968,422.4,422.2,422.4,19562869.0
2018-01-03 15:21:45.131114,422.2,422.2,422.4,19566969.0
2018-01-03 15:21:47.252098,422.2,422.2,422.4,19577469.0
2018-01-03 15:21:49.187153,422.2,422.2,422.4,19577469.0
2018-01-03 15:21:51.304047,422.2,422.0,422.2,19579569.0
2018-01-03 15:21:53.277217,422.2,422.0,422.2,19579569.0
2018-01-03 15:21:55.293421,422.2,422.0,422.2,19579569.0
2018-01-03 15:21:57.267793,422.2,422.0,422.2,19579569.0
2018-01-03 15:21:58.794509,422.2,422.0,422.2,19579569.0
2018-01-03 15:22:00.867413,422.2,422.0,422.2,19579569.0
2018-01-03 15:22:02.565839,422.2,422.0,422.2,19585369.0
2018-01-03 15:22:04.619158,422.2,422.0,422.2,19585369.0
2018-01-03 15:22:06.394256,422.2,422.0,422.2,19585369.0
2018-01-03 15:22:12.640687,422.2,422.0,422.2,19585369.0
2018-01-03 15:22:14.130072,422.2,422.0,422.2,19585369.0
2018-01-03 15:22:16.188015,422.2,422.0,422.2,19585369.0
2018-01-03 15:22:17.769184,422.2,422.0,422.2,19585369.0
2018-01-03 15:22:19.613913,422.2,422.0,422.2,19585369.0
2018-01-03 15:22:21.430540,422.4,422.2,422.4,19589769.0
2018-01-03 15:22:23.505223,422.4,422.2,422.4,19589769.0
2018-01-03 15:22:25.484864,422.4,422.2,422.4,19589769.0
2018-01-03 15:22:27.708443,422.4,422.2,422.4,19589769.0
2018-01-03 15:22:29.876025,422.4,422.2,422.4,19589769.0
2018-01-03 15:22:31.785402,422.4,422.2,422.4,19589769.0
2018-01-03 15:22:33.639395,422.2,422.2,422.4,19591269.0
2018-01-03 15:22:35.352480,422.2,422.2,422.4,19591269.0
2018-01-03 15:22:36.788734,422.2,422.2,422.4,19591269.0
2018-01-03 15:22:38.800700,422.2,422.2,422.4,19591269.0
2018-01-03 15:22:40.714325,422.2,422.2,422.4,19591269.0
2018-01-03 15:22:42.494054,422.2,422.2,422.4,19591269.0
2018-01-03 15:22:44.557106,422.2,422.2,422.4,19591269.0
2018-01-03 15:22:46.501956,422.2,422.2,422.4,19591269.0
2018-01-03 15:22:48.371913,422.2,422.2,422.4,19591269.0
2018-01-03 15:22:50.102369,422.2,422.2,422.4,19591269.0
2018-01-03 15:22:51.793515,422.2,422.2,422.4,19591269.0
2018-01-03 15:22:54.088301,422.2,422.2,422.4,19591269.0
2018-01-03 15:22:55.694199,422.2,422.2,422.4,19602969.0
2018-01-03 15:22:57.700753,422.2,422.2,422.4,19602969.0
2018-01-03 15:22:59.551078,422.2,422.2,422.4,19602969.0
2018-01-03 15:23:01.433985,422.2,422.2,422.4,19602969.0
2018-01-03 15:23:03.604993,422.2,422.2,422.4,19602969.0
2018-01-03 15:23:05.704989,422.2,422.2,422.4,19602969.0
2018-01-03 15:23:07.292789,422.2,422.2,422.4,19602969.0
2018-01-03 15:23:09.926543,422.2,422.2,422.4,19602969.0
2018-01-03 15:23:11.841696,422.2,422.2,422.4,19602969.0
2018-01-03 15:23:13.777603,422.2,422.2,422.4,19602969.0
2018-01-03 15:23:15.826361,422.2,422.2,422.4,19610669.0
2018-01-03 15:23:17.465226,422.2,422.2,422.4,19610669.0
2018-01-03 15:23:19.383138,422.2,422.2,422.4,19610669.0
2018-01-03 15:23:21.250264,422.2,422.2,422.4,19610669.0
2018-01-03 15:23:22.719057,422.2,422.2,422.4,19610669.0
2018-01-03 15:23:24.748518,422.2,422.2,422.4,19610669.0
2018-01-03 15:23:26.684784,422.2,422.2,422.4,19610669.0
2018-01-03 15:23:28.887298,422.2,422.2,422.4,19610669.0
2018-01-03 15:23:30.607933,422.4,422.2,422.4,19614469.0
2018-01-03 15:23:32.590274,422.4,422.2,422.4,19614469.0
