time,price,bid,ask,volume
2018-01-05 09:33:47.260571,433.8,433.8,434.0,2228900.0
2018-01-05 09:33:48.924015,433.8,433.8,434.0,2228900.0
2018-01-05 09:33:50.343333,433.8,433.6,433.8,2243400.0
2018-01-05 09:33:52.283084,433.8,433.6,433.8,2243400.0
2018-01-05 09:33:54.192864,433.8,433.6,433.8,2243400.0
2018-01-05 09:33:55.555893,433.8,433.6,433.8,2243400.0
2018-01-05 09:33:57.860438,433.8,433.6,433.8,2246600.0
2018-01-05 09:33:59.646272,433.8,433.6,433.8,2246600.0
2018-01-05 09:34:01.412575,433.8,433.6,433.8,2246600.0
2018-01-05 09:34:03.213852,433.8,433.6,433.8,2246600.0
2018-01-05 09:34:05.084451,433.6,433.6,433.8,2259700.0
2018-01-05 09:34:06.847658,433.6,433.6,433.8,2286100.0
2018-01-05 09:34:10.644327,433.4,433.4,433.6,2292100.0
2018-01-05 09:34:12.216938,433.4,433.4,433.6,2292100.0
2018-01-05 09:34:14.958958,433.4,433.4,433.6,2292100.0
2018-01-05 09:34:16.546184,433.2,433.0,433.2,2301800.0
2018-01-05 09:34:18.456782,433.2,433.0,433.2,2301800.0
2018-01-05 09:34:20.210930,433.4,433.2,433.6,2310200.0
2018-01-05 09:34:21.485335,433.6,433.2,433.6,2313400.0
2018-01-05 09:34:23.129267,433.6,433.2,433.6,2313400.0
2018-01-05 09:34:24.837324,433.6,433.2,433.6,2313400.0
2018-01-05 09:34:26.349667,433.6,433.2,433.6,2316700.0
2018-01-05 09:34:27.493232,433.6,433.2,433.6,2316700.0
2018-01-05 09:34:29.425309,433.6,433.2,433.6,2316700.0
2018-01-05 09:34:31.196586,433.6,433.2,433.6,2316700.0
2018-01-05 09:34:32.593119,433.2,433.2,433.4,2320900.0
2018-01-05 09:34:34.345808,433.2,433.2,433.4,2320900.0
2018-01-05 09:34:35.736612,433.2,433.2,433.4,2325700.0
2018-01-05 09:34:36.782265,433.2,433.2,433.4,2325700.0
2018-01-05 09:34:38.735538,433.2,433.2,433.4,2325700.0
2018-01-05 09:34:40.174077,433.2,433.2,433.4,2325700.0
2018-01-05 09:34:41.911702,433.2,433.2,433.4,2325700.0
2018-01-05 09:34:43.237083,433.4,433.2,433.4,2329200.0
2018-01-05 09:34:45.039630,433.4,433.2,433.4,2329200.0
2018-01-05 09:34:46.583283,433.4,433.2,433.4,2329200.0
2018-01-05 09:34:48.332292,433.4,433.2,433.4,2329200.0
2018-01-05 09:34:50.449099,433.2,433.2,433.4,2330500.0
2018-01-05 09:34:52.611824,433.2,433.2,433.4,2330500.0
2018-01-05 09:34:54.224565,433.2,433.2,433.4,2332600.0
2018-01-05 09:34:55.876385,433.2,433.2,433.4,2339600.0
2018-01-05 09:34:57.831269,433.2,433.2,433.4,2339600.0
2018-01-05 09:34:59.247057,433.2,433.2,433.4,2339600.0
2018-01-05 09:35:01.087004,433.2,433.2,433.4,2339600.0
2018-01-05 09:35:02.668609,433.2,433.2,433.4,2346100.0
2018-01-05 09:35:03.783982,433.2,433.0,433.4,2352700.0
2018-01-05 09:35:05.085742,433.2,433.0,433.4,2352700.0
2018-01-05 09:35:06.807301,433.2,433.0,433.4,2352700.0
2018-01-05 09:35:09.692385,433.2,433.0,433.2,2361300.0
2018-01-05 09:35:11.451727,433.0,433.0,433.2,2364900.0
2018-01-05 09:35:14.744576,433.0,433.0,433.2,2364900.0
2018-01-05 09:35:16.525201,433.0,433.0,433.2,2364900.0
2018-01-05 09:35:18.084156,433.2,433.0,433.4,2382407.0
2018-01-05 09:35:19.916681,433.2,433.0,433.4,2382407.0
2018-01-05 09:35:21.848444,433.2,433.0,433.4,2382407.0
2018-01-05 09:35:22.812041,433.2,433.0,433.4,2382407.0
2018-01-05 09:35:24.700291,433.2,433.0,433.4,2382407.0
2018-01-05 09:35:26.221087,433.2,433.0,433.2,2392711.0
2018-01-05 09:35:28.080276,433.0,433.0,433.2,2396011.0
2018-01-05 09:35:29.529064,433.0,433.0,433.2,2396011.0
2018-01-05 09:35:31.368095,433.0,433.0,433.2,2396011.0
2018-01-05 09:35:33.339288,433.0,433.0,433.2,2396011.0
2018-01-05 09:35:35.017445,433.0,433.0,433.2,2396011.0
2018-01-05 09:35:36.743871,433.0,433.0,433.2,2398211.0
2018-01-05 09:35:38.553238,433.2,433.0,433.2,2408911.0
2018-01-05 09:35:39.721009,433.2,433.0,433.2,2419811.0
2018-01-05 09:35:41.206792,433.2,433.0,433.2,2419811.0
2018-01-05 09:35:42.593263,433.2,433.0,433.2,2419811.0
2018-01-05 09:35:43.821924,433.2,433.0,433.2,2419811.0
2018-01-05 09:35:45.699524,433.2,433.0,433.2,2419811.0
2018-01-05 09:35:47.572520,433.0,432.8,433.2,2465611.0
2018-01-05 09:35:49.407086,433.0,432.8,433.2,2465611.0
2018-01-05 09:35:51.055512,433.0,432.8,433.2,2465611.0
2018-01-05 09:35:52.323788,433.0,432.8,433.2,2465611.0
2018-01-05 09:35:54.214029,433.0,432.8,433.2,2465611.0
2018-01-05 09:35:55.440475,433.0,432.8,433.0,2469611.0
2018-01-05 09:35:57.262265,433.0,432.8,433.0,2469611.0
2018-01-05 09:35:59.213181,433.0,432.8,433.0,2469611.0
2018-01-05 09:36:00.933362,433.0,432.8,433.0,2469611.0
2018-01-05 09:36:03.111604,433.0,432.8,433.0,2469611.0
2018-01-05 09:36:07.639442,433.0,432.8,433.0,2475411.0
2018-01-05 09:36:09.473962,433.0,432.8,433.0,2480711.0
2018-01-05 09:36:10.973815,433.0,432.8,433.0,2480711.0
2018-01-05 09:36:12.329919,433.0,432.8,433.0,2480711.0
2018-01-05 09:36:13.944966,433.0,432.8,433.0,2480711.0
2018-01-05 09:36:15.033343,433.0,433.0,433.2,2487511.0
2018-01-05 09:36:16.637064,433.0,433.0,433.2,2487511.0
2018-01-05 09:36:20.450912,433.0,433.0,433.2,2490411.0
2018-01-05 09:36:22.098560,433.0,433.0,433.2,2490411.0
2018-01-05 09:36:23.280666,433.0,433.0,433.2,2490411.0
2018-01-05 09:36:24.940705,433.0,433.0,433.2,2490411.0
2018-01-05 09:36:26.391688,433.0,433.0,433.2,2490411.0
2018-01-05 09:36:28.134755,433.0,433.0,433.2,2492811.0
2018-01-05 09:36:29.480570,433.0,433.0,433.2,2492811.0
2018-01-05 09:36:31.308583,433.0,433.0,433.2,2492811.0
2018-01-05 09:36:32.684801,433.2,433.0,433.2,2495311.0
2018-01-05 09:36:34.281428,433.2,433.0,433.2,2502111.0
2018-01-05 09:36:35.979444,433.4,433.2,433.4,2529411.0
2018-01-05 09:36:37.511315,433.4,433.2,433.4,2529411.0
2018-01-05 09:36:39.139577,433.4,433.2,433.4,2529411.0
2018-01-05 09:36:40.582912,433.4,433.2,433.4,2529411.0
2018-01-05 09:36:42.032688,433.4,433.2,433.4,2529411.0
2018-01-05 09:36:43.621080,433.4,433.2,433.4,2529411.0
2018-01-05 09:36:45.026491,433.4,433.2,433.4,2529411.0
2018-01-05 09:36:46.380234,433.4,433.2,433.4,2529411.0
2018-01-05 09:36:47.892325,433.4,433.4,433.6,2532711.0
2018-01-05 09:36:49.252540,433.4,433.4,433.6,2532711.0
2018-01-05 09:36:50.975688,433.4,433.4,433.6,2532711.0
2018-01-05 09:36:53.157784,433.4,433.2,433.6,2543811.0
2018-01-05 09:36:54.686751,433.4,433.2,433.6,2543811.0
2018-01-05 09:36:55.837957,433.4,433.2,433.6,2543811.0
2018-01-05 09:36:57.161757,433.4,433.4,433.6,2546711.0
2018-01-05 09:36:58.594794,433.4,433.4,433.6,2546711.0
2018-01-05 09:37:00.206184,433.4,433.4,433.6,2546711.0
2018-01-05 09:37:01.798369,433.4,433.4,433.6,2546711.0
2018-01-05 09:37:03.334416,433.6,433.4,433.6,2557986.0
2018-01-05 09:37:04.911353,433.6,433.4,433.6,2557986.0
2018-01-05 09:37:06.653543,433.6,433.4,433.6,2559986.0
2018-01-05 09:37:08.083618,433.6,433.4,433.6,2559986.0
2018-01-05 09:37:09.788103,433.6,433.4,433.6,2562786.0
2018-01-05 09:37:11.234554,433.2,433.2,433.4,2576486.0
2018-01-05 09:37:12.848413,433.2,433.2,433.4,2576486.0
2018-01-05 09:37:14.240627,433.2,433.2,433.4,2576486.0
2018-01-05 09:37:15.729658,433.4,433.0,433.4,2581886.0
2018-01-05 09:37:17.339440,433.4,433.0,433.4,2581886.0
2018-01-05 09:37:18.844185,433.0,433.0,433.4,2602786.0
2018-01-05 09:37:20.220082,433.0,433.0,433.4,2602786.0
2018-01-05 09:37:21.800676,433.0,433.0,433.4,2602786.0
2018-01-05 09:37:23.114081,433.2,433.0,433.2,2604786.0
2018-01-05 09:37:24.472464,433.2,433.0,433.2,2604786.0
2018-01-05 09:37:25.774887,433.2,433.0,433.2,2604786.0
2018-01-05 09:37:27.192707,433.0,432.8,433.2,2620486.0
2018-01-05 09:37:28.757117,433.0,432.8,433.2,2620486.0
2018-01-05 09:37:30.087570,433.0,432.8,433.2,2620486.0
2018-01-05 09:37:31.344165,433.0,432.8,433.2,2620486.0
2018-01-05 09:37:32.826979,433.0,432.8,433.2,2620486.0
2018-01-05 09:37:34.264488,433.0,432.8,433.2,2620486.0
2018-01-05 09:37:35.483237,433.0,432.8,433.2,2622986.0
2018-01-05 09:37:37.128866,433.0,432.8,433.0,2622986.0
2018-01-05 09:37:38.833108,433.0,432.8,433.0,2622986.0
2018-01-05 09:37:40.296913,433.0,432.8,433.0,2622986.0
2018-01-05 09:37:41.827941,433.0,432.8,433.0,2622986.0
2018-01-05 09:37:43.702633,433.0,433.0,433.2,2627286.0
2018-01-05 09:37:45.304308,433.0,433.0,433.2,2627286.0
2018-01-05 09:37:46.872684,433.0,433.0,433.2,2633286.0
2018-01-05 09:37:48.119095,433.0,433.0,433.2,2633286.0
2018-01-05 09:37:49.047393,433.0,432.8,433.0,2639786.0
2018-01-05 09:37:50.243669,433.0,432.8,433.0,2639786.0
2018-01-05 09:37:51.799503,433.0,432.8,433.0,2639786.0
2018-01-05 09:37:53.332931,433.0,432.8,433.0,2639786.0
2018-01-05 09:37:54.894706,433.0,432.8,433.0,2639786.0
2018-01-05 09:37:56.528419,433.0,432.8,433.0,2641286.0
2018-01-05 09:37:58.136948,433.0,432.8,433.0,2641286.0
2018-01-05 09:37:59.619966,433.0,432.8,433.0,2641286.0
2018-01-05 09:38:00.763759,433.0,432.8,433.0,2641286.0
2018-01-05 09:38:01.936666,433.0,432.8,433.0,2641286.0
2018-01-05 09:38:03.181883,433.0,432.8,433.0,2641286.0
2018-01-05 09:38:04.820230,433.0,432.8,433.0,2641286.0
2018-01-05 09:38:06.652856,433.0,432.8,433.0,2644986.0
2018-01-05 09:38:08.052411,433.0,432.8,433.0,2644986.0
2018-01-05 09:38:09.067800,433.0,432.8,433.0,2644986.0
2018-01-05 09:38:10.562273,433.0,432.8,433.0,2644986.0
2018-01-05 09:38:12.302595,433.0,432.8,433.0,2646702.0
2018-01-05 09:38:13.474953,433.0,432.8,433.0,2646702.0
2018-01-05 09:38:14.500363,433.0,432.8,433.0,2646702.0
2018-01-05 09:38:16.314426,432.8,432.8,433.0,2650002.0
2018-01-05 09:38:17.548960,433.0,432.8,433.0,2662502.0
2018-01-05 09:38:19.140791,433.0,433.0,433.2,2668102.0
2018-01-05 09:38:20.682856,433.0,433.0,433.2,2668102.0
2018-01-05 09:38:22.247527,433.2,432.8,433.2,2682802.0
2018-01-05 09:38:23.365158,433.2,432.8,433.2,2682802.0
2018-01-05 09:38:24.839184,433.2,432.8,433.2,2682802.0
2018-01-05 09:38:26.451841,433.0,433.0,433.2,2683702.0
2018-01-05 09:38:28.026137,433.0,433.0,433.2,2683702.0
2018-01-05 09:38:29.285337,433.0,433.0,433.2,2683702.0
2018-01-05 09:38:30.944702,433.0,433.0,433.2,2683702.0
2018-01-05 09:38:32.240852,433.0,433.0,433.2,2683702.0
2018-01-05 09:38:33.455588,433.0,433.0,433.2,2683702.0
2018-01-05 09:38:34.640302,433.0,433.0,433.2,2683702.0
2018-01-05 09:38:35.838501,433.0,433.0,433.2,2683702.0
2018-01-05 09:38:37.110995,433.4,433.2,433.4,2685802.0
2018-01-05 09:38:38.282183,433.4,433.2,433.4,2685802.0
2018-01-05 09:38:39.549797,433.4,433.2,433.4,2685802.0
2018-01-05 09:38:41.199196,433.2,433.2,433.4,2687202.0
2018-01-05 09:38:42.589285,433.2,433.2,433.4,2687202.0
2018-01-05 09:38:44.380641,433.2,433.2,433.4,2687202.0
2018-01-05 09:38:46.339213,433.2,433.2,433.4,2688302.0
2018-01-05 09:38:48.128604,433.2,433.2,433.4,2689502.0
2018-01-05 09:38:49.799732,433.2,433.2,433.4,2689502.0
2018-01-05 09:38:51.518050,433.4,433.4,433.6,2708677.0
2018-01-05 09:38:53.300980,433.4,433.4,433.6,2708677.0
2018-01-05 09:38:54.947997,433.4,433.4,433.6,2708677.0
2018-01-05 09:38:56.392277,433.6,433.4,433.6,2719077.0
2018-01-05 09:38:57.641828,433.6,433.4,433.6,2719077.0
2018-01-05 09:38:59.072923,433.6,433.4,433.6,2719077.0
2018-01-05 09:39:00.893446,433.6,433.4,433.6,2719077.0
2018-01-05 09:39:02.576038,433.6,433.4,433.6,2719077.0
2018-01-05 09:39:03.778136,433.6,433.6,433.8,2725377.0
2018-01-05 09:39:05.498997,433.6,433.6,433.8,2725377.0
2018-01-05 09:39:07.397266,433.6,433.6,433.8,2725377.0
2018-01-05 09:39:08.732666,433.6,433.6,433.8,2725377.0
2018-01-05 09:39:10.550570,433.6,433.6,433.8,2725377.0
2018-01-05 09:39:12.317142,433.6,433.6,433.8,2725377.0
2018-01-05 09:39:14.225844,433.6,433.6,433.8,2725377.0
2018-01-05 09:39:16.184289,433.6,433.6,433.8,2725377.0
2018-01-05 09:39:18.044929,433.6,433.6,433.8,2725377.0
2018-01-05 09:39:19.184874,433.6,433.6,433.8,2725377.0
2018-01-05 09:39:20.582783,433.6,433.6,433.8,2725377.0
2018-01-05 09:39:21.840449,433.6,433.6,433.8,2726377.0
2018-01-05 09:39:23.371280,433.8,433.6,433.8,2733577.0
2018-01-05 09:39:25.017619,433.8,433.6,433.8,2733577.0
2018-01-05 09:39:26.826118,433.8,433.6,433.8,2737152.0
2018-01-05 09:39:28.547765,433.8,433.6,433.8,2740152.0
2018-01-05 09:39:30.399718,433.8,433.6,433.8,2740152.0
2018-01-05 09:39:31.635642,433.8,433.6,433.8,2740152.0
2018-01-05 09:39:32.955237,433.8,433.6,433.8,2741552.0
2018-01-05 09:39:34.825073,433.8,433.6,433.8,2741552.0
2018-01-05 09:39:36.053564,433.8,433.6,433.8,2743352.0
2018-01-05 09:39:37.758905,433.8,433.6,433.8,2743352.0
2018-01-05 09:39:39.037216,433.8,433.8,434.0,2746852.0
2018-01-05 09:39:40.229015,433.8,433.8,434.0,2746852.0
2018-01-05 09:39:42.220541,433.8,433.8,434.0,2746852.0
2018-01-05 09:39:43.928073,433.8,433.8,434.0,2746852.0
2018-01-05 09:39:45.541040,433.8,433.8,434.0,2746852.0
2018-01-05 09:39:47.342995,434.0,433.8,434.0,2749052.0
2018-01-05 09:39:49.299371,434.0,433.8,434.0,2749052.0
2018-01-05 09:39:51.132676,434.0,433.8,434.0,2749052.0
2018-01-05 09:39:52.714557,434.0,434.0,434.2,2798352.0
2018-01-05 09:39:54.526433,434.4,434.2,434.4,2806852.0
2018-01-05 09:39:56.332312,434.4,434.2,434.4,2806852.0
2018-01-05 09:39:57.503572,434.4,434.2,434.4,2806852.0
2018-01-05 09:39:59.471493,434.4,434.2,434.4,2806852.0
2018-01-05 09:40:01.185682,434.2,434.0,434.2,2813052.0
2018-01-05 09:40:03.006810,434.2,434.0,434.2,2813052.0
2018-01-05 09:40:04.711115,434.2,434.0,434.2,2813052.0
2018-01-05 09:40:06.718367,434.2,434.0,434.2,2815252.0
2018-01-05 09:40:08.503321,434.2,434.0,434.2,2815252.0
2018-01-05 09:40:13.298662,434.2,434.0,434.2,2815252.0
2018-01-05 09:40:17.333119,434.4,434.2,434.4,2823652.0
2018-01-05 09:40:19.111367,434.4,434.2,434.4,2823652.0
2018-01-05 09:40:20.428453,434.4,434.2,434.4,2823652.0
2018-01-05 09:40:21.958833,434.2,434.2,434.4,2825652.0
2018-01-05 09:40:23.777356,434.2,434.2,434.4,2825652.0
2018-01-05 09:40:25.549418,434.4,434.2,434.4,2836452.0
2018-01-05 09:40:27.352599,434.4,434.2,434.4,2836452.0
2018-01-05 09:40:28.910166,434.4,434.2,434.4,2836452.0
2018-01-05 09:40:30.661916,434.6,434.4,434.6,2838852.0
2018-01-05 09:40:32.320994,434.6,434.4,434.6,2838852.0
2018-01-05 09:40:34.007350,434.6,434.4,434.6,2838852.0
2018-01-05 09:40:36.031759,434.4,434.4,434.6,2844152.0
2018-01-05 09:40:37.516059,434.4,434.4,434.6,2848852.0
2018-01-05 09:40:39.244976,434.4,434.4,434.6,2848852.0
2018-01-05 09:40:41.191273,434.4,434.4,434.6,2848852.0
2018-01-05 09:40:42.960462,434.4,434.4,434.6,2848852.0
2018-01-05 09:40:44.655984,434.6,434.4,434.6,2850652.0
2018-01-05 09:40:46.441453,434.6,434.4,434.6,2850652.0
2018-01-05 09:40:48.165339,434.4,434.4,434.6,2851652.0
2018-01-05 09:40:49.393574,434.4,434.4,434.6,2851652.0
2018-01-05 09:40:51.306373,434.4,434.4,434.6,2851652.0
2018-01-05 09:40:52.814333,434.4,434.4,434.6,2851652.0
2018-01-05 09:40:54.651565,434.6,434.4,434.6,2854352.0
2018-01-05 09:40:56.384061,434.6,434.4,434.6,2854352.0
2018-01-05 09:40:58.206421,434.6,434.4,434.6,2854352.0
2018-01-05 09:40:59.548745,434.6,434.4,434.6,2855552.0
2018-01-05 09:41:01.103042,434.6,434.4,434.6,2855552.0
2018-01-05 09:41:02.903933,434.6,434.4,434.6,2855552.0
2018-01-05 09:41:07.409596,434.6,434.4,434.6,2858752.0
2018-01-05 09:41:09.424100,434.6,434.4,434.6,2858752.0
2018-01-05 09:41:13.791031,434.6,434.4,434.6,2862552.0
2018-01-05 09:41:18.171857,434.6,434.4,434.6,2864052.0
2018-01-05 09:41:19.962741,434.6,434.4,434.6,2864052.0
2018-01-05 09:41:21.693367,434.6,434.6,434.8,2866952.0
2018-01-05 09:41:23.300161,434.6,434.6,434.8,2866952.0
2018-01-05 09:41:24.578111,434.6,434.6,434.8,2866952.0
2018-01-05 09:41:26.527308,434.6,434.6,434.8,2866952.0
2018-01-05 09:41:28.395081,434.8,434.6,435.0,2876652.0
2018-01-05 09:41:30.328099,434.8,434.6,435.0,2876652.0
2018-01-05 09:41:31.825430,434.8,434.6,435.0,2879552.0
2018-01-05 09:41:33.452157,434.8,434.6,435.0,2879552.0
2018-01-05 09:41:35.257507,435.0,434.8,435.0,2887052.0
2018-01-05 09:41:36.645849,435.0,434.8,435.0,2887052.0
2018-01-05 09:41:38.251741,435.0,434.8,435.0,2887052.0
2018-01-05 09:41:40.118408,435.0,434.8,435.0,2890251.0
2018-01-05 09:41:42.232853,434.8,434.6,435.0,2895651.0
2018-01-05 09:41:44.003953,435.0,434.8,435.0,2897051.0
2018-01-05 09:41:46.258705,435.0,434.8,435.2,3062351.0
2018-01-05 09:41:48.532907,435.0,434.8,435.2,3062351.0
2018-01-05 09:41:50.060032,435.0,434.8,435.2,3062351.0
2018-01-05 09:41:52.296060,435.0,434.8,435.2,3062351.0
2018-01-05 09:41:54.196522,435.0,434.8,435.2,3062351.0
2018-01-05 09:41:56.235622,435.0,434.8,435.2,3062351.0
2018-01-05 09:41:58.194328,435.0,435.0,435.2,3064451.0
2018-01-05 09:42:00.422181,435.2,435.2,435.4,3084451.0
2018-01-05 09:42:02.273832,435.2,435.2,435.4,3084451.0
2018-01-05 09:42:04.115046,435.2,435.2,435.4,3084451.0
2018-01-05 09:42:06.063922,435.4,435.2,435.4,3090491.0
2018-01-05 09:42:08.633045,435.4,435.4,435.6,3111091.0
2018-01-05 09:42:10.819548,435.4,435.4,435.6,3111091.0
2018-01-05 09:42:12.998465,435.4,435.2,435.6,3113391.0
2018-01-05 09:42:14.683925,435.2,435.0,435.2,3126891.0
2018-01-05 09:42:16.584168,435.2,435.0,435.2,3126891.0
2018-01-05 09:42:18.455008,435.2,435.0,435.2,3126891.0
2018-01-05 09:42:19.914837,435.2,435.0,435.2,3126891.0
2018-01-05 09:42:21.607845,435.2,435.0,435.2,3139691.0
2018-01-05 09:42:23.325037,435.2,435.0,435.2,3139691.0
2018-01-05 09:42:25.197704,435.2,435.0,435.2,3139691.0
2018-01-05 09:42:27.396292,435.2,435.2,435.4,3159091.0
2018-01-05 09:42:29.141727,435.2,435.2,435.4,3159091.0
2018-01-05 09:42:31.061388,435.2,435.2,435.4,3159091.0
2018-01-05 09:42:33.352214,435.2,435.0,435.2,3160950.0
2018-01-05 09:42:35.197392,435.2,435.0,435.2,3160950.0
2018-01-05 09:42:37.038497,435.2,435.0,435.2,3160950.0
2018-01-05 09:42:38.524601,435.2,435.0,435.2,3160950.0
2018-01-05 09:42:40.378820,435.2,435.0,435.2,3161950.0
2018-01-05 09:42:42.698473,435.2,435.0,435.2,3161950.0
2018-01-05 09:42:44.881440,435.2,435.0,435.2,3161950.0
2018-01-05 09:42:47.096506,435.0,435.0,435.2,3162950.0
2018-01-05 09:42:48.922651,435.0,435.0,435.2,3162950.0
2018-01-05 09:42:50.547218,435.0,435.0,435.2,3162950.0
2018-01-05 09:42:52.608576,435.2,435.0,435.2,3170350.0
2018-01-05 09:42:54.522063,435.2,435.0,435.2,3170350.0
2018-01-05 09:42:56.458946,435.0,435.0,435.2,3171950.0
2018-01-05 09:42:58.509532,435.0,435.0,435.2,3171950.0
2018-01-05 09:43:00.207751,435.0,435.0,435.2,3171950.0
2018-01-05 09:43:03.036040,435.0,435.0,435.2,3171950.0
2018-01-05 09:43:04.908429,435.2,435.0,435.2,3179650.0
2018-01-05 09:43:06.592846,435.2,435.0,435.2,3179650.0
2018-01-05 09:43:08.039452,435.2,435.0,435.2,3179650.0
2018-01-05 09:43:12.360370,435.2,435.0,435.2,3179650.0
2018-01-05 09:43:14.160929,435.0,435.0,435.2,3180851.0
2018-01-05 09:43:15.958325,435.0,435.0,435.2,3180851.0
2018-01-05 09:43:18.138052,435.0,435.0,435.2,3180851.0
2018-01-05 09:43:20.027415,435.2,435.0,435.2,3182751.0
2018-01-05 09:43:21.875994,435.2,435.0,435.2,3182751.0
2018-01-05 09:43:23.259865,435.2,435.0,435.2,3182751.0
2018-01-05 09:43:25.097839,435.0,435.0,435.2,3184471.0
2018-01-05 09:43:26.734250,435.0,435.0,435.2,3184471.0
2018-01-05 09:43:28.651545,435.0,435.0,435.2,3186871.0
2018-01-05 09:43:30.514240,435.2,435.2,435.4,3209971.0
2018-01-05 09:43:32.007193,435.2,435.2,435.4,3209971.0
2018-01-05 09:43:34.016833,435.2,435.2,435.4,3209971.0
2018-01-05 09:43:35.134234,435.2,435.2,435.4,3213171.0
2018-01-05 09:43:36.824463,435.4,435.2,435.4,3221571.0
2018-01-05 09:43:38.540550,435.4,435.4,435.6,3227471.0
2018-01-05 09:43:40.587926,435.4,435.4,435.6,3231271.0
2018-01-05 09:43:42.178187,435.4,435.4,435.6,3231271.0
2018-01-05 09:43:43.655298,435.4,435.4,435.6,3231271.0
2018-01-05 09:43:45.508851,435.4,435.4,435.6,3232371.0
2018-01-05 09:43:47.614404,435.4,435.4,435.6,3232371.0
2018-01-05 09:43:49.134100,435.4,435.4,435.6,3232371.0
2018-01-05 09:43:51.235726,435.4,435.4,435.6,3232371.0
2018-01-05 09:43:53.014808,435.4,435.4,435.6,3232371.0
2018-01-05 09:43:54.328691,435.4,435.4,435.6,3232371.0
2018-01-05 09:43:56.246588,435.4,435.4,435.6,3232371.0
2018-01-05 09:43:58.001122,435.4,435.2,435.4,3237171.0
2018-01-05 09:43:59.808281,435.4,435.2,435.4,3237171.0
2018-01-05 09:44:01.502150,435.4,435.2,435.4,3237171.0
2018-01-05 09:44:02.833819,435.4,435.2,435.4,3237171.0
2018-01-05 09:44:04.058495,435.4,435.4,435.6,3238371.0
2018-01-05 09:44:05.743706,435.4,435.4,435.6,3238371.0
2018-01-05 09:44:07.350245,435.4,435.4,435.6,3238371.0
2018-01-05 09:44:09.208321,435.4,435.4,435.6,3238371.0
2018-01-05 09:44:12.388612,435.6,435.4,435.6,3239871.0
2018-01-05 09:44:14.413812,435.6,435.4,435.6,3239871.0
2018-01-05 09:44:16.225098,435.6,435.4,435.6,3241871.0
2018-01-05 09:44:18.116087,435.6,435.4,435.6,3269671.0
2018-01-05 09:44:19.918209,435.8,435.4,435.8,3288171.0
2018-01-05 09:44:21.566881,435.4,435.4,435.8,3290271.0
2018-01-05 09:44:22.967964,435.4,435.4,435.8,3290271.0
2018-01-05 09:44:24.864120,435.4,435.4,435.8,3290271.0
2018-01-05 09:44:26.703885,435.4,435.4,435.8,3290271.0
2018-01-05 09:44:28.369342,435.6,435.6,435.8,3291771.0
2018-01-05 09:44:30.614713,435.6,435.6,435.8,3291771.0
2018-01-05 09:44:32.327838,435.8,435.8,436.0,3294871.0
2018-01-05 09:44:34.583358,435.8,435.8,436.0,3294871.0
2018-01-05 09:44:36.093909,435.8,435.6,436.0,3297571.0
2018-01-05 09:44:37.731821,435.8,435.6,436.0,3297571.0
2018-01-05 09:44:39.399842,435.8,435.6,436.0,3298371.0
2018-01-05 09:44:41.188177,435.8,435.6,436.0,3298371.0
2018-01-05 09:44:42.781415,435.8,435.6,435.8,3301071.0
2018-01-05 09:44:44.819503,435.8,435.6,435.8,3301071.0
2018-01-05 09:44:46.503647,435.6,435.4,435.6,3323871.0
2018-01-05 09:44:48.745999,435.6,435.4,435.6,3323871.0
2018-01-05 09:44:50.793301,435.6,435.4,435.6,3323871.0
2018-01-05 09:44:52.161149,435.6,435.6,435.8,3333671.0
2018-01-05 09:44:53.991383,435.6,435.6,435.8,3333671.0
2018-01-05 09:44:55.926456,435.6,435.6,435.8,3333671.0
2018-01-05 09:44:58.549807,435.6,435.6,435.8,3333671.0
2018-01-05 09:45:00.858447,435.6,435.4,435.6,3337971.0
2018-01-05 09:45:02.857351,435.6,435.4,435.6,3337971.0
2018-01-05 09:45:04.960285,435.6,435.4,435.6,3349771.0
2018-01-05 09:45:07.401095,435.6,435.4,435.6,3349771.0
2018-01-05 09:45:08.883836,435.6,435.4,435.6,3354771.0
2018-01-05 09:45:12.544078,436.0,435.4,435.8,3358271.0
2018-01-05 09:45:15.117593,436.0,435.6,436.0,3376271.0
2018-01-05 09:45:16.986904,436.0,435.6,436.0,3376271.0
2018-01-05 09:45:18.754673,436.0,435.8,436.0,3397371.0
2018-01-05 09:45:20.336687,435.8,435.8,436.0,3414171.0
2018-01-05 09:45:21.964585,435.8,435.8,436.0,3414171.0
2018-01-05 09:45:23.487878,435.8,435.8,436.0,3414171.0
2018-01-05 09:45:25.008414,436.0,435.8,436.0,3416071.0
2018-01-05 09:45:26.211646,436.0,435.8,436.0,3416071.0
2018-01-05 09:45:27.960055,436.0,435.8,436.0,3416071.0
2018-01-05 09:45:29.650073,436.0,435.8,436.0,3416071.0
2018-01-05 09:45:31.563066,436.0,435.8,436.0,3416071.0
2018-01-05 09:45:33.348960,435.6,435.4,435.6,3426531.0
2018-01-05 09:45:35.089554,435.6,435.4,435.6,3426531.0
2018-01-05 09:45:37.099245,435.6,435.4,435.6,3426531.0
2018-01-05 09:45:38.436279,435.6,435.4,435.6,3426531.0
2018-01-05 09:45:40.384811,435.6,435.4,435.6,3426531.0
2018-01-05 09:45:41.989395,435.6,435.6,435.8,3429531.0
2018-01-05 09:45:44.261360,435.6,435.6,435.8,3429531.0
2018-01-05 09:45:45.403477,435.4,435.4,435.8,3431331.0
2018-01-05 09:45:46.619457,435.4,435.4,435.8,3431331.0
2018-01-05 09:45:48.003132,435.4,435.4,435.8,3431331.0
2018-01-05 09:45:49.745384,435.4,435.4,435.8,3431331.0
2018-01-05 09:45:51.415684,435.6,435.4,435.6,3433931.0
2018-01-05 09:45:53.196099,435.6,435.4,435.6,3433931.0
2018-01-05 09:45:55.139364,435.4,435.2,435.8,3446231.0
2018-01-05 09:45:56.631222,435.4,435.2,435.8,3446231.0
2018-01-05 09:45:58.278628,435.4,435.2,435.8,3446231.0
2018-01-05 09:45:59.817659,435.4,435.2,435.8,3446231.0
2018-01-05 09:46:01.096975,435.4,435.2,435.8,3446231.0
2018-01-05 09:46:02.683102,435.4,435.4,435.6,3454831.0
2018-01-05 09:46:04.541416,435.4,435.4,435.6,3457931.0
2018-01-05 09:46:06.041226,435.4,435.4,435.6,3457931.0
2018-01-05 09:46:07.605293,435.4,435.4,435.6,3457931.0
2018-01-05 09:46:09.014083,435.4,435.4,435.6,3457931.0
2018-01-05 09:46:10.155513,435.4,435.4,435.6,3457931.0
2018-01-05 09:46:11.683142,435.4,435.4,435.6,3457931.0
2018-01-05 09:46:13.028975,435.4,435.4,435.6,3459702.0
2018-01-05 09:46:14.462475,435.4,435.4,435.6,3459702.0
2018-01-05 09:46:15.954245,435.4,435.4,435.6,3459702.0
2018-01-05 09:46:17.294976,435.2,435.2,435.4,3468102.0
2018-01-05 09:46:18.921456,435.2,435.2,435.4,3468102.0
2018-01-05 09:46:20.513078,435.2,435.0,435.2,3470002.0
2018-01-05 09:46:22.051411,435.2,435.0,435.2,3470002.0
2018-01-05 09:46:23.432056,435.2,435.0,435.2,3470002.0
2018-01-05 09:46:24.791601,435.2,435.2,435.4,3475402.0
2018-01-05 09:46:26.227171,435.2,435.2,435.4,3475402.0
2018-01-05 09:46:27.642724,435.2,435.2,435.4,3475402.0
2018-01-05 09:46:29.057192,435.2,435.2,435.4,3475402.0
2018-01-05 09:46:30.763780,435.0,435.0,435.2,3484402.0
2018-01-05 09:46:32.761286,435.0,435.0,435.2,3484402.0
2018-01-05 09:46:34.262131,435.0,435.0,435.2,3484402.0
2018-01-05 09:46:35.919831,435.0,435.0,435.2,3490302.0
2018-01-05 09:46:37.285249,435.0,435.0,435.2,3508302.0
2018-01-05 09:46:38.647362,435.0,435.0,435.2,3508302.0
2018-01-05 09:46:40.033758,434.8,434.6,434.8,3517302.0
2018-01-05 09:46:41.452070,434.8,434.6,434.8,3517302.0
2018-01-05 09:46:42.868698,434.8,434.6,435.0,3521502.0
2018-01-05 09:46:44.302885,434.8,434.6,435.0,3521502.0
2018-01-05 09:46:45.763848,434.8,434.6,435.0,3521502.0
2018-01-05 09:46:46.853001,434.6,434.6,435.0,3528602.0
2018-01-05 09:46:48.354893,434.6,434.6,435.0,3528602.0
2018-01-05 09:46:50.361176,434.6,434.6,435.0,3528602.0
2018-01-05 09:46:52.006197,434.6,434.6,435.0,3528602.0
2018-01-05 09:46:53.779914,434.8,434.8,435.0,3531718.0
2018-01-05 09:46:55.162901,435.0,434.8,435.0,3533818.0
2018-01-05 09:46:56.811649,435.0,434.8,435.0,3533818.0
2018-01-05 09:46:58.398149,435.0,434.8,435.0,3533818.0
2018-01-05 09:46:59.407680,435.0,434.8,435.0,3533818.0
2018-01-05 09:47:00.389930,435.0,434.6,435.0,3544518.0
2018-01-05 09:47:02.256362,435.0,434.6,435.0,3544518.0
2018-01-05 09:47:03.268858,435.0,434.6,435.0,3544518.0
2018-01-05 09:47:04.998366,434.8,434.6,434.8,3560918.0
2018-01-05 09:47:06.369580,434.8,434.6,434.8,3565518.0
2018-01-05 09:47:07.649928,434.8,434.6,434.8,3565518.0
2018-01-05 09:47:09.031529,434.8,434.6,434.8,3565518.0
2018-01-05 09:47:10.943131,434.8,434.6,434.8,3565518.0
2018-01-05 09:47:13.002425,434.6,434.6,434.8,3570718.0
2018-01-05 09:47:14.727085,434.6,434.6,434.8,3574118.0
2018-01-05 09:47:16.674994,434.6,434.6,434.8,3581018.0
2018-01-05 09:47:18.737626,434.6,434.6,434.8,3581018.0
2018-01-05 09:47:20.348358,434.6,434.4,434.6,3584718.0
2018-01-05 09:47:22.611465,434.6,434.4,434.6,3584718.0
2018-01-05 09:47:24.796785,434.6,434.4,434.6,3584718.0
2018-01-05 09:47:26.744421,434.6,434.4,434.6,3584718.0
2018-01-05 09:47:28.617884,434.6,434.6,434.8,3593318.0
2018-01-05 09:47:30.591987,434.6,434.6,434.8,3593318.0
2018-01-05 09:47:32.894607,434.6,434.4,434.6,3596418.0
2018-01-05 09:47:34.611727,434.6,434.4,434.6,3596418.0
2018-01-05 09:47:36.583507,434.6,434.4,434.6,3596418.0
2018-01-05 09:47:38.620541,434.6,434.4,434.6,3596418.0
2018-01-05 09:47:39.973995,434.6,434.4,434.6,3596418.0
2018-01-05 09:47:41.639141,434.6,434.4,434.6,3596418.0
2018-01-05 09:47:43.605870,434.4,434.4,434.6,3597818.0
2018-01-05 09:47:45.342429,434.4,434.4,434.6,3597818.0
2018-01-05 09:47:46.834192,434.6,434.4,434.6,3603818.0
2018-01-05 09:47:48.485685,434.6,434.4,434.6,3603818.0
2018-01-05 09:47:50.370853,434.6,434.4,434.6,3603818.0
2018-01-05 09:47:51.973248,434.6,434.4,434.6,3603818.0
2018-01-05 09:47:53.549343,434.6,434.4,434.6,3603818.0
2018-01-05 09:47:55.154715,434.4,434.4,434.6,3615418.0
2018-01-05 09:47:56.701172,434.4,434.4,434.6,3615418.0
2018-01-05 09:47:58.397806,434.4,434.4,434.6,3617718.0
2018-01-05 09:48:00.174822,434.4,434.4,434.6,3617718.0
2018-01-05 09:48:01.895832,434.4,434.4,434.6,3626718.0
2018-01-05 09:48:03.721326,434.6,434.6,434.8,3646918.0
2018-01-05 09:48:05.140600,434.8,434.6,434.8,3650018.0
2018-01-05 09:48:07.627824,434.8,434.6,434.8,3650018.0
2018-01-05 09:48:09.017901,434.8,434.6,434.8,3653918.0
2018-01-05 09:48:10.299694,434.8,434.8,435.0,3657718.0
2018-01-05 09:48:13.047605,434.8,434.8,435.0,3657718.0
2018-01-05 09:48:14.737974,434.8,434.8,435.0,3657718.0
2018-01-05 09:48:16.581058,435.0,434.6,435.0,3662318.0
2018-01-05 09:48:18.533092,435.0,434.6,435.0,3662318.0
2018-01-05 09:48:20.324332,435.0,434.6,435.0,3662318.0
2018-01-05 09:48:21.632106,435.0,434.6,435.0,3662318.0
2018-01-05 09:48:23.084207,435.0,434.6,435.0,3662318.0
2018-01-05 09:48:25.021007,435.0,434.6,435.0,3662318.0
2018-01-05 09:48:26.774183,434.6,434.6,434.8,3664418.0
2018-01-05 09:48:28.911580,434.6,434.6,434.8,3664418.0
2018-01-05 09:48:30.580198,434.6,434.6,434.8,3664418.0
2018-01-05 09:48:32.404718,434.6,434.6,434.8,3664418.0
2018-01-05 09:48:33.740698,434.6,434.6,434.8,3664418.0
2018-01-05 09:48:35.651809,434.6,434.6,434.8,3664418.0
2018-01-05 09:48:37.361403,434.8,434.8,435.0,3674938.0
2018-01-05 09:48:39.201156,434.8,434.8,435.0,3674938.0
2018-01-05 09:48:41.068896,434.8,434.8,435.0,3674938.0
2018-01-05 09:48:42.898546,435.0,434.8,435.0,3680038.0
2018-01-05 09:48:44.527021,435.0,434.8,435.0,3680038.0
2018-01-05 09:48:45.487059,435.0,434.8,435.0,3680038.0
2018-01-05 09:48:47.523162,435.0,434.8,435.0,3680038.0
2018-01-05 09:48:48.659610,435.0,434.8,435.0,3680038.0
2018-01-05 09:48:50.385273,435.0,434.8,435.0,3680038.0
2018-01-05 09:48:52.017721,435.0,434.8,435.0,3680038.0
2018-01-05 09:48:54.052228,435.0,434.8,435.0,3680038.0
2018-01-05 09:48:55.698764,435.0,434.8,435.0,3680038.0
2018-01-05 09:48:57.498726,435.0,434.8,435.0,3680038.0
2018-01-05 09:48:58.765016,434.8,434.8,435.0,3682669.0
2018-01-05 09:49:00.262862,434.8,434.8,435.0,3682669.0
2018-01-05 09:49:01.832130,434.8,434.8,435.0,3682669.0
2018-01-05 09:49:03.683097,434.8,434.8,435.0,3682669.0
2018-01-05 09:49:05.462955,434.8,434.8,435.0,3682669.0
2018-01-05 09:49:06.887625,434.8,434.8,435.0,3682669.0
2018-01-05 09:49:10.899803,434.8,434.8,435.0,3682669.0
2018-01-05 09:49:14.694543,435.0,434.8,435.0,3694069.0
2018-01-05 09:49:16.271590,435.0,434.8,435.0,3697369.0
2018-01-05 09:49:18.094991,435.0,434.8,435.0,3710169.0
2018-01-05 09:49:19.813981,435.0,434.8,435.0,3710169.0
2018-01-05 09:49:21.837286,435.2,435.0,435.2,3714569.0
2018-01-05 09:49:23.463665,435.2,435.0,435.2,3714569.0
2018-01-05 09:49:25.286527,435.0,435.0,435.2,3716269.0
2018-01-05 09:49:26.600028,435.0,435.0,435.2,3716269.0
2018-01-05 09:49:28.488662,435.0,435.0,435.2,3716269.0
2018-01-05 09:49:30.125204,435.0,435.0,435.2,3716269.0
2018-01-05 09:49:31.946402,435.2,435.0,435.2,3719869.0
2018-01-05 09:49:32.871811,435.2,435.0,435.2,3719869.0
2018-01-05 09:49:34.158962,435.0,435.0,435.2,3721269.0
2018-01-05 09:49:35.629574,435.0,435.0,435.2,3721269.0
2018-01-05 09:49:36.825962,435.0,435.0,435.2,3721269.0
2018-01-05 09:49:38.370212,435.0,435.0,435.2,3721269.0
2018-01-05 09:49:39.851792,435.0,435.0,435.2,3721269.0
2018-01-05 09:49:41.689822,435.2,435.2,435.4,3733642.0
2018-01-05 09:49:42.896215,435.2,435.2,435.4,3733642.0
2018-01-05 09:49:44.669630,435.2,435.2,435.4,3737642.0
2018-01-05 09:49:46.383838,435.2,435.2,435.4,3737642.0
2018-01-05 09:49:47.279058,435.2,435.2,435.4,3737642.0
2018-01-05 09:49:48.772867,435.2,435.2,435.4,3737642.0
2018-01-05 09:49:50.477646,435.2,435.2,435.4,3737642.0
2018-01-05 09:49:51.523180,435.2,435.2,435.4,3737642.0
2018-01-05 09:49:53.142278,435.4,435.2,435.4,3748042.0
2018-01-05 09:49:55.148677,435.4,435.4,435.6,3756642.0
2018-01-05 09:49:56.626476,435.4,435.4,435.6,3756642.0
2018-01-05 09:49:57.843014,435.4,435.4,435.6,3759142.0
2018-01-05 09:49:59.239054,435.4,435.4,435.6,3767342.0
2018-01-05 09:50:00.938473,435.4,435.4,435.6,3767342.0
2018-01-05 09:50:02.491920,435.4,435.4,435.6,3767342.0
2018-01-05 09:50:04.116432,435.4,435.4,435.6,3767342.0
2018-01-05 09:50:05.692832,435.4,435.4,435.6,3767342.0
2018-01-05 09:50:07.499860,435.4,435.2,435.4,3769942.0
2018-01-05 09:50:08.610394,435.4,435.2,435.4,3769942.0
2018-01-05 09:50:10.112255,435.4,435.2,435.4,3769942.0
2018-01-05 09:50:11.488000,435.4,435.2,435.4,3769942.0
2018-01-05 09:50:12.796647,435.4,435.2,435.4,3769942.0
2018-01-05 09:50:14.531067,435.4,435.2,435.4,3774542.0
2018-01-05 09:50:16.127719,435.4,435.2,435.4,3774542.0
2018-01-05 09:50:17.762709,435.4,435.4,435.6,3777142.0
2018-01-05 09:50:19.445046,435.4,435.4,435.6,3777142.0
2018-01-05 09:50:20.843664,435.4,435.4,435.6,3777142.0
2018-01-05 09:50:22.389907,435.4,435.4,435.6,3777142.0
2018-01-05 09:50:24.283743,435.4,435.4,435.6,3777142.0
2018-01-05 09:50:25.493558,435.4,435.4,435.6,3777142.0
2018-01-05 09:50:27.065791,435.4,435.4,435.6,3777142.0
2018-01-05 09:50:28.693660,435.4,435.2,435.6,3789314.0
2018-01-05 09:50:30.160688,435.4,435.2,435.6,3798225.0
2018-01-05 09:50:31.617853,435.4,435.2,435.6,3798225.0
2018-01-05 09:50:33.037614,435.4,435.2,435.6,3798225.0
2018-01-05 09:50:34.638684,435.4,435.2,435.6,3798225.0
2018-01-05 09:50:36.113882,435.4,435.2,435.6,3798225.0
2018-01-05 09:50:37.558290,435.4,435.2,435.6,3798225.0
2018-01-05 09:50:38.925862,435.4,435.2,435.6,3800425.0
2018-01-05 09:50:40.408288,435.4,435.2,435.6,3800425.0
2018-01-05 09:50:42.033508,435.4,435.2,435.6,3800425.0
2018-01-05 09:50:43.609836,435.4,435.2,435.4,3802725.0
2018-01-05 09:50:45.236030,435.4,435.2,435.4,3802725.0
2018-01-05 09:50:47.011702,435.6,435.4,435.6,3809825.0
2018-01-05 09:50:48.482065,435.6,435.4,435.6,3809825.0
2018-01-05 09:50:50.090958,435.6,435.4,435.6,3809825.0
2018-01-05 09:50:51.686529,435.6,435.4,435.6,3809825.0
2018-01-05 09:50:53.303296,435.2,435.2,435.4,3827325.0
2018-01-05 09:50:54.803790,435.4,435.4,435.6,3856325.0
2018-01-05 09:50:56.493614,435.4,435.4,435.6,3856325.0
2018-01-05 09:50:57.789727,435.4,435.4,435.6,3856325.0
2018-01-05 09:50:59.675057,435.4,435.4,435.6,3856325.0
2018-01-05 09:51:01.479235,435.4,435.4,435.6,3856325.0
2018-01-05 09:51:03.058949,435.4,435.2,435.4,3858325.0
2018-01-05 09:51:04.239270,435.4,435.2,435.4,3858325.0
2018-01-05 09:51:05.383660,435.4,435.2,435.4,3858325.0
2018-01-05 09:51:07.141513,435.2,435.2,435.4,3862525.0
2018-01-05 09:51:08.663774,435.2,435.0,435.2,3866425.0
2018-01-05 09:51:09.673304,435.2,435.0,435.2,3866425.0
2018-01-05 09:51:11.225801,435.2,435.0,435.2,3866425.0
2018-01-05 09:51:13.261866,435.2,435.0,435.2,3866425.0
2018-01-05 09:51:15.067386,435.2,435.0,435.2,3866425.0
2018-01-05 09:51:16.694186,435.2,435.0,435.2,3866425.0
2018-01-05 09:51:18.617275,435.2,435.0,435.2,3866425.0
2018-01-05 09:51:20.587564,435.2,435.0,435.2,3871325.0
2018-01-05 09:51:22.229992,435.2,435.0,435.2,3871325.0
2018-01-05 09:51:24.054718,435.2,435.0,435.2,3883225.0
2018-01-05 09:51:25.196284,435.2,435.0,435.2,3888025.0
2018-01-05 09:51:26.966709,435.0,435.0,435.2,3890125.0
2018-01-05 09:51:28.300542,435.2,435.0,435.2,3912625.0
2018-01-05 09:51:30.281509,435.2,435.0,435.2,3912625.0
2018-01-05 09:51:32.232712,435.0,435.0,435.2,3921625.0
2018-01-05 09:51:33.595687,435.0,435.0,435.2,3921625.0
2018-01-05 09:51:35.539388,435.0,435.0,435.2,3921625.0
2018-01-05 09:51:37.304655,435.0,435.0,435.2,3921625.0
2018-01-05 09:51:38.846241,435.0,434.8,435.2,3935825.0
2018-01-05 09:51:40.734325,435.0,434.8,435.0,3937725.0
2018-01-05 09:51:41.995829,435.0,434.8,435.0,3937725.0
2018-01-05 09:51:43.816159,435.0,434.8,435.0,3937725.0
2018-01-05 09:51:45.634261,435.2,434.8,435.2,3938925.0
2018-01-05 09:51:47.081006,435.2,434.8,435.2,3938925.0
2018-01-05 09:51:48.734891,435.2,434.8,435.2,3938925.0
2018-01-05 09:51:50.407153,435.0,434.8,435.0,3959925.0
2018-01-05 09:51:52.418747,435.0,434.8,435.0,3959925.0
2018-01-05 09:51:54.244621,435.0,434.8,435.0,3959925.0
2018-01-05 09:51:55.918270,434.8,434.8,435.0,3971825.0
2018-01-05 09:51:57.660937,434.8,434.8,435.0,3971825.0
2018-01-05 09:51:58.626258,434.8,434.8,435.0,3971825.0
2018-01-05 09:52:00.210078,434.8,434.8,435.0,3971825.0
2018-01-05 09:52:01.589982,434.8,434.8,435.0,3987025.0
2018-01-05 09:52:03.443135,434.8,434.6,434.8,3993025.0
2018-01-05 09:52:05.182564,434.8,434.8,435.0,3999325.0
2018-01-05 09:52:06.348399,434.8,434.8,435.0,3999325.0
2018-01-05 09:52:11.050952,435.0,434.8,435.0,4006825.0
2018-01-05 09:52:12.918973,435.0,434.8,435.0,4006825.0
2018-01-05 09:52:14.453929,435.0,435.0,435.2,4009636.0
2018-01-05 09:52:15.922152,435.0,435.0,435.2,4009636.0
2018-01-05 09:52:17.839567,435.0,435.0,435.2,4009636.0
2018-01-05 09:52:21.099318,435.0,435.0,435.2,4009636.0
2018-01-05 09:52:22.616160,435.0,435.0,435.2,4009636.0
2018-01-05 09:52:24.145820,435.0,435.0,435.2,4009636.0
2018-01-05 09:52:25.937488,435.0,435.0,435.2,4012236.0
2018-01-05 09:52:28.253807,435.0,435.0,435.2,4012236.0
2018-01-05 09:52:30.000336,435.0,435.0,435.2,4012236.0
2018-01-05 09:52:31.493441,435.0,435.0,435.2,4018036.0
2018-01-05 09:52:33.270977,435.0,435.0,435.2,4018036.0
2018-01-05 09:52:34.728942,435.0,435.0,435.2,4018036.0
2018-01-05 09:52:36.584436,435.0,435.0,435.2,4018036.0
2018-01-05 09:52:37.929389,435.0,435.0,435.2,4018036.0
2018-01-05 09:52:39.718433,435.0,435.0,435.2,4018036.0
2018-01-05 09:52:41.522146,435.0,434.8,435.0,4022536.0
2018-01-05 09:52:42.804619,434.8,434.8,435.0,4032336.0
2018-01-05 09:52:44.629748,435.0,434.8,435.0,4035536.0
2018-01-05 09:52:46.462474,435.0,434.8,435.0,4035536.0
2018-01-05 09:52:48.008458,434.8,434.8,435.0,4037036.0
2018-01-05 09:52:49.512783,434.8,434.8,435.0,4037036.0
2018-01-05 09:52:51.238739,434.8,434.8,435.0,4037036.0
2018-01-05 09:52:52.705612,434.8,434.8,435.0,4037036.0
2018-01-05 09:52:53.678360,434.8,434.8,435.0,4037036.0
2018-01-05 09:52:55.181533,435.0,434.8,435.0,4042136.0
2018-01-05 09:52:56.621670,435.0,434.8,435.0,4042136.0
2018-01-05 09:52:57.777318,435.0,434.8,435.0,4042136.0
2018-01-05 09:52:59.564305,435.0,434.8,435.0,4042136.0
2018-01-05 09:53:01.339630,435.0,434.8,435.0,4042136.0
2018-01-05 09:53:02.768181,435.0,434.8,435.0,4042136.0
2018-01-05 09:53:04.943933,435.0,434.8,435.0,4042136.0
2018-01-05 09:53:06.451547,435.0,434.8,435.0,4042136.0
2018-01-05 09:53:08.072065,435.0,434.8,435.0,4042136.0
2018-01-05 09:53:09.858351,435.0,434.8,435.0,4042136.0
2018-01-05 09:53:11.631590,435.0,435.0,435.2,4049236.0
2018-01-05 09:53:13.670830,435.0,435.0,435.2,4049236.0
2018-01-05 09:53:15.536694,435.0,435.0,435.2,4049236.0
2018-01-05 09:53:17.516334,435.2,435.0,435.4,4057036.0
2018-01-05 09:53:21.543112,435.2,435.0,435.4,4057036.0
2018-01-05 09:53:23.502982,435.2,435.2,435.4,4070436.0
2018-01-05 09:53:24.806673,435.2,435.2,435.4,4070436.0
2018-01-05 09:53:26.735337,435.2,435.2,435.4,4070436.0
2018-01-05 09:53:28.406694,435.2,435.2,435.4,4070436.0
2018-01-05 09:53:30.009169,435.2,435.2,435.4,4070436.0
2018-01-05 09:53:31.953795,435.2,435.2,435.4,4070436.0
2018-01-05 09:53:33.782927,435.2,435.2,435.4,4070436.0
2018-01-05 09:53:35.372859,435.0,435.0,435.2,4072336.0
2018-01-05 09:53:36.824909,435.0,435.0,435.2,4072336.0
2018-01-05 09:53:38.370499,435.0,435.0,435.2,4072336.0
2018-01-05 09:53:40.118585,435.0,435.0,435.2,4072336.0
2018-01-05 09:53:41.771978,435.2,435.0,435.2,4078436.0
2018-01-05 09:53:42.914440,435.2,435.0,435.2,4078436.0
2018-01-05 09:53:44.525301,435.2,435.2,435.4,4083136.0
2018-01-05 09:53:46.286008,435.2,435.2,435.4,4083136.0
2018-01-05 09:53:47.905626,435.2,435.2,435.4,4083136.0
2018-01-05 09:53:49.134509,435.2,435.2,435.4,4083136.0
2018-01-05 09:53:50.754568,435.2,435.2,435.4,4087136.0
2018-01-05 09:53:51.874149,435.2,435.2,435.4,4087136.0
2018-01-05 09:53:53.374869,435.2,435.2,435.4,4087136.0
2018-01-05 09:53:55.212145,435.2,435.2,435.4,4087136.0
2018-01-05 09:53:56.799651,435.0,435.0,435.4,4100656.0
2018-01-05 09:53:58.362220,435.0,435.0,435.4,4100656.0
2018-01-05 09:54:00.110965,435.0,435.0,435.4,4100656.0
2018-01-05 09:54:01.594312,435.0,435.0,435.4,4100656.0
2018-01-05 09:54:03.493137,435.0,435.0,435.4,4100656.0
2018-01-05 09:54:05.210836,435.0,435.0,435.4,4100656.0
2018-01-05 09:54:06.772866,435.0,435.0,435.2,4106056.0
2018-01-05 09:54:08.371459,435.0,435.0,435.2,4106056.0
2018-01-05 09:54:09.727564,435.0,435.0,435.2,4106056.0
2018-01-05 09:54:11.164892,435.0,435.0,435.2,4111356.0
2018-01-05 09:54:12.588373,435.0,435.0,435.2,4111356.0
2018-01-05 09:54:14.067861,435.0,435.0,435.2,4111356.0
2018-01-05 09:54:15.551515,435.0,435.0,435.2,4111356.0
2018-01-05 09:54:16.940303,435.0,434.8,435.0,4114923.0
2018-01-05 09:54:17.902299,435.0,434.8,435.0,4114923.0
2018-01-05 09:54:19.517270,435.0,434.8,435.0,4114923.0
2018-01-05 09:54:20.948592,435.0,434.8,435.0,4114923.0
2018-01-05 09:54:22.343158,435.0,434.8,435.0,4114923.0
2018-01-05 09:54:24.131226,435.0,434.8,435.0,4114923.0
2018-01-05 09:54:25.844058,435.0,434.8,435.0,4114923.0
2018-01-05 09:54:27.576227,434.8,434.6,435.0,4121623.0
2018-01-05 09:54:29.687258,434.8,434.6,435.0,4121623.0
2018-01-05 09:54:31.008330,434.8,434.6,434.8,4126723.0
2018-01-05 09:54:32.559232,434.6,434.6,434.8,4137323.0
2018-01-05 09:54:33.928008,434.6,434.6,434.8,4137323.0
2018-01-05 09:54:35.441518,434.6,434.6,434.8,4137323.0
2018-01-05 09:54:36.881789,434.6,434.6,434.8,4137323.0
2018-01-05 09:54:38.564472,434.8,434.6,434.8,4139623.0
2018-01-05 09:54:39.787558,434.8,434.6,434.8,4139623.0
2018-01-05 09:54:41.464720,434.8,434.6,434.8,4139623.0
2018-01-05 09:54:43.158866,434.8,434.6,434.8,4142023.0
2018-01-05 09:54:44.450106,434.8,434.6,434.8,4142023.0
2018-01-05 09:54:46.030655,434.8,434.6,434.8,4142023.0
2018-01-05 09:54:46.955554,434.8,434.6,434.8,4142023.0
2018-01-05 09:54:48.438046,434.8,434.6,434.8,4142023.0
2018-01-05 09:54:49.884533,434.8,434.6,434.8,4142023.0
2018-01-05 09:54:51.648618,434.8,434.6,434.8,4144723.0
2018-01-05 09:54:53.155733,434.8,434.6,434.8,4144723.0
2018-01-05 09:54:54.507263,434.8,434.6,434.8,4144723.0
2018-01-05 09:54:56.089722,434.8,434.6,434.8,4144723.0
2018-01-05 09:54:57.632708,434.8,434.6,434.8,4153823.0
2018-01-05 09:54:59.276173,434.8,434.6,434.8,4153823.0
2018-01-05 09:55:00.988388,434.8,434.6,434.8,4153823.0
2018-01-05 09:55:02.075616,434.8,434.6,434.8,4153823.0
2018-01-05 09:55:03.364992,434.8,434.6,434.8,4153823.0
2018-01-05 09:55:05.213583,434.6,434.6,434.8,4155318.0
2018-01-05 09:55:07.179976,434.6,434.6,434.8,4155318.0
2018-01-05 09:55:11.692970,434.6,434.6,435.0,4167518.0
2018-01-05 09:55:13.328194,434.6,434.6,434.8,4175418.0
2018-01-05 09:55:15.094513,434.6,434.6,434.8,4175418.0
2018-01-05 09:55:16.746378,434.6,434.6,434.8,4175418.0
2018-01-05 09:55:18.138850,434.6,434.6,434.8,4175418.0
2018-01-05 09:55:19.914903,434.6,434.6,434.8,4175418.0
2018-01-05 09:55:21.423798,434.6,434.4,434.6,4193518.0
2018-01-05 09:55:23.216497,434.6,434.4,434.6,4193518.0
2018-01-05 09:55:24.686793,434.6,434.4,434.6,4193518.0
2018-01-05 09:55:26.092379,434.6,434.4,434.6,4193518.0
2018-01-05 09:55:27.646247,434.6,434.4,434.6,4193518.0
2018-01-05 09:55:28.900364,434.6,434.4,434.6,4193518.0
2018-01-05 09:55:29.984586,434.6,434.4,434.6,4193518.0
2018-01-05 09:55:31.418849,434.6,434.4,434.6,4193518.0
2018-01-05 09:55:33.017411,434.6,434.4,434.6,4193518.0
2018-01-05 09:55:34.282823,434.6,434.4,434.6,4193518.0
2018-01-05 09:55:35.816889,434.6,434.4,434.6,4193518.0
2018-01-05 09:55:37.302320,434.6,434.4,434.6,4193518.0
2018-01-05 09:55:38.687699,434.6,434.4,434.6,4193518.0
2018-01-05 09:55:40.026777,434.6,434.4,434.6,4193518.0
2018-01-05 09:55:41.401727,434.6,434.4,434.6,4193518.0
2018-01-05 09:55:42.973909,434.6,434.4,434.6,4193518.0
2018-01-05 09:55:44.345436,434.4,434.4,434.6,4195398.0
2018-01-05 09:55:45.694457,434.4,434.4,434.6,4195398.0
2018-01-05 09:55:48.946991,434.4,434.4,434.6,4195398.0
2018-01-05 09:55:50.844642,434.4,434.4,434.6,4197198.0
2018-01-05 09:55:52.419819,434.4,434.4,434.6,4197198.0
2018-01-05 09:55:53.629013,434.4,434.4,434.6,4197198.0
2018-01-05 09:55:55.178430,434.4,434.4,434.6,4197198.0
2018-01-05 09:55:56.657102,434.4,434.4,434.6,4197198.0
2018-01-05 09:55:58.435566,434.4,434.4,434.6,4197198.0
2018-01-05 09:56:00.081385,434.4,434.4,434.6,4197198.0
2018-01-05 09:56:01.466033,434.4,434.4,434.6,4197198.0
2018-01-05 09:56:03.057592,434.4,434.4,434.6,4210298.0
2018-01-05 09:56:04.859257,434.4,434.4,434.6,4210298.0
2018-01-05 09:56:06.156026,434.4,434.2,434.4,4215498.0
2018-01-05 09:56:08.062619,434.4,434.2,434.4,4215498.0
2018-01-05 09:56:09.432065,434.4,434.2,434.4,4215498.0
2018-01-05 09:56:11.148955,434.4,434.2,434.4,4215498.0
2018-01-05 09:56:12.451225,434.4,434.2,434.4,4216698.0
2018-01-05 09:56:14.117280,434.4,434.2,434.4,4216698.0
2018-01-05 09:56:15.957546,434.4,434.2,434.4,4219198.0
2018-01-05 09:56:17.296808,434.4,434.2,434.4,4219198.0
2018-01-05 09:56:18.939370,434.6,434.4,434.6,4222393.0
2018-01-05 09:56:20.302165,434.6,434.4,434.6,4222393.0
2018-01-05 09:56:21.748608,434.6,434.4,434.6,4222393.0
2018-01-05 09:56:22.980327,434.6,434.4,434.6,4222393.0
2018-01-05 09:56:24.393912,434.6,434.2,434.4,4222393.0
2018-01-05 09:56:25.753427,434.4,434.2,434.4,4224093.0
2018-01-05 09:56:27.118836,434.4,434.2,434.4,4224093.0
2018-01-05 09:56:29.012865,434.4,434.2,434.4,4224093.0
2018-01-05 09:56:30.363458,434.4,434.2,434.4,4224093.0
2018-01-05 09:56:31.453446,434.4,434.2,434.4,4224093.0
2018-01-05 09:56:32.740587,434.4,434.2,434.4,4224093.0
2018-01-05 09:56:34.438147,434.4,434.2,434.4,4224093.0
2018-01-05 09:56:35.907610,434.2,434.2,434.4,4257593.0
2018-01-05 09:56:37.369082,434.2,434.2,434.4,4257593.0
2018-01-05 09:56:38.767291,434.2,434.2,434.4,4257593.0
2018-01-05 09:56:40.450244,434.2,434.2,434.4,4257593.0
2018-01-05 09:56:42.280211,434.2,434.2,434.4,4257593.0
2018-01-05 09:56:43.938542,434.2,434.2,434.4,4257593.0
2018-01-05 09:56:45.619595,434.2,434.2,434.4,4257593.0
2018-01-05 09:56:47.918109,434.2,434.2,434.4,4257593.0
2018-01-05 09:56:49.810246,434.2,434.2,434.4,4257593.0
2018-01-05 09:56:51.762135,434.0,434.0,434.2,4266393.0
2018-01-05 09:56:53.685118,434.0,434.0,434.2,4266393.0
2018-01-05 09:56:55.458055,434.0,434.0,434.2,4266393.0
2018-01-05 09:56:57.500306,434.0,434.0,434.2,4266393.0
2018-01-05 09:56:58.837073,434.0,434.0,434.2,4268193.0
2018-01-05 09:57:00.702857,434.0,434.0,434.2,4273593.0
2018-01-05 09:57:02.545770,434.0,434.0,434.2,4273593.0
2018-01-05 09:57:04.335591,434.0,434.0,434.2,4273593.0
2018-01-05 09:57:08.362676,434.0,434.0,434.2,4273593.0
2018-01-05 09:57:10.160290,434.0,434.0,434.2,4273593.0
2018-01-05 09:57:14.125881,434.0,434.0,434.2,4278162.0
2018-01-05 09:57:18.189718,434.0,434.0,434.2,4285162.0
2018-01-05 09:57:19.653307,434.0,434.0,434.2,4285162.0
2018-01-05 09:57:21.212962,434.0,434.0,434.2,4285162.0
2018-01-05 09:57:22.543424,434.0,434.0,434.2,4286962.0
2018-01-05 09:57:24.345777,434.0,434.0,434.2,4286962.0
2018-01-05 09:57:26.262032,434.0,434.0,434.2,4286962.0
2018-01-05 09:57:28.031943,434.0,434.0,434.2,4289162.0
2018-01-05 09:57:29.829635,434.0,434.0,434.2,4289162.0
2018-01-05 09:57:31.050645,434.0,434.0,434.2,4289162.0
2018-01-05 09:57:32.723631,434.0,434.0,434.2,4292762.0
2018-01-05 09:57:33.974609,434.0,434.0,434.2,4292762.0
2018-01-05 09:57:36.061494,434.0,434.0,434.2,4292762.0
2018-01-05 09:57:37.453180,434.0,434.0,434.2,4292762.0
2018-01-05 09:57:39.009958,434.0,434.0,434.2,4292762.0
2018-01-05 09:57:40.617126,434.0,434.0,434.2,4295262.0
2018-01-05 09:57:41.812857,434.0,434.0,434.2,4295262.0
2018-01-05 09:57:43.469560,434.0,434.0,434.2,4300462.0
2018-01-05 09:57:44.933432,434.0,434.0,434.2,4300462.0
2018-01-05 09:57:46.481787,434.0,434.0,434.2,4300462.0
2018-01-05 09:57:47.686973,434.0,434.0,434.2,4300462.0
2018-01-05 09:57:49.260780,434.2,434.0,434.2,4319862.0
2018-01-05 09:57:50.870990,434.2,434.0,434.2,4319862.0
2018-01-05 09:57:52.132933,434.2,434.0,434.2,4319862.0
2018-01-05 09:57:53.617937,434.2,434.0,434.2,4319862.0
2018-01-05 09:57:55.038310,434.0,434.0,434.2,4322762.0
2018-01-05 09:57:56.384408,434.0,434.0,434.2,4322762.0
2018-01-05 09:57:58.122972,434.0,434.0,434.2,4322762.0
2018-01-05 09:57:59.525303,434.4,434.2,434.4,4349962.0
2018-01-05 09:58:01.376208,434.4,434.2,434.4,4349962.0
2018-01-05 09:58:02.912191,434.4,434.2,434.4,4349962.0
2018-01-05 09:58:04.657442,434.2,434.2,434.6,4353762.0
2018-01-05 09:58:05.907220,434.2,434.2,434.6,4353762.0
2018-01-05 09:58:07.738907,434.2,434.2,434.6,4353762.0
2018-01-05 09:58:09.343658,434.2,434.2,434.6,4353762.0
2018-01-05 09:58:11.072879,434.2,434.2,434.6,4353762.0
2018-01-05 09:58:12.145047,434.4,434.4,434.6,4355362.0
2018-01-05 09:58:13.836138,434.4,434.4,434.6,4355362.0
2018-01-05 09:58:15.271424,434.4,434.4,434.6,4355362.0
2018-01-05 09:58:17.290218,434.4,434.4,434.6,4355362.0
2018-01-05 09:58:18.931683,434.4,434.4,434.6,4355362.0
2018-01-05 09:58:20.632221,434.4,434.4,434.6,4355362.0
2018-01-05 09:58:22.129870,434.4,434.4,434.6,4355362.0
2018-01-05 09:58:23.957613,434.4,434.4,434.6,4357862.0
2018-01-05 09:58:25.939722,434.4,434.4,434.6,4357862.0
2018-01-05 09:58:27.284450,434.4,434.2,434.4,4366262.0
2018-01-05 09:58:30.139117,434.4,434.2,434.4,4366262.0
2018-01-05 09:58:32.012284,434.6,434.2,434.6,4370162.0
2018-01-05 09:58:33.919048,434.6,434.2,434.6,4370162.0
2018-01-05 09:58:35.794256,434.6,434.4,434.6,4378762.0
2018-01-05 09:58:37.435907,434.6,434.4,434.6,4378762.0
2018-01-05 09:58:38.664811,434.6,434.4,434.6,4384362.0
2018-01-05 09:58:40.538129,434.6,434.4,434.6,4384362.0
2018-01-05 09:58:42.320098,434.6,434.4,434.6,4384362.0
2018-01-05 09:58:44.079331,434.6,434.4,434.6,4384362.0
2018-01-05 09:58:45.370501,434.6,434.4,434.6,4384362.0
2018-01-05 09:58:47.231140,434.4,434.2,434.4,4388362.0
2018-01-05 09:58:49.214925,434.4,434.2,434.4,4388362.0
2018-01-05 09:58:50.985891,434.4,434.2,434.4,4388362.0
2018-01-05 09:58:52.850571,434.4,434.2,434.4,4388362.0
2018-01-05 09:58:54.471140,434.4,434.2,434.4,4388362.0
2018-01-05 09:58:55.625529,434.4,434.2,434.4,4388362.0
2018-01-05 09:58:57.613053,434.4,434.2,434.4,4388362.0
2018-01-05 09:58:59.393019,434.4,434.2,434.4,4388362.0
2018-01-05 09:59:01.173996,434.4,434.2,434.4,4388362.0
2018-01-05 09:59:03.011549,434.4,434.2,434.4,4388362.0
2018-01-05 09:59:09.295073,434.4,434.4,434.6,4392062.0
2018-01-05 09:59:13.594111,434.4,434.2,434.4,4397362.0
2018-01-05 09:59:18.658181,434.4,434.2,434.4,4397362.0
2018-01-05 09:59:20.604196,434.4,434.2,434.4,4397362.0
2018-01-05 09:59:22.638277,434.4,434.2,434.4,4398562.0
2018-01-05 09:59:24.221856,434.4,434.2,434.4,4398562.0
2018-01-05 09:59:25.852784,434.4,434.2,434.4,4398562.0
2018-01-05 09:59:27.719653,434.4,434.2,434.4,4398562.0
2018-01-05 09:59:28.951945,434.4,434.2,434.4,4398562.0
2018-01-05 09:59:30.623861,434.4,434.2,434.4,4398562.0
2018-01-05 09:59:32.487340,434.4,434.2,434.4,4398562.0
2018-01-05 09:59:34.245624,434.4,434.2,434.4,4398562.0
2018-01-05 09:59:35.919743,434.4,434.2,434.4,4398562.0
2018-01-05 09:59:37.491599,434.6,434.4,434.6,4403466.0
2018-01-05 09:59:38.815531,434.6,434.4,434.6,4403466.0
2018-01-05 09:59:40.029161,434.6,434.4,434.6,4403466.0
2018-01-05 09:59:41.744432,434.6,434.4,434.6,4403466.0
2018-01-05 09:59:43.249577,434.6,434.4,434.6,4403466.0
2018-01-05 09:59:44.956984,434.6,434.4,434.6,4403466.0
2018-01-05 09:59:46.745053,434.6,434.4,434.6,4406166.0
2018-01-05 09:59:48.426258,434.6,434.4,434.6,4406166.0
2018-01-05 09:59:50.041774,434.6,434.4,434.8,4413166.0
2018-01-05 09:59:52.060480,434.6,434.4,434.8,4413166.0
2018-01-05 09:59:53.831746,434.6,434.2,434.6,4422666.0
2018-01-05 09:59:55.152818,434.2,434.2,434.4,4434066.0
2018-01-05 09:59:56.988559,434.2,434.2,434.4,4434066.0
2018-01-05 09:59:58.705584,434.2,434.2,434.4,4434066.0
2018-01-05 10:00:00.477531,434.2,434.2,434.4,4434066.0
2018-01-05 10:00:02.413637,434.4,434.2,434.4,4442766.0
2018-01-05 10:00:05.599818,434.4,434.2,434.4,4442766.0
2018-01-05 10:00:07.413343,434.4,434.2,434.6,4455166.0
2018-01-05 10:00:09.394822,434.4,434.2,434.6,4455166.0
2018-01-05 10:00:11.656304,434.4,434.2,434.6,4455166.0
2018-01-05 10:00:13.638178,434.4,434.2,434.4,4457676.0
2018-01-05 10:00:15.186489,434.4,434.2,434.4,4457676.0
2018-01-05 10:00:16.859147,434.4,434.2,434.4,4457676.0
2018-01-05 10:00:19.195636,434.4,434.2,434.4,4457676.0
2018-01-05 10:00:20.849986,434.4,434.4,434.6,4461876.0
2018-01-05 10:00:22.211676,434.4,434.4,434.6,4461876.0
2018-01-05 10:00:24.054291,434.4,434.4,434.6,4461876.0
2018-01-05 10:00:25.824248,434.4,434.4,434.6,4461876.0
2018-01-05 10:00:26.832805,434.4,434.4,434.6,4461876.0
2018-01-05 10:00:28.672796,434.4,434.4,434.6,4461876.0
2018-01-05 10:00:29.857659,434.4,434.4,434.6,4461876.0
2018-01-05 10:00:31.383706,434.4,434.4,434.6,4461876.0
2018-01-05 10:00:33.176928,434.4,434.2,434.6,4464476.0
2018-01-05 10:00:34.956061,434.4,434.2,434.6,4464476.0
2018-01-05 10:00:36.526747,434.4,434.2,434.6,4464476.0
2018-01-05 10:00:38.125230,434.4,434.2,434.6,4464476.0
2018-01-05 10:00:39.681138,434.4,434.2,434.6,4464476.0
2018-01-05 10:00:41.046340,434.4,434.2,434.6,4464476.0
2018-01-05 10:00:42.615139,434.4,434.2,434.6,4464476.0
2018-01-05 10:00:44.152330,434.4,434.2,434.6,4464476.0
2018-01-05 10:00:45.564280,434.4,434.2,434.4,4466276.0
2018-01-05 10:00:47.166119,434.4,434.2,434.4,4466276.0
2018-01-05 10:00:48.990373,434.4,434.2,434.4,4466276.0
2018-01-05 10:00:50.402718,434.4,434.2,434.4,4466276.0
2018-01-05 10:00:51.707856,434.4,434.2,434.4,4466276.0
2018-01-05 10:00:53.129008,434.4,434.2,434.4,4466276.0
2018-01-05 10:00:54.709327,434.4,434.2,434.4,4466276.0
2018-01-05 10:00:56.298398,434.4,434.2,434.4,4466276.0
2018-01-05 10:00:58.018977,434.4,434.2,434.4,4466276.0
2018-01-05 10:00:59.617375,434.4,434.2,434.4,4466276.0
2018-01-05 10:01:01.313032,434.4,434.2,434.4,4467976.0
2018-01-05 10:01:02.810742,434.4,434.2,434.4,4467976.0
2018-01-05 10:01:04.517541,434.4,434.2,434.4,4467976.0
2018-01-05 10:01:05.691665,434.4,434.2,434.4,4467976.0
2018-01-05 10:01:07.190481,434.4,434.2,434.4,4470576.0
2018-01-05 10:01:08.947870,434.4,434.2,434.4,4470576.0
2018-01-05 10:01:10.507505,434.4,434.2,434.4,4470576.0
2018-01-05 10:01:11.319738,434.4,434.2,434.4,4470576.0
2018-01-05 10:01:12.735281,434.4,434.2,434.4,4470576.0
2018-01-05 10:01:14.204467,434.4,434.2,434.4,4470576.0
2018-01-05 10:01:15.233579,434.4,434.2,434.4,4470576.0
2018-01-05 10:01:16.624979,434.4,434.2,434.4,4470576.0
2018-01-05 10:01:18.238849,434.4,434.2,434.4,4470576.0
2018-01-05 10:01:19.900182,434.4,434.2,434.4,4470576.0
2018-01-05 10:01:21.639960,434.4,434.2,434.4,4470576.0
2018-01-05 10:01:23.132731,434.4,434.2,434.4,4470576.0
2018-01-05 10:01:24.204103,434.4,434.2,434.4,4470576.0
2018-01-05 10:01:25.673693,434.4,434.2,434.4,4470576.0
2018-01-05 10:01:27.141113,434.4,434.2,434.4,4470576.0
2018-01-05 10:01:28.482531,434.4,434.2,434.4,4470576.0
2018-01-05 10:01:29.974452,434.4,434.2,434.4,4470576.0
2018-01-05 10:01:31.557860,434.2,434.0,434.2,4476776.0
2018-01-05 10:01:32.900138,434.2,434.0,434.2,4476776.0
2018-01-05 10:01:34.318500,434.2,434.0,434.2,4476776.0
2018-01-05 10:01:36.084604,434.2,434.0,434.2,4476776.0
2018-01-05 10:01:37.199287,434.2,434.0,434.2,4476776.0
2018-01-05 10:01:38.584184,434.2,434.0,434.2,4476776.0
2018-01-05 10:01:40.246806,434.2,434.0,434.2,4476776.0
2018-01-05 10:01:41.938841,434.0,434.0,434.2,4492376.0
2018-01-05 10:01:43.342325,434.0,434.0,434.2,4492376.0
2018-01-05 10:01:44.940649,434.0,434.0,434.2,4492376.0
2018-01-05 10:01:46.446260,434.0,433.8,434.0,4495176.0
2018-01-05 10:01:47.527055,434.0,433.8,434.0,4495176.0
2018-01-05 10:01:49.365578,434.0,433.8,434.0,4495176.0
2018-01-05 10:01:50.916903,434.0,433.8,434.0,4500376.0
2018-01-05 10:01:52.192470,434.0,433.8,434.0,4500376.0
2018-01-05 10:01:53.768867,434.0,433.8,434.0,4500376.0
2018-01-05 10:01:55.567453,434.0,433.8,434.0,4500376.0
2018-01-05 10:01:57.000630,434.0,434.0,434.2,4502376.0
2018-01-05 10:01:58.550092,434.0,434.0,434.2,4502376.0
2018-01-05 10:01:59.376458,434.0,434.0,434.2,4502376.0
2018-01-05 10:02:00.659234,434.0,434.0,434.2,4502376.0
2018-01-05 10:02:01.765915,434.0,434.0,434.2,4502376.0
2018-01-05 10:02:03.220056,434.0,434.0,434.2,4502376.0
2018-01-05 10:02:04.983757,434.0,434.0,434.2,4502376.0
2018-01-05 10:02:06.466384,434.2,434.0,434.2,4508021.0
2018-01-05 10:02:08.467990,434.2,434.0,434.2,4508021.0
2018-01-05 10:02:14.183841,434.2,434.2,434.4,4519021.0
2018-01-05 10:02:18.761949,434.2,434.2,434.4,4522421.0
2018-01-05 10:02:20.007954,434.2,434.2,434.4,4522421.0
2018-01-05 10:02:21.519116,434.2,434.2,434.4,4522421.0
2018-01-05 10:02:23.002105,434.2,434.2,434.4,4523121.0
2018-01-05 10:02:24.508356,434.2,434.2,434.4,4523121.0
2018-01-05 10:02:26.166369,434.2,434.2,434.4,4523121.0
2018-01-05 10:02:27.430146,434.2,434.2,434.4,4523121.0
2018-01-05 10:02:28.655922,434.2,434.2,434.4,4523121.0
2018-01-05 10:02:30.051807,434.2,434.2,434.4,4523121.0
2018-01-05 10:02:31.787098,434.2,434.2,434.4,4523121.0
2018-01-05 10:02:33.584698,434.2,434.2,434.4,4523121.0
2018-01-05 10:02:35.427878,434.2,434.2,434.4,4531021.0
2018-01-05 10:02:37.081492,434.2,434.2,434.4,4531021.0
2018-01-05 10:02:38.723430,434.2,434.2,434.4,4531021.0
2018-01-05 10:02:40.416413,434.2,434.2,434.4,4531021.0
2018-01-05 10:02:42.149916,434.2,434.0,434.2,4534321.0
2018-01-05 10:02:43.903595,434.2,434.0,434.2,4534321.0
2018-01-05 10:02:45.641777,434.2,434.0,434.2,4534321.0
2018-01-05 10:02:47.341090,434.2,434.0,434.2,4534321.0
2018-01-05 10:02:49.170856,434.2,434.0,434.2,4534321.0
2018-01-05 10:02:50.778303,434.2,434.0,434.2,4534321.0
2018-01-05 10:02:52.407221,434.2,434.0,434.2,4534321.0
2018-01-05 10:02:54.101872,434.2,434.0,434.2,4534321.0
2018-01-05 10:02:55.852014,434.0,434.0,434.2,4553842.0
2018-01-05 10:02:57.191684,434.0,434.0,434.2,4553842.0
2018-01-05 10:02:59.085284,434.0,434.0,434.2,4553842.0
2018-01-05 10:03:00.688846,433.8,433.8,434.0,4556942.0
2018-01-05 10:03:01.898057,433.8,433.8,434.0,4556942.0
2018-01-05 10:03:03.478326,433.8,433.8,434.0,4586542.0
2018-01-05 10:03:05.190022,433.8,433.8,434.0,4586542.0
2018-01-05 10:03:07.120621,434.0,433.8,434.0,4594942.0
2018-01-05 10:03:09.119476,434.0,433.8,434.0,4594942.0
2018-01-05 10:03:13.316711,433.6,433.6,433.8,4605042.0
2018-01-05 10:03:53.608322,433.8,433.6,433.8,4632142.0
2018-01-05 10:03:55.256856,433.8,433.6,433.8,4647442.0
2018-01-05 10:03:56.905531,433.8,433.6,433.8,4647442.0
2018-01-05 10:03:58.360099,433.6,433.6,433.8,4652842.0
2018-01-05 10:04:00.136719,433.6,433.6,433.8,4652842.0
2018-01-05 10:04:01.590274,433.6,433.6,433.8,4652842.0
2018-01-05 10:04:02.763129,433.6,433.6,433.8,4652842.0
2018-01-05 10:04:04.644912,433.6,433.6,433.8,4652842.0
2018-01-05 10:04:06.321513,433.6,433.6,433.8,4652842.0
2018-01-05 10:04:09.853642,433.6,433.6,433.8,4652842.0
2018-01-05 10:04:11.769047,433.6,433.6,433.8,4661542.0
2018-01-05 10:04:13.202630,433.6,433.6,433.8,4661542.0
2018-01-05 10:04:14.327360,433.6,433.6,433.8,4661542.0
2018-01-05 10:04:16.247098,433.6,433.6,433.8,4661542.0
2018-01-05 10:04:17.922580,433.6,433.6,433.8,4666942.0
2018-01-05 10:04:18.779406,433.6,433.6,433.8,4666942.0
2018-01-05 10:04:20.807366,433.6,433.6,433.8,4666942.0
2018-01-05 10:04:22.670724,433.6,433.6,433.8,4684792.0
2018-01-05 10:04:24.578032,433.6,433.6,433.8,4684792.0
2018-01-05 10:04:26.380642,433.6,433.6,433.8,4684792.0
2018-01-05 10:04:28.119165,433.6,433.6,433.8,4708792.0
2018-01-05 10:04:29.591312,433.6,433.4,433.8,4716092.0
2018-01-05 10:04:31.517150,433.6,433.4,433.8,4716092.0
2018-01-05 10:04:33.325206,433.6,433.4,433.8,4716092.0
2018-01-05 10:04:35.388615,433.6,433.4,433.6,4718192.0
2018-01-05 10:04:37.459715,433.6,433.4,433.6,4718192.0
2018-01-05 10:04:39.338198,433.6,433.4,433.6,4718192.0
2018-01-05 10:04:40.603671,433.6,433.4,433.6,4718192.0
2018-01-05 10:04:42.449026,433.6,433.4,433.6,4718192.0
2018-01-05 10:04:44.422580,433.6,433.6,433.8,4758992.0
2018-01-05 10:04:45.394605,433.6,433.6,433.8,4758992.0
2018-01-05 10:04:47.151907,433.6,433.6,433.8,4758992.0
2018-01-05 10:04:48.879939,433.6,433.6,433.8,4758992.0
2018-01-05 10:04:50.850265,433.6,433.6,433.8,4760192.0
2018-01-05 10:04:53.041659,433.6,433.6,433.8,4760192.0
2018-01-05 10:04:54.734908,433.6,433.6,433.8,4772692.0
2018-01-05 10:04:56.118333,433.6,433.6,433.8,4772692.0
2018-01-05 10:04:57.386878,433.6,433.6,433.8,4772692.0
2018-01-05 10:04:58.930717,433.6,433.6,433.8,4772692.0
2018-01-05 10:05:00.919918,433.6,433.6,433.8,4772692.0
2018-01-05 10:05:02.063798,433.6,433.6,433.8,4772692.0
2018-01-05 10:05:03.478104,433.6,433.6,433.8,4772692.0
2018-01-05 10:05:04.663583,433.6,433.6,433.8,4772692.0
2018-01-05 10:05:06.248319,433.6,433.6,433.8,4772692.0
2018-01-05 10:05:07.733319,433.6,433.6,433.8,4778292.0
2018-01-05 10:05:12.591401,433.6,433.6,433.8,4781492.0
2018-01-05 10:05:16.723388,433.4,433.4,433.6,4787992.0
2018-01-05 10:05:18.621358,433.4,433.4,433.6,4792692.0
2018-01-05 10:05:19.760937,433.4,433.4,433.6,4793892.0
2018-01-05 10:05:21.197069,433.4,433.4,433.6,4793892.0
2018-01-05 10:05:22.939279,433.4,433.4,433.6,4793892.0
2018-01-05 10:05:24.563012,433.4,433.4,433.6,4800292.0
2018-01-05 10:05:25.658010,433.4,433.4,433.6,4800292.0
2018-01-05 10:05:26.887941,433.4,433.4,433.6,4803892.0
2018-01-05 10:05:28.435738,433.4,433.4,433.6,4803892.0
2018-01-05 10:05:29.655320,433.6,433.4,433.6,4814292.0
2018-01-05 10:05:31.349491,433.6,433.4,433.6,4814292.0
2018-01-05 10:05:32.874335,433.6,433.4,433.6,4814292.0
2018-01-05 10:05:34.257547,433.6,433.4,433.6,4814292.0
2018-01-05 10:05:35.827194,433.6,433.4,433.6,4814292.0
2018-01-05 10:05:37.774792,433.6,433.4,433.6,4814292.0
2018-01-05 10:05:39.147096,433.6,433.4,433.6,4814292.0
2018-01-05 10:05:40.668284,433.6,433.4,433.6,4814292.0
2018-01-05 10:05:42.222178,433.6,433.4,433.6,4814292.0
2018-01-05 10:05:43.331344,433.6,433.4,433.6,4815692.0
2018-01-05 10:05:45.169219,433.6,433.4,433.6,4815692.0
2018-01-05 10:05:46.641893,433.6,433.4,433.6,4818392.0
2018-01-05 10:05:48.112614,433.6,433.4,433.6,4818392.0
2018-01-05 10:05:49.653184,433.6,433.4,433.6,4818392.0
2018-01-05 10:05:51.134762,433.6,433.4,433.6,4818392.0
2018-01-05 10:05:52.253650,433.4,433.4,433.6,4824892.0
2018-01-05 10:05:53.783344,433.4,433.4,433.6,4824892.0
2018-01-05 10:05:55.274792,433.4,433.4,433.6,4832992.0
2018-01-05 10:05:56.569987,433.4,433.4,433.6,4832992.0
2018-01-05 10:05:57.918111,433.4,433.2,433.4,4836792.0
2018-01-05 10:05:59.195638,433.4,433.2,433.4,4836792.0
2018-01-05 10:06:00.636948,433.4,433.2,433.4,4836792.0
2018-01-05 10:06:02.035520,433.4,433.2,433.4,4836792.0
2018-01-05 10:06:03.430184,433.4,433.2,433.4,4836792.0
2018-01-05 10:06:04.938499,433.4,433.2,433.4,4836792.0
2018-01-05 10:06:06.801344,433.4,433.2,433.4,4836792.0
2018-01-05 10:06:08.324115,433.4,433.2,433.4,4836792.0
2018-01-05 10:06:09.684799,433.4,433.2,433.4,4836792.0
2018-01-05 10:06:11.404087,433.4,433.2,433.4,4836792.0
2018-01-05 10:06:12.835892,433.2,433.2,433.4,4837692.0
2018-01-05 10:06:14.008205,433.2,433.2,433.4,4837692.0
2018-01-05 10:06:15.503127,433.2,433.2,433.4,4837692.0
2018-01-05 10:06:17.454286,433.2,433.2,433.4,4843392.0
2018-01-05 10:06:18.723323,433.4,433.2,433.4,4846592.0
2018-01-05 10:06:20.145648,433.4,433.2,433.4,4846592.0
2018-01-05 10:06:21.638441,433.4,433.2,433.4,4846592.0
2018-01-05 10:06:23.018685,433.4,433.2,433.4,4850092.0
2018-01-05 10:06:24.773607,433.4,433.2,433.4,4850092.0
2018-01-05 10:06:26.079111,433.4,433.2,433.4,4850092.0
2018-01-05 10:06:27.355590,433.4,433.2,433.4,4850092.0
2018-01-05 10:06:28.739183,433.2,433.2,433.4,4864092.0
2018-01-05 10:06:30.407294,433.2,433.2,433.4,4864092.0
2018-01-05 10:06:31.938487,433.2,433.0,433.4,4869892.0
2018-01-05 10:06:33.553087,433.2,433.0,433.2,4876692.0
2018-01-05 10:06:34.831050,433.2,433.0,433.2,4876692.0
2018-01-05 10:06:36.145853,433.2,433.0,433.2,4876692.0
2018-01-05 10:06:37.562466,433.2,433.0,433.2,4876692.0
2018-01-05 10:06:38.724827,433.2,433.0,433.2,4876692.0
2018-01-05 10:06:40.248661,433.2,433.0,433.2,4876692.0
2018-01-05 10:06:41.950045,433.2,433.0,433.2,4876692.0
2018-01-05 10:06:43.463881,433.0,433.0,433.2,4884292.0
2018-01-05 10:06:45.001334,433.0,433.0,433.2,4916292.0
2018-01-05 10:06:46.740677,433.0,433.0,433.2,4934592.0
2018-01-05 10:06:48.261062,433.0,433.0,433.2,4936992.0
2018-01-05 10:06:49.945458,433.0,433.0,433.2,4936992.0
2018-01-05 10:06:51.659033,432.8,432.8,433.0,4944692.0
2018-01-05 10:06:53.460719,432.8,432.8,433.0,4944692.0
2018-01-05 10:06:55.314913,432.8,432.8,433.0,4951392.0
2018-01-05 10:06:57.066088,432.8,432.8,433.0,4951392.0
2018-01-05 10:06:58.567057,432.8,432.8,433.0,4951392.0
2018-01-05 10:07:00.322942,432.8,432.8,433.0,4951392.0
2018-01-05 10:07:01.978533,432.8,432.8,433.0,4956892.0
2018-01-05 10:07:03.710594,432.8,432.8,433.0,4956892.0
2018-01-05 10:07:05.314969,432.8,432.8,433.0,4956892.0
2018-01-05 10:07:06.925786,433.0,432.8,433.0,4992692.0
2018-01-05 10:07:08.147934,433.0,432.8,433.0,4999592.0
2018-01-05 10:07:09.624112,433.0,432.8,433.0,4999592.0
2018-01-05 10:07:11.135212,433.0,432.8,433.0,5007392.0
2018-01-05 10:07:12.303623,433.2,432.8,433.2,5012192.0
2018-01-05 10:07:13.785947,433.2,432.8,433.2,5012192.0
2018-01-05 10:07:15.329679,433.0,432.8,433.0,5016892.0
2018-01-05 10:07:16.927208,433.0,433.0,433.2,5028492.0
2018-01-05 10:07:18.561078,433.0,433.0,433.2,5028492.0
2018-01-05 10:07:20.484362,433.2,433.0,433.2,5037892.0
2018-01-05 10:07:22.355072,433.2,433.0,433.2,5037892.0
2018-01-05 10:07:24.066268,433.2,433.2,433.4,5043892.0
2018-01-05 10:07:25.335409,433.0,433.0,433.2,5061892.0
2018-01-05 10:07:27.304497,433.0,433.0,433.2,5061892.0
2018-01-05 10:07:29.121709,433.0,433.0,433.2,5061892.0
2018-01-05 10:07:30.640309,433.2,433.0,433.2,5068592.0
2018-01-05 10:07:32.384926,433.2,433.0,433.2,5068592.0
2018-01-05 10:07:33.728140,433.2,433.0,433.2,5068592.0
2018-01-05 10:07:35.557702,433.2,433.0,433.2,5068592.0
2018-01-05 10:07:37.827436,433.2,433.0,433.2,5068592.0
2018-01-05 10:07:39.366488,433.2,433.0,433.2,5068592.0
2018-01-05 10:07:40.565026,433.0,433.0,433.2,5075492.0
2018-01-05 10:07:42.375661,433.0,433.0,433.2,5075492.0
2018-01-05 10:07:44.100148,433.0,433.0,433.2,5075492.0
2018-01-05 10:07:46.004930,433.0,433.0,433.2,5076192.0
2018-01-05 10:07:47.770271,433.0,432.8,433.0,5141892.0
2018-01-05 10:07:49.925214,432.8,432.8,433.0,5143792.0
2018-01-05 10:07:51.167688,432.8,432.6,432.8,5150892.0
2018-01-05 10:07:52.919193,432.8,432.6,432.8,5153192.0
2018-01-05 10:07:54.569116,432.8,432.6,432.8,5153192.0
2018-01-05 10:07:55.793159,432.6,432.6,432.8,5159892.0
2018-01-05 10:07:56.973930,432.6,432.6,432.8,5163992.0
2018-01-05 10:07:58.483541,432.6,432.6,432.8,5169592.0
2018-01-05 10:07:59.925534,432.6,432.6,432.8,5169592.0
2018-01-05 10:08:01.331044,432.6,432.6,432.8,5169592.0
2018-01-05 10:08:03.029426,432.6,432.6,432.8,5169592.0
2018-01-05 10:08:04.326633,432.6,432.6,432.8,5173938.0
2018-01-05 10:08:05.920185,432.6,432.6,432.8,5173938.0
2018-01-05 10:08:07.007629,432.6,432.6,433.0,5181838.0
2018-01-05 10:08:08.164481,432.6,432.6,433.0,5181838.0
2018-01-05 10:08:09.936903,432.6,432.6,433.0,5181838.0
2018-01-05 10:08:11.972985,432.6,432.6,433.0,5181838.0
2018-01-05 10:08:13.467465,432.8,432.8,433.0,5182938.0
2018-01-05 10:08:15.095815,432.8,432.8,433.0,5182938.0
2018-01-05 10:08:16.496907,432.8,432.8,433.0,5190738.0
2018-01-05 10:08:19.737895,432.8,432.8,433.0,5190738.0
2018-01-05 10:08:21.498444,432.8,432.8,433.0,5196438.0
2018-01-05 10:08:23.114806,432.8,432.8,433.0,5196438.0
2018-01-05 10:08:24.461394,432.8,432.8,433.0,5196438.0
2018-01-05 10:08:26.198902,432.8,432.8,433.0,5196438.0
2018-01-05 10:08:27.843986,432.8,432.6,432.8,5217838.0
2018-01-05 10:08:29.217118,432.8,432.6,432.8,5217838.0
2018-01-05 10:08:30.456467,432.8,432.8,433.0,5229238.0
2018-01-05 10:08:32.171414,432.8,432.8,433.0,5229238.0
2018-01-05 10:08:33.825591,432.8,432.8,433.0,5229238.0
2018-01-05 10:08:35.245896,432.8,432.8,433.0,5236338.0
2018-01-05 10:08:36.335015,432.8,432.8,433.0,5236338.0
2018-01-05 10:08:38.061159,432.8,432.8,433.0,5236338.0
2018-01-05 10:08:39.832498,432.8,432.8,433.0,5236338.0
2018-01-05 10:08:41.184719,432.8,432.8,433.0,5236338.0
2018-01-05 10:08:43.097124,432.8,432.8,433.0,5236338.0
2018-01-05 10:08:44.675747,432.8,432.8,433.0,5236338.0
2018-01-05 10:08:46.107912,432.8,432.8,433.0,5240013.0
2018-01-05 10:08:47.929320,432.8,432.8,433.0,5240013.0
2018-01-05 10:08:49.096590,432.8,432.8,433.0,5240013.0
2018-01-05 10:08:51.041774,432.8,432.8,433.0,5245013.0
2018-01-05 10:08:52.828850,432.8,432.8,433.0,5260213.0
2018-01-05 10:08:54.319122,432.8,432.8,433.0,5260213.0
2018-01-05 10:08:56.459227,432.8,432.8,433.0,5260213.0
2018-01-05 10:08:58.267571,432.8,432.8,433.0,5260213.0
2018-01-05 10:08:59.976765,432.8,432.8,433.0,5260213.0
2018-01-05 10:09:01.584532,432.8,432.8,433.0,5260213.0
2018-01-05 10:09:03.468800,432.8,432.8,433.0,5260213.0
2018-01-05 10:09:04.850299,432.6,432.4,432.6,5266513.0
2018-01-05 10:09:06.331963,432.6,432.4,432.6,5266513.0
2018-01-05 10:09:07.355379,432.6,432.4,432.6,5266513.0
2018-01-05 10:09:11.798656,432.4,432.4,432.6,5274813.0
2018-01-05 10:09:14.304905,432.4,432.4,432.6,5279013.0
2018-01-05 10:09:15.837735,432.4,432.4,432.6,5279013.0
2018-01-05 10:09:16.984704,432.4,432.4,432.6,5279013.0
2018-01-05 10:09:18.633283,432.4,432.4,432.6,5283213.0
2018-01-05 10:09:20.139370,432.4,432.4,432.6,5283213.0
2018-01-05 10:09:21.834436,432.4,432.4,432.6,5285508.0
2018-01-05 10:09:23.754183,432.4,432.4,432.6,5285508.0
2018-01-05 10:09:25.789539,432.4,432.4,432.6,5285508.0
2018-01-05 10:09:27.545845,432.2,432.2,432.4,5295108.0
2018-01-05 10:09:29.005019,432.2,432.2,432.4,5295108.0
2018-01-05 10:09:30.495754,432.2,432.2,432.4,5295108.0
2018-01-05 10:09:32.528349,432.2,432.2,432.4,5307608.0
2018-01-05 10:09:34.125807,432.0,432.0,432.4,5338708.0
2018-01-05 10:09:35.683633,432.0,432.0,432.4,5338708.0
2018-01-05 10:09:37.473742,432.2,432.0,432.4,5356408.0
2018-01-05 10:09:38.862620,432.2,432.0,432.4,5356408.0
2018-01-05 10:09:40.652977,432.2,432.0,432.4,5356408.0
2018-01-05 10:09:41.926243,432.2,432.2,432.4,5362108.0
2018-01-05 10:09:43.555397,432.2,432.0,432.4,5371358.0
2018-01-05 10:09:45.265911,432.2,432.0,432.4,5371358.0
2018-01-05 10:09:46.563736,432.2,432.0,432.4,5371358.0
2018-01-05 10:09:48.153964,432.2,432.2,432.4,5379858.0
2018-01-05 10:09:50.186657,432.0,432.0,432.4,5381158.0
2018-01-05 10:09:51.961181,432.0,432.0,432.4,5381158.0
2018-01-05 10:09:53.850660,432.0,432.0,432.2,5384958.0
2018-01-05 10:09:55.151762,432.0,432.0,432.2,5384958.0
2018-01-05 10:09:56.500731,432.0,432.0,432.2,5384958.0
2018-01-05 10:09:58.070764,432.0,432.0,432.2,5384958.0
2018-01-05 10:09:59.246701,432.0,432.0,432.2,5391758.0
2018-01-05 10:10:00.775718,432.2,432.0,432.2,5395458.0
2018-01-05 10:10:02.393876,432.2,432.0,432.2,5395458.0
2018-01-05 10:10:03.945546,432.0,432.0,432.2,5396658.0
2018-01-05 10:10:05.610379,432.0,432.0,432.4,5421058.0
2018-01-05 10:10:09.729889,432.0,432.0,432.4,5421958.0
2018-01-05 10:10:11.352222,432.0,432.0,432.4,5424458.0
2018-01-05 10:10:13.030126,432.0,432.0,432.2,5427958.0
2018-01-05 10:10:14.315573,432.0,432.0,432.2,5427958.0
2018-01-05 10:10:17.117906,432.0,432.0,432.2,5430958.0
2018-01-05 10:10:18.862079,432.0,432.0,432.2,5430958.0
2018-01-05 10:10:20.385694,432.0,432.0,432.2,5430958.0
2018-01-05 10:10:22.047615,432.0,432.0,432.2,5430958.0
2018-01-05 10:10:23.374061,432.0,432.0,432.2,5432158.0
2018-01-05 10:10:25.279745,432.0,432.0,432.2,5432158.0
2018-01-05 10:10:27.199022,432.0,432.0,432.2,5432158.0
2018-01-05 10:10:28.782809,431.6,431.6,431.8,5480858.0
2018-01-05 10:10:30.784862,431.6,431.6,431.8,5480858.0
2018-01-05 10:10:32.336172,431.6,431.4,431.6,5484158.0
2018-01-05 10:10:33.872919,431.6,431.4,431.6,5484158.0
2018-01-05 10:10:35.380302,431.4,431.4,431.6,5488158.0
2018-01-05 10:10:36.559623,431.6,431.2,431.6,5546958.0
2018-01-05 10:10:38.246856,431.6,431.2,431.6,5546958.0
2018-01-05 10:10:40.005181,431.6,431.2,431.6,5546958.0
2018-01-05 10:10:41.637903,431.6,431.4,431.6,5550258.0
2018-01-05 10:10:43.501666,431.6,431.4,431.6,5550258.0
2018-01-05 10:10:45.353518,431.4,431.4,431.6,5554458.0
2018-01-05 10:10:47.247152,431.4,431.4,431.8,5561358.0
2018-01-05 10:10:49.045652,431.4,431.4,431.8,5561358.0
2018-01-05 10:10:51.193766,431.4,431.4,431.8,5561358.0
2018-01-05 10:10:52.379119,431.8,431.8,432.0,5583058.0
2018-01-05 10:10:54.479102,431.8,431.8,432.0,5583058.0
2018-01-05 10:10:56.415881,431.8,431.8,432.0,5583058.0
2018-01-05 10:10:58.062485,431.8,431.8,432.0,5583058.0
2018-01-05 10:10:59.853760,431.8,431.8,432.0,5586758.0
2018-01-05 10:11:01.740911,431.8,431.8,432.0,5586758.0
2018-01-05 10:11:03.315703,431.8,431.8,432.0,5586758.0
2018-01-05 10:11:05.154579,431.8,431.8,432.0,5586758.0
2018-01-05 10:11:06.828049,431.8,431.8,432.0,5599358.0
2018-01-05 10:11:12.120754,431.8,431.8,432.0,5602858.0
2018-01-05 10:11:14.463442,431.8,431.8,432.0,5618558.0
2018-01-05 10:11:19.218703,431.8,431.8,432.0,5618558.0
2018-01-05 10:11:20.936647,431.8,431.8,432.0,5618558.0
2018-01-05 10:11:22.610037,431.8,431.8,432.0,5618558.0
2018-01-05 10:11:25.235032,431.8,431.6,431.8,5629858.0
2018-01-05 10:11:26.708770,431.8,431.6,431.8,5629858.0
2018-01-05 10:11:28.512101,431.8,431.6,431.8,5629858.0
2018-01-05 10:11:29.880719,431.8,431.6,431.8,5629858.0
2018-01-05 10:11:31.793974,431.8,431.6,431.8,5629858.0
2018-01-05 10:11:33.549238,431.8,431.6,431.8,5629858.0
2018-01-05 10:11:35.342869,431.6,431.6,431.8,5633158.0
2018-01-05 10:11:36.957237,431.6,431.4,431.8,5641058.0
2018-01-05 10:11:38.687571,431.6,431.4,431.8,5641058.0
2018-01-05 10:11:39.973970,431.6,431.4,431.8,5641058.0
2018-01-05 10:11:41.812687,431.6,431.4,431.8,5641058.0
2018-01-05 10:11:43.364985,431.4,431.4,431.6,5644958.0
2018-01-05 10:11:45.178374,431.4,431.4,431.6,5644958.0
2018-01-05 10:11:47.075672,431.4,431.4,431.6,5644958.0
2018-01-05 10:11:48.948392,431.4,431.4,431.6,5644958.0
2018-01-05 10:11:50.753467,431.4,431.4,431.6,5646499.0
2018-01-05 10:11:52.714249,431.4,431.4,431.6,5650699.0
2018-01-05 10:11:54.337673,431.4,431.4,431.6,5655299.0
2018-01-05 10:11:55.975315,431.4,431.4,431.6,5655299.0
2018-01-05 10:11:57.283574,431.4,431.4,431.6,5655299.0
2018-01-05 10:11:58.609224,431.4,431.4,431.6,5658999.0
2018-01-05 10:12:00.402373,431.4,431.4,431.6,5658999.0
2018-01-05 10:12:01.962094,431.4,431.4,431.6,5658999.0
2018-01-05 10:12:03.292919,431.4,431.2,431.4,5662699.0
2018-01-05 10:12:05.125551,431.4,431.2,431.4,5662699.0
2018-01-05 10:12:52.023754,431.4,431.4,431.6,5673399.0
2018-01-05 10:12:54.049068,430.8,430.8,431.0,5768899.0
2018-01-05 10:12:55.822651,430.8,430.8,431.0,5768899.0
2018-01-05 10:12:57.821382,430.8,430.8,431.0,5770599.0
2018-01-05 10:12:59.353405,430.8,430.8,431.0,5773299.0
2018-01-05 10:13:01.325275,430.8,430.8,431.0,5773299.0
2018-01-05 10:13:02.794002,430.8,430.8,431.0,5773299.0
2018-01-05 10:13:04.251743,430.8,430.8,431.0,5773299.0
2018-01-05 10:13:06.148066,430.8,430.6,430.8,5775799.0
2018-01-05 10:13:07.798129,430.8,430.6,430.8,5775799.0
2018-01-05 10:13:09.604766,430.8,430.6,430.8,5775799.0
2018-01-05 10:13:11.509272,430.8,430.6,430.8,5775799.0
2018-01-05 10:13:13.657324,430.8,430.6,430.8,5775799.0
2018-01-05 10:13:15.404151,430.8,430.6,430.8,5775799.0
2018-01-05 10:13:17.145664,430.8,430.6,430.8,5778599.0
2018-01-05 10:13:18.945910,430.8,430.6,430.8,5778599.0
2018-01-05 10:13:20.683377,430.8,430.6,430.8,5784299.0
2018-01-05 10:13:22.520430,430.6,430.6,430.8,5794199.0
2018-01-05 10:13:24.198294,430.6,430.6,430.8,5794199.0
2018-01-05 10:13:25.528654,430.6,430.6,430.8,5801399.0
2018-01-05 10:13:27.288340,430.6,430.6,430.8,5801399.0
2018-01-05 10:13:29.088777,430.4,430.4,430.6,5806199.0
2018-01-05 10:13:30.444046,430.4,430.4,430.6,5806199.0
2018-01-05 10:13:32.152067,430.4,430.4,430.6,5808299.0
2018-01-05 10:13:33.800716,430.4,430.4,430.6,5808299.0
2018-01-05 10:13:34.942442,430.4,430.4,430.6,5810499.0
2018-01-05 10:13:36.848493,430.4,430.4,430.6,5810499.0
2018-01-05 10:13:38.570091,430.4,430.4,430.6,5810499.0
2018-01-05 10:13:40.329195,430.4,430.4,430.6,5812599.0
2018-01-05 10:13:41.481492,430.6,430.2,430.6,5825199.0
2018-01-05 10:13:42.832793,430.4,430.2,430.4,5832699.0
2018-01-05 10:13:44.590607,430.4,430.2,430.4,5832699.0
2018-01-05 10:13:46.269906,430.6,430.4,430.6,5837499.0
2018-01-05 10:13:48.078311,430.6,430.4,430.6,5837499.0
2018-01-05 10:13:49.802726,430.4,430.2,430.4,5847199.0
2018-01-05 10:13:51.413040,430.4,430.2,430.4,5848199.0
2018-01-05 10:13:53.332044,430.2,430.2,430.6,5851499.0
2018-01-05 10:13:54.623803,430.4,430.2,430.6,5852599.0
2018-01-05 10:13:56.036299,430.4,430.2,430.6,5852599.0
2018-01-05 10:13:57.285071,430.4,430.2,430.6,5852599.0
2018-01-05 10:13:58.806745,430.4,430.2,430.6,5852599.0
2018-01-05 10:14:00.455661,430.4,430.2,430.6,5852599.0
2018-01-05 10:14:02.879111,430.4,430.2,430.4,5856799.0
2018-01-05 10:14:04.112232,430.4,430.2,430.4,5856799.0
2018-01-05 10:14:05.847631,430.4,430.2,430.4,5856799.0
2018-01-05 10:14:07.100911,430.4,430.4,430.6,5862799.0
2018-01-05 10:14:08.531271,430.4,430.4,430.6,5862799.0
2018-01-05 10:14:10.067619,430.4,430.2,430.4,5864899.0
2018-01-05 10:14:12.068595,430.4,430.2,430.4,5864899.0
2018-01-05 10:14:13.346329,430.2,430.2,430.6,5872899.0
2018-01-05 10:14:15.078061,430.2,430.2,430.6,5872899.0
2018-01-05 10:14:19.470790,430.2,430.2,430.6,5872899.0
2018-01-05 10:14:21.307556,430.4,430.2,430.4,5882199.0
2018-01-05 10:14:23.074842,430.2,430.2,430.4,5885699.0
2018-01-05 10:14:24.785784,430.2,430.2,430.4,5885699.0
2018-01-05 10:14:26.499527,430.2,430.2,430.4,5885699.0
2018-01-05 10:14:27.711765,430.2,430.2,430.4,5888499.0
2018-01-05 10:14:29.589855,430.2,430.2,430.4,5888499.0
2018-01-05 10:14:31.105081,430.2,430.2,430.4,5889699.0
2018-01-05 10:14:32.802973,430.2,430.2,430.4,5889699.0
2018-01-05 10:14:34.495374,430.2,430.2,430.4,5889699.0
2018-01-05 10:14:36.063306,430.2,430.2,430.4,5889699.0
2018-01-05 10:14:37.815346,430.2,430.2,430.4,5889699.0
2018-01-05 10:14:39.507778,430.2,430.2,430.4,5889699.0
2018-01-05 10:14:41.503829,430.4,430.2,430.4,5893399.0
2018-01-05 10:14:43.138859,430.2,430.2,430.4,5894899.0
2018-01-05 10:14:44.734004,430.2,430.2,430.4,5894899.0
2018-01-05 10:14:46.037801,430.2,430.2,430.4,5894899.0
2018-01-05 10:14:47.440224,430.2,430.2,430.4,5894899.0
2018-01-05 10:14:49.007497,430.2,430.2,430.4,5894899.0
2018-01-05 10:14:50.448354,430.2,430.2,430.4,5894899.0
2018-01-05 10:14:52.075714,430.2,430.2,430.4,5897399.0
2018-01-05 10:14:53.519520,430.2,430.2,430.4,5897399.0
2018-01-05 10:14:55.103293,430.4,430.2,430.4,5898699.0
2018-01-05 10:14:56.433146,430.4,430.2,430.4,5898699.0
2018-01-05 10:14:57.558469,430.2,430.2,430.4,5900499.0
2018-01-05 10:14:59.252531,430.2,430.2,430.4,5900499.0
2018-01-05 10:15:00.629546,430.2,430.2,430.4,5900499.0
2018-01-05 10:15:02.085860,430.2,430.2,430.4,5900499.0
2018-01-05 10:15:03.194947,430.2,430.2,430.4,5906699.0
2018-01-05 10:15:05.160383,430.2,430.2,430.4,5908299.0
2018-01-05 10:15:06.407108,430.2,430.2,430.4,5908299.0
2018-01-05 10:15:07.508789,430.0,430.0,430.2,5912399.0
2018-01-05 10:15:08.663543,430.0,430.0,430.2,5914199.0
2018-01-05 10:15:09.794884,430.2,430.2,430.4,5918599.0
2018-01-05 10:15:11.344291,430.2,430.2,430.4,5918599.0
2018-01-05 10:15:13.023229,430.2,430.2,430.4,5918599.0
2018-01-05 10:15:14.081043,430.2,430.2,430.4,5921599.0
2018-01-05 10:15:15.734990,430.2,430.2,430.4,5921599.0
2018-01-05 10:15:21.194790,430.0,430.0,430.2,5941729.0
2018-01-05 10:15:22.699216,430.0,430.0,430.2,5943629.0
2018-01-05 10:15:23.929620,430.0,430.0,430.2,5945629.0
2018-01-05 10:15:25.536790,430.0,430.0,430.2,5945629.0
2018-01-05 10:15:27.360098,430.0,430.0,430.2,5960929.0
2018-01-05 10:15:28.786899,430.2,430.0,430.2,5967729.0
2018-01-05 10:15:30.666269,430.2,430.0,430.2,5967729.0
2018-01-05 10:15:31.763911,430.2,430.0,430.2,5967729.0
2018-01-05 10:15:33.276306,430.0,430.0,430.2,5976829.0
2018-01-05 10:15:34.968209,430.0,430.0,430.2,5976829.0
2018-01-05 10:15:36.810850,430.0,430.0,430.2,5981729.0
2018-01-05 10:15:38.105052,430.0,430.0,430.2,5984429.0
2018-01-05 10:15:39.302799,430.0,430.0,430.2,5984429.0
2018-01-05 10:15:41.429426,430.2,430.0,430.2,5996229.0
2018-01-05 10:15:44.203797,430.2,430.0,430.4,6013129.0
2018-01-05 10:15:46.873609,430.4,430.0,430.4,6035529.0
2018-01-05 10:15:49.374412,430.0,430.0,430.2,6059229.0
2018-01-05 10:15:51.610926,430.2,430.2,430.4,6067129.0
2018-01-05 10:15:54.313131,430.2,430.2,430.4,6072329.0
2018-01-05 10:15:57.996541,430.0,430.0,430.4,6076729.0
2018-01-05 10:16:00.409870,430.2,430.0,430.2,6083929.0
2018-01-05 10:16:03.832306,430.2,430.0,430.2,6085229.0
2018-01-05 10:16:06.581638,430.0,430.0,430.2,6092529.0
2018-01-05 10:16:12.128900,429.0,429.0,429.4,6202329.0
2018-01-05 10:16:16.430430,428.6,428.6,428.8,6225729.0
2018-01-05 10:16:20.495444,428.8,428.8,429.0,6282829.0
2018-01-05 10:16:24.118117,429.0,428.8,429.0,6296729.0
2018-01-05 10:16:26.428370,429.0,428.8,429.0,6307029.0
2018-01-05 10:16:28.872445,429.0,428.8,429.0,6310429.0
2018-01-05 10:16:31.159354,428.6,428.6,428.8,6316030.0
2018-01-05 10:16:34.875881,428.6,428.6,428.8,6316030.0
2018-01-05 10:16:38.917594,428.6,428.6,428.8,6318530.0
2018-01-05 10:16:42.417509,428.6,428.6,428.8,6328330.0
2018-01-05 10:16:44.844329,428.6,428.6,428.8,6331330.0
2018-01-05 10:16:48.493711,428.4,428.4,428.6,6333330.0
2018-01-05 10:16:52.372840,428.6,428.4,428.8,6348730.0
2018-01-05 10:16:55.939776,428.6,428.2,428.6,6386030.0
2018-01-05 10:16:59.360768,428.4,428.2,428.4,6406430.0
2018-01-05 10:17:02.488992,428.4,428.4,428.6,6411330.0
2018-01-05 10:17:07.016363,428.6,428.4,428.6,6419630.0
2018-01-05 10:17:09.754967,428.6,428.6,428.8,6423330.0
2018-01-05 10:17:11.194889,428.8,428.6,428.8,6429130.0
2018-01-05 10:17:19.475181,429.4,429.4,429.6,6460130.0
2018-01-05 10:17:21.173898,429.6,429.2,429.6,6474430.0
2018-01-05 10:17:22.774112,429.6,429.2,429.6,6474430.0
2018-01-05 10:17:24.383358,429.6,429.6,429.8,6492730.0
2018-01-05 10:17:26.149100,429.6,429.6,429.8,6501930.0
2018-01-05 10:17:27.722756,429.6,429.6,429.8,6501930.0
2018-01-05 10:17:29.167377,429.4,429.4,429.6,6558130.0
2018-01-05 10:17:30.162825,429.4,429.4,429.6,6558130.0
2018-01-05 10:17:32.311502,429.0,428.8,429.2,6576330.0
2018-01-05 10:17:33.779355,429.2,429.0,429.2,6580230.0
2018-01-05 10:17:35.480765,429.4,429.2,429.4,6592330.0
2018-01-05 10:17:37.213139,429.4,429.2,429.4,6592330.0
2018-01-05 10:17:38.881405,429.4,429.2,429.4,6592330.0
2018-01-05 10:17:40.448346,429.2,429.2,429.4,6597530.0
2018-01-05 10:17:42.355279,429.2,429.2,429.4,6600430.0
2018-01-05 10:17:44.510300,429.4,429.2,429.4,6607030.0
2018-01-05 10:17:46.056344,429.4,429.2,429.4,6611230.0
2018-01-05 10:17:47.323552,429.4,429.2,429.4,6621730.0
2018-01-05 10:17:48.697154,429.2,429.2,429.6,6624230.0
2018-01-05 10:17:50.278592,429.2,429.2,429.6,6624230.0
2018-01-05 10:17:51.653270,429.2,429.2,429.6,6624230.0
2018-01-05 10:17:53.403505,429.2,429.2,429.6,6624230.0
2018-01-05 10:17:55.294984,429.4,429.2,429.4,6629030.0
2018-01-05 10:17:56.729986,429.4,429.2,429.4,6629030.0
2018-01-05 10:17:58.239321,429.4,429.2,429.4,6631530.0
2018-01-05 10:17:59.741046,429.4,429.2,429.4,6640030.0
2018-01-05 10:18:01.421644,429.4,429.2,429.6,6644230.0
2018-01-05 10:18:02.973830,429.4,429.2,429.6,6644230.0
2018-01-05 10:18:04.761955,429.4,429.2,429.6,6644230.0
2018-01-05 10:18:06.301051,429.4,429.4,429.6,6649330.0
2018-01-05 10:18:07.880201,429.4,429.4,429.6,6649330.0
2018-01-05 10:18:09.317667,429.4,429.4,429.6,6653330.0
2018-01-05 10:18:11.066901,429.4,429.4,429.6,6653330.0
2018-01-05 10:18:12.622324,429.6,429.4,429.6,6655030.0
2018-01-05 10:18:14.171865,429.6,429.4,429.6,6655030.0
2018-01-05 10:18:17.542281,429.6,429.4,429.6,6655030.0
2018-01-05 10:18:19.072714,429.6,429.6,429.8,6677330.0
2018-01-05 10:18:20.725441,429.6,429.6,429.8,6677330.0
2018-01-05 10:18:22.395189,429.6,429.6,429.8,6680830.0
2018-01-05 10:18:24.260391,429.6,429.6,429.8,6680830.0
2018-01-05 10:18:26.228910,429.6,429.6,429.8,6683730.0
2018-01-05 10:18:27.569935,429.6,429.6,429.8,6683730.0
2018-01-05 10:18:28.882176,429.6,429.6,429.8,6683730.0
2018-01-05 10:18:30.523740,429.6,429.6,429.8,6683730.0
2018-01-05 10:18:31.789044,429.6,429.6,429.8,6683730.0
2018-01-05 10:18:33.568177,429.6,429.6,429.8,6685030.0
2018-01-05 10:18:35.044038,429.6,429.6,429.8,6685030.0
2018-01-05 10:18:36.397949,429.6,429.6,429.8,6685030.0
2018-01-05 10:18:38.058056,429.6,429.6,429.8,6686430.0
2018-01-05 10:18:39.991531,429.6,429.6,429.8,6686430.0
2018-01-05 10:18:41.549676,429.6,429.6,429.8,6690930.0
2018-01-05 10:18:43.109738,429.6,429.6,429.8,6693930.0
2018-01-05 10:18:45.090001,429.6,429.6,429.8,6693930.0
2018-01-05 10:18:47.240479,429.6,429.6,429.8,6709530.0
2018-01-05 10:18:49.094493,429.6,429.6,429.8,6713230.0
2018-01-05 10:18:50.338570,429.6,429.6,429.8,6713230.0
2018-01-05 10:18:52.588610,429.6,429.6,429.8,6719965.0
2018-01-05 10:18:53.980944,429.6,429.8,430.0,6756665.0
2018-01-05 10:18:56.039594,429.6,429.4,429.8,6761765.0
2018-01-05 10:18:56.972671,429.8,429.4,429.8,6780165.0
2018-01-05 10:18:58.586785,429.8,429.4,429.8,6780165.0
2018-01-05 10:19:00.361145,429.8,429.4,429.8,6780165.0
2018-01-05 10:19:02.316069,429.8,429.8,430.0,6794165.0
2018-01-05 10:19:04.217426,429.8,429.8,430.0,6794165.0
2018-01-05 10:19:05.993305,429.6,429.6,430.0,6801865.0
2018-01-05 10:19:07.687291,429.6,429.6,430.0,6801865.0
2018-01-05 10:19:09.471603,429.8,429.6,429.8,6805065.0
2018-01-05 10:19:11.242273,429.6,429.6,429.8,6806365.0
2018-01-05 10:19:12.872907,429.6,429.6,429.8,6806365.0
2018-01-05 10:19:14.533800,429.6,429.6,429.8,6806365.0
2018-01-05 10:19:16.419269,429.6,429.6,429.8,6806365.0
2018-01-05 10:19:18.528088,428.8,428.4,429.6,6916965.0
2018-01-05 10:19:20.231650,428.2,428.2,428.4,6942060.0
2018-01-05 10:19:22.084721,428.6,428.4,429.2,7041860.0
2018-01-05 10:19:23.871127,428.6,428.4,428.6,7059760.0
2018-01-05 10:19:25.470851,428.8,428.6,428.8,7075560.0
2018-01-05 10:19:26.707119,428.8,428.6,428.8,7075560.0
2018-01-05 10:19:27.893696,429.0,428.8,429.0,7083060.0
2018-01-05 10:19:29.784647,429.0,428.8,429.0,7083060.0
2018-01-05 10:19:31.580351,429.4,429.0,429.4,7092260.0
2018-01-05 10:19:32.938108,429.4,429.0,429.4,7092260.0
2018-01-05 10:19:34.621850,429.4,429.0,429.4,7092260.0
2018-01-05 10:19:36.658597,429.4,429.4,429.6,7112460.0
2018-01-05 10:19:38.255766,429.4,429.4,429.6,7112460.0
2018-01-05 10:19:40.026713,429.4,429.4,429.6,7118960.0
2018-01-05 10:19:41.844855,429.6,429.4,429.6,7126460.0
2018-01-05 10:19:43.580609,429.6,429.6,429.8,7138260.0
2018-01-05 10:19:45.280015,429.6,429.6,429.8,7151860.0
2018-01-05 10:19:46.898835,429.4,429.4,429.6,7157160.0
2018-01-05 10:19:48.831142,429.4,429.4,429.6,7157160.0
2018-01-05 10:19:50.481757,429.4,429.2,429.6,7165660.0
2018-01-05 10:19:52.156147,429.4,429.2,429.6,7165660.0
2018-01-05 10:19:53.717578,429.4,429.2,429.6,7165660.0
2018-01-05 10:19:55.173588,429.2,429.2,429.6,7167260.0
2018-01-05 10:19:56.308974,429.2,429.2,429.6,7167260.0
2018-01-05 10:19:57.756204,429.2,429.2,429.6,7167260.0
2018-01-05 10:19:59.604169,429.2,429.2,429.6,7167260.0
2018-01-05 10:20:01.040113,429.4,429.2,429.4,7169260.0
2018-01-05 10:20:02.575068,429.6,429.6,429.8,7177460.0
2018-01-05 10:20:04.149850,429.6,429.6,429.8,7177460.0
2018-01-05 10:20:06.187806,429.4,429.4,429.6,7189560.0
2018-01-05 10:20:07.591736,429.4,429.4,429.6,7192660.0
2018-01-05 10:20:09.184474,429.4,429.4,429.6,7192660.0
2018-01-05 10:20:10.853712,429.4,429.4,429.6,7192660.0
2018-01-05 10:20:12.453494,429.6,429.4,429.6,7195660.0
2018-01-05 10:20:14.076119,429.8,429.4,429.8,7201760.0
2018-01-05 10:20:15.547389,429.8,429.6,429.8,7204260.0
2018-01-05 10:20:16.956335,429.8,429.6,429.8,7204260.0
2018-01-05 10:20:18.404732,429.8,429.6,429.8,7204260.0
2018-01-05 10:20:19.531131,429.8,429.6,429.8,7204260.0
2018-01-05 10:20:21.040901,429.8,429.6,429.8,7204260.0
2018-01-05 10:20:22.523149,429.6,429.6,429.8,7206960.0
2018-01-05 10:20:24.181309,429.6,429.6,429.8,7206960.0
2018-01-05 10:20:26.021225,429.8,429.6,430.0,7219360.0
2018-01-05 10:20:27.024487,429.6,429.6,430.0,7224960.0
2018-01-05 10:20:28.394520,429.6,429.6,430.0,7224960.0
2018-01-05 10:20:29.779784,429.6,429.6,430.0,7224960.0
2018-01-05 10:20:31.395046,429.6,429.6,430.0,7224960.0
2018-01-05 10:20:32.671473,429.6,429.6,430.0,7224960.0
2018-01-05 10:20:34.257555,429.6,429.6,430.0,7224960.0
2018-01-05 10:20:35.616978,429.8,429.6,430.0,7225860.0
2018-01-05 10:20:36.969968,429.8,429.6,430.0,7225860.0
2018-01-05 10:20:38.679636,429.8,429.6,430.0,7225860.0
2018-01-05 10:20:40.239962,430.0,429.8,430.0,7237160.0
2018-01-05 10:20:41.564799,430.0,429.8,430.0,7239360.0
2018-01-05 10:20:43.144833,430.0,429.8,430.0,7239360.0
2018-01-05 10:20:44.521393,430.0,429.8,430.0,7239360.0
2018-01-05 10:20:45.754371,430.0,429.8,430.0,7239360.0
2018-01-05 10:20:46.715847,430.0,430.0,430.2,7275975.0
2018-01-05 10:20:48.268815,430.0,430.0,430.2,7275975.0
2018-01-05 10:20:49.889791,430.0,430.0,430.2,7275975.0
2018-01-05 10:20:51.193079,430.0,430.0,430.2,7286975.0
2018-01-05 10:20:52.550268,430.0,430.0,430.2,7286975.0
2018-01-05 10:20:54.244360,430.4,430.2,430.4,7306175.0
2018-01-05 10:20:55.808613,430.4,430.2,430.4,7306175.0
2018-01-05 10:20:57.547239,430.4,430.2,430.4,7306175.0
2018-01-05 10:20:59.133413,430.6,430.4,430.6,7309775.0
2018-01-05 10:21:00.649571,430.6,430.4,430.6,7309775.0
2018-01-05 10:21:01.903114,430.6,430.6,430.8,7314675.0
2018-01-05 10:21:03.219499,430.6,430.6,430.8,7314675.0
2018-01-05 10:21:04.745737,430.4,430.4,430.8,7316375.0
2018-01-05 10:21:06.394117,430.4,430.2,430.8,7321575.0
2018-01-05 10:21:07.779532,430.4,430.2,430.8,7321575.0
2018-01-05 10:21:09.445182,430.4,430.2,430.6,7326975.0
2018-01-05 10:21:11.108695,430.4,430.4,430.6,7330175.0
2018-01-05 10:21:12.449275,430.4,430.4,430.6,7330175.0
2018-01-05 10:21:14.086925,430.4,430.4,430.6,7330175.0
2018-01-05 10:21:15.194165,430.2,430.2,430.6,7333177.0
2018-01-05 10:21:16.358399,430.6,430.2,430.6,7334677.0
2018-01-05 10:21:18.230070,430.6,430.2,430.6,7334677.0
2018-01-05 10:21:19.690884,430.6,430.2,430.6,7334677.0
2018-01-05 10:21:20.984064,430.6,430.2,430.6,7334677.0
2018-01-05 10:21:22.372000,430.2,430.2,430.4,7342777.0
2018-01-05 10:21:23.943202,430.2,430.2,430.4,7342777.0
2018-01-05 10:21:25.624587,430.2,430.2,430.4,7342777.0
2018-01-05 10:21:26.947760,430.2,430.2,430.4,7344977.0
2018-01-05 10:21:28.637327,430.2,430.2,430.4,7344977.0
2018-01-05 10:21:29.877294,430.2,430.2,430.4,7344977.0
2018-01-05 10:21:31.174518,430.2,430.2,430.4,7349277.0
2018-01-05 10:21:32.573937,430.2,430.2,430.4,7349277.0
2018-01-05 10:21:33.749656,430.4,430.2,430.4,7350377.0
2018-01-05 10:21:35.505848,430.4,430.2,430.4,7350377.0
2018-01-05 10:21:37.032179,430.4,430.2,430.4,7350377.0
2018-01-05 10:21:38.417369,430.4,430.2,430.4,7350377.0
2018-01-05 10:21:39.754619,430.4,430.2,430.4,7350377.0
2018-01-05 10:21:41.601692,430.4,430.2,430.4,7350377.0
2018-01-05 10:21:43.216326,430.4,430.4,430.6,7363377.0
2018-01-05 10:21:44.560212,430.4,430.4,430.6,7363377.0
2018-01-05 10:21:46.018180,430.4,430.4,430.6,7363377.0
2018-01-05 10:21:48.009182,430.4,430.2,430.4,7367877.0
2018-01-05 10:21:49.134741,430.4,430.2,430.4,7367877.0
2018-01-05 10:21:50.470290,430.4,430.4,430.6,7376977.0
2018-01-05 10:21:51.930284,430.4,430.4,430.6,7376977.0
2018-01-05 10:21:53.641652,430.4,430.4,430.6,7376977.0
2018-01-05 10:21:55.348698,430.4,430.4,430.6,7376977.0
2018-01-05 10:21:56.870499,430.4,430.4,430.6,7376977.0
2018-01-05 10:21:58.131565,430.4,430.4,430.6,7376977.0
2018-01-05 10:21:59.728832,430.2,430.2,430.6,7382947.0
2018-01-05 10:22:01.297673,430.2,430.2,430.6,7382947.0
2018-01-05 10:22:02.986188,430.2,430.2,430.6,7382947.0
2018-01-05 10:22:04.432580,430.2,430.2,430.6,7382947.0
2018-01-05 10:22:05.787668,430.2,430.2,430.6,7382947.0
2018-01-05 10:22:07.282677,430.4,430.2,430.4,7390847.0
2018-01-05 10:22:08.788580,430.4,430.2,430.4,7390847.0
2018-01-05 10:22:10.489020,430.4,430.2,430.4,7390847.0
2018-01-05 10:22:12.269393,430.4,430.2,430.4,7390847.0
2018-01-05 10:22:13.607645,430.2,430.2,430.6,7395647.0
2018-01-05 10:22:14.893770,430.2,430.2,430.6,7395647.0
2018-01-05 10:22:16.296272,430.2,430.2,430.6,7395647.0
2018-01-05 10:22:18.008802,430.4,430.2,430.4,7398247.0
2018-01-05 10:22:19.840077,430.4,430.2,430.4,7398247.0
2018-01-05 10:22:21.460910,430.2,430.2,430.4,7401647.0
2018-01-05 10:22:23.202130,430.2,430.2,430.4,7413747.0
2018-01-05 10:22:24.924930,430.2,430.2,430.4,7413747.0
2018-01-05 10:22:26.719163,430.4,430.4,430.6,7415747.0
2018-01-05 10:22:28.462070,430.2,430.2,430.4,7419947.0
2018-01-05 10:22:30.278852,430.4,430.4,430.6,7421947.0
2018-01-05 10:22:31.260731,430.4,430.4,430.6,7421947.0
2018-01-05 10:22:32.779089,430.4,430.4,430.6,7421947.0
2018-01-05 10:22:34.965298,430.4,430.4,430.6,7421947.0
2018-01-05 10:22:36.811421,430.4,430.4,430.6,7421947.0
2018-01-05 10:22:38.331066,430.4,430.4,430.6,7423747.0
2018-01-05 10:22:40.055953,430.4,430.4,430.6,7423747.0
2018-01-05 10:22:41.593747,430.4,430.4,430.6,7423747.0
2018-01-05 10:22:43.152132,430.4,430.4,430.6,7423747.0
2018-01-05 10:22:44.906301,430.4,430.4,430.6,7423747.0
2018-01-05 10:22:46.068277,430.4,430.4,430.6,7423747.0
2018-01-05 10:22:47.553055,430.4,430.4,430.6,7423747.0
2018-01-05 10:22:50.389385,430.6,430.4,430.6,7427747.0
2018-01-05 10:22:52.258043,430.4,430.4,430.6,7429947.0
2018-01-05 10:22:54.051332,430.4,430.4,430.6,7429947.0
2018-01-05 10:22:55.784577,430.6,430.4,430.6,7432647.0
2018-01-05 10:22:57.997575,430.6,430.4,430.6,7432647.0
2018-01-05 10:22:59.988296,430.6,430.4,430.6,7432647.0
2018-01-05 10:23:01.717592,430.6,430.4,430.6,7434347.0
2018-01-05 10:23:03.745137,430.6,430.4,430.6,7434347.0
2018-01-05 10:23:05.115088,430.4,430.4,430.6,7440747.0
2018-01-05 10:23:06.966624,430.4,430.4,430.6,7440747.0
2018-01-05 10:23:08.241425,430.4,430.4,430.6,7440747.0
2018-01-05 10:23:09.592094,430.4,430.4,430.6,7440747.0
2018-01-05 10:23:11.213905,430.4,430.4,430.6,7440747.0
2018-01-05 10:23:14.094200,430.4,430.4,430.6,7450347.0
2018-01-05 10:23:15.938042,430.4,430.4,430.6,7450347.0
2018-01-05 10:23:17.464494,430.4,430.2,430.4,7453247.0
2018-01-05 10:23:18.825912,430.4,430.2,430.4,7456547.0
2018-01-05 10:23:20.879981,430.4,430.2,430.4,7456547.0
2018-01-05 10:23:22.659423,430.4,430.2,430.4,7456547.0
2018-01-05 10:23:24.468367,430.4,430.4,430.6,7458247.0
2018-01-05 10:23:26.260730,430.4,430.4,430.6,7458247.0
2018-01-05 10:23:28.125940,430.4,430.4,430.6,7458247.0
2018-01-05 10:23:29.593155,430.2,430.2,430.6,7461147.0
2018-01-05 10:23:31.115204,430.2,430.2,430.6,7461147.0
2018-01-05 10:23:32.609885,430.2,430.2,430.6,7461147.0
2018-01-05 10:24:35.983508,430.0,429.8,430.2,7509747.0
2018-01-05 10:24:37.928844,429.4,429.4,429.6,7539508.0
2018-01-05 10:24:39.838486,429.4,429.4,429.6,7539508.0
2018-01-05 10:24:41.740505,429.4,429.4,429.6,7539508.0
2018-01-05 10:24:43.589047,429.4,429.4,429.6,7539508.0
2018-01-05 10:24:45.628243,429.6,429.4,429.6,7541818.0
2018-01-05 10:24:47.237327,429.6,429.4,429.6,7541818.0
2018-01-05 10:24:48.751253,429.6,429.4,429.6,7541818.0
2018-01-05 10:24:50.459975,429.6,429.4,429.6,7541818.0
2018-01-05 10:24:52.213152,429.6,429.4,429.6,7543518.0
2018-01-05 10:24:53.794947,429.6,429.4,429.6,7543518.0
2018-01-05 10:24:55.018279,429.6,429.4,429.6,7543518.0
2018-01-05 10:24:56.771608,429.6,429.4,429.6,7543518.0
2018-01-05 10:24:58.357151,429.6,429.4,429.6,7543518.0
2018-01-05 10:24:59.836681,429.6,429.4,429.6,7543518.0
2018-01-05 10:25:01.369196,429.6,429.4,429.6,7543518.0
2018-01-05 10:25:02.508380,429.6,429.4,429.6,7543518.0
2018-01-05 10:25:03.828567,429.4,429.4,429.6,7546848.0
2018-01-05 10:25:05.313006,429.4,429.4,429.6,7546848.0
2018-01-05 10:25:06.865019,429.4,429.4,429.6,7546848.0
2018-01-05 10:25:08.480579,429.4,429.4,429.6,7550848.0
2018-01-05 10:25:10.052752,429.4,429.4,429.6,7550848.0
2018-01-05 10:25:11.651491,429.4,429.4,429.6,7554048.0
2018-01-05 10:25:13.935749,429.4,429.4,429.6,7554048.0
2018-01-05 10:25:15.467011,429.4,429.4,429.6,7555548.0
2018-01-05 10:25:17.010811,429.4,429.4,429.6,7555548.0
2018-01-05 10:25:18.842756,429.4,429.4,429.6,7555548.0
2018-01-05 10:25:20.247138,429.4,429.4,429.6,7555548.0
2018-01-05 10:25:21.577782,429.6,429.4,429.6,7569248.0
2018-01-05 10:25:22.974488,429.8,429.4,430.0,7575448.0
2018-01-05 10:25:24.694587,429.8,429.4,430.0,7575448.0
2018-01-05 10:25:25.891241,429.6,429.6,430.0,7580048.0
2018-01-05 10:25:27.540416,429.6,429.6,430.0,7580048.0
2018-01-05 10:25:28.982669,429.6,429.6,430.0,7580048.0
2018-01-05 10:25:30.361927,429.6,429.6,429.8,7584748.0
2018-01-05 10:25:31.793927,429.6,429.6,429.8,7590848.0
2018-01-05 10:25:33.097002,429.6,429.6,429.8,7590848.0
2018-01-05 10:25:34.629301,429.6,429.6,429.8,7590848.0
2018-01-05 10:25:36.197121,429.6,429.6,429.8,7590848.0
2018-01-05 10:25:37.654836,429.8,429.6,429.8,7593948.0
2018-01-05 10:25:38.976633,429.8,429.6,429.8,7593948.0
2018-01-05 10:25:40.558968,429.8,429.6,429.8,7593948.0
2018-01-05 10:25:41.793156,429.8,429.6,429.8,7593948.0
2018-01-05 10:25:43.465226,429.8,429.6,429.8,7593948.0
2018-01-05 10:25:45.318412,429.8,429.6,429.8,7593948.0
2018-01-05 10:25:47.031732,429.6,429.6,429.8,7594948.0
2018-01-05 10:25:48.632799,429.6,429.6,429.8,7594948.0
2018-01-05 10:25:49.900341,429.6,429.6,429.8,7597148.0
2018-01-05 10:25:51.338039,429.6,429.6,429.8,7597148.0
2018-01-05 10:25:52.611400,429.6,429.6,429.8,7597148.0
2018-01-05 10:25:54.148535,429.6,429.6,429.8,7597148.0
2018-01-05 10:25:55.866683,429.6,429.6,429.8,7597148.0
2018-01-05 10:25:57.411199,429.8,429.8,430.0,7605548.0
2018-01-05 10:25:58.874505,429.8,429.8,430.0,7605548.0
2018-01-05 10:26:00.509753,429.8,429.8,430.0,7605548.0
2018-01-05 10:26:02.093600,429.8,429.8,430.0,7605548.0
2018-01-05 10:26:03.896022,429.8,429.8,430.0,7605548.0
2018-01-05 10:26:05.655759,429.8,429.8,430.0,7605548.0
2018-01-05 10:26:07.063485,429.8,429.8,430.0,7605548.0
2018-01-05 10:26:08.572122,429.8,429.8,430.0,7605548.0
2018-01-05 10:26:10.524638,429.8,429.6,430.0,7610648.0
2018-01-05 10:26:11.840184,429.8,429.6,430.0,7611348.0
2018-01-05 10:26:13.345596,429.8,429.6,430.0,7611348.0
2018-01-05 10:26:14.462803,429.8,429.6,430.0,7611348.0
2018-01-05 10:26:16.032143,429.8,429.8,430.0,7623148.0
2018-01-05 10:26:17.710735,429.8,429.8,430.0,7624548.0
2018-01-05 10:26:18.844414,429.8,429.8,430.0,7624548.0
2018-01-05 10:26:20.125184,429.8,429.8,430.0,7624548.0
2018-01-05 10:26:21.833039,429.8,429.8,430.0,7624548.0
2018-01-05 10:26:23.171735,429.8,429.8,430.0,7624548.0
2018-01-05 10:26:24.425449,429.8,429.8,430.0,7625948.0
2018-01-05 10:26:25.957552,429.8,429.8,430.0,7625948.0
2018-01-05 10:26:27.538633,429.8,429.8,430.0,7625948.0
2018-01-05 10:26:29.094824,430.0,429.6,430.0,7639983.0
2018-01-05 10:26:30.429125,430.0,429.6,430.0,7639983.0
2018-01-05 10:26:31.993918,430.0,429.6,430.0,7639983.0
2018-01-05 10:26:33.655823,430.0,429.6,430.0,7639983.0
2018-01-05 10:26:35.097366,430.0,429.6,430.0,7639983.0
2018-01-05 10:26:36.575537,429.8,429.8,430.0,7641903.0
2018-01-05 10:26:38.195958,429.8,429.8,430.0,7641903.0
2018-01-05 10:26:39.887733,429.8,429.8,430.0,7641903.0
2018-01-05 10:26:41.561507,429.8,429.8,430.0,7641903.0
2018-01-05 10:26:43.354757,429.8,429.8,430.0,7641903.0
2018-01-05 10:26:44.997141,429.8,429.8,430.0,7641903.0
2018-01-05 10:26:46.283170,429.8,429.8,430.0,7641903.0
2018-01-05 10:26:47.882992,429.8,429.8,430.0,7641903.0
2018-01-05 10:26:49.504165,429.6,429.6,429.8,7642803.0
2018-01-05 10:26:51.220960,429.6,429.6,429.8,7642803.0
2018-01-05 10:26:52.677059,429.6,429.6,429.8,7642803.0
2018-01-05 10:26:54.003387,429.6,429.6,429.8,7642803.0
2018-01-05 10:26:55.437173,429.6,429.6,429.8,7642803.0
2018-01-05 10:26:57.104715,429.6,429.6,429.8,7642803.0
2018-01-05 10:26:58.765005,429.6,429.6,429.8,7642803.0
2018-01-05 10:27:00.663896,429.6,429.6,429.8,7642803.0
2018-01-05 10:27:02.456406,429.8,429.6,429.8,7643903.0
2018-01-05 10:27:04.098307,429.8,429.6,429.8,7643903.0
2018-01-05 10:27:05.944675,429.8,429.6,429.8,7654103.0
2018-01-05 10:27:07.822902,429.8,429.6,430.0,7662203.0
2018-01-05 10:27:09.702622,429.8,429.6,430.0,7662203.0
2018-01-05 10:27:11.524501,429.8,429.6,430.0,7662203.0
2018-01-05 10:27:15.182479,429.8,429.8,430.0,7664203.0
2018-01-05 10:27:16.822436,429.8,429.8,430.0,7666703.0
2018-01-05 10:27:18.538549,429.8,429.6,429.8,7670603.0
2018-01-05 10:27:19.796716,429.8,429.6,430.0,7672803.0
2018-01-05 10:27:21.284928,429.8,429.6,430.0,7672803.0
2018-01-05 10:27:23.301180,429.8,429.6,430.0,7672803.0
2018-01-05 10:27:24.933450,429.8,429.6,430.0,7672803.0
2018-01-05 10:27:26.831512,429.8,429.6,430.0,7672803.0
2018-01-05 10:27:28.489001,429.8,429.6,430.0,7672803.0
2018-01-05 10:27:29.593001,429.8,429.8,430.0,7675003.0
2018-01-05 10:27:31.339739,429.8,429.8,430.0,7675003.0
2018-01-05 10:27:33.050259,429.8,429.8,430.0,7675003.0
2018-01-05 10:27:34.911087,429.8,429.8,430.0,7679503.0
2018-01-05 10:27:36.669687,429.8,429.8,430.0,7679503.0
2018-01-05 10:27:37.770211,429.8,429.8,430.0,7679503.0
2018-01-05 10:27:39.410696,429.8,429.8,430.0,7681403.0
2018-01-05 10:27:40.587865,429.8,429.8,430.0,7681403.0
2018-01-05 10:27:42.188142,429.8,429.8,430.0,7681403.0
2018-01-05 10:27:43.745818,429.8,429.8,430.0,7681403.0
2018-01-05 10:27:44.863678,429.8,429.8,430.0,7681403.0
2018-01-05 10:27:46.197825,429.8,429.8,430.0,7681403.0
