time,price,bid,ask,volume
2018-01-08 13:45:54.019715,436.2,436.0,436.2,10767996.0
2018-01-08 13:45:56.038663,436.2,436.0,436.2,10767996.0
2018-01-08 13:45:57.668719,436.2,436.0,436.2,10767996.0
2018-01-08 13:46:01.992018,436.2,436.0,436.2,10767996.0
2018-01-08 13:46:07.596743,436.2,436.0,436.2,10767996.0
2018-01-08 13:46:09.233121,436.4,436.2,436.4,10771796.0
2018-01-08 13:46:11.185964,436.4,436.2,436.4,10771796.0
2018-01-08 13:46:13.345558,436.4,436.2,436.4,10771796.0
2018-01-08 13:46:15.294897,436.4,436.2,436.4,10771796.0
2018-01-08 13:46:16.722548,436.4,436.2,436.4,10771796.0
2018-01-08 13:46:18.158287,436.4,436.2,436.4,10771796.0
2018-01-08 13:46:20.109128,436.4,436.2,436.4,10771796.0
2018-01-08 13:46:21.929207,436.4,436.2,436.4,10771796.0
2018-01-08 13:46:23.852943,436.4,436.2,436.4,10771796.0
2018-01-08 13:46:26.019408,436.4,436.2,436.4,10771796.0
2018-01-08 13:46:27.892466,436.4,436.2,436.4,10771796.0
2018-01-08 13:46:29.760262,436.4,436.2,436.4,10771796.0
2018-01-08 13:46:31.841242,436.4,436.2,436.4,10771796.0
2018-01-08 13:46:33.352683,436.4,436.2,436.4,10771796.0
2018-01-08 13:46:35.533445,436.4,436.2,436.4,10771796.0
2018-01-08 13:46:37.411252,436.4,436.2,436.4,10771796.0
2018-01-08 13:46:39.685415,436.4,436.2,436.4,10771796.0
2018-01-08 13:46:41.718476,436.4,436.2,436.4,10771796.0
2018-01-08 13:46:42.853548,436.4,436.2,436.4,10771796.0
2018-01-08 13:46:44.693186,436.4,436.2,436.4,10771796.0
2018-01-08 13:46:46.692636,436.2,436.2,436.4,10775096.0
2018-01-08 13:46:48.500722,436.2,436.2,436.4,10775096.0
2018-01-08 13:46:50.316832,436.2,436.2,436.4,10775096.0
2018-01-08 13:46:52.098619,436.2,436.2,436.4,10775096.0
2018-01-08 13:46:59.579805,436.2,436.2,436.4,10775096.0
2018-01-08 13:47:01.378498,436.2,436.2,436.4,10775096.0
2018-01-08 13:47:03.337769,436.2,436.2,436.4,10775096.0
2018-01-08 13:47:05.213599,436.2,436.2,436.4,10775096.0
2018-01-08 13:47:06.922705,436.2,436.2,436.4,10775096.0
2018-01-08 13:47:08.972046,436.2,436.2,436.4,10775096.0
2018-01-08 13:47:10.928997,436.2,436.2,436.4,10775096.0
2018-01-08 13:47:13.057573,436.2,436.2,436.4,10775096.0
2018-01-08 13:47:14.814146,436.2,436.2,436.4,10775096.0
2018-01-08 13:47:18.428571,436.2,436.2,436.4,10775096.0
2018-01-08 13:47:20.523970,436.2,436.2,436.4,10775096.0
2018-01-08 13:47:22.488789,436.2,436.2,436.4,10775096.0
2018-01-08 13:47:24.368643,436.2,436.2,436.4,10775096.0
2018-01-08 13:47:26.070662,436.4,436.2,436.4,10777696.0
2018-01-08 13:47:27.728490,436.4,436.2,436.4,10777696.0
2018-01-08 13:47:29.621682,436.4,436.2,436.4,10777696.0
2018-01-08 13:47:31.610132,436.4,436.2,436.4,10777696.0
2018-01-08 13:47:33.514513,436.4,436.2,436.4,10777696.0
2018-01-08 13:47:35.524368,436.4,436.2,436.4,10777696.0
2018-01-08 13:47:37.882310,436.4,436.2,436.4,10777696.0
2018-01-08 13:47:39.766080,436.4,436.2,436.4,10777696.0
2018-01-08 13:47:41.514194,436.4,436.2,436.4,10777696.0
2018-01-08 13:47:43.731767,436.4,436.2,436.4,10777696.0
2018-01-08 13:47:45.807844,436.4,436.2,436.4,10777696.0
2018-01-08 13:47:47.470422,436.4,436.2,436.4,10777696.0
2018-01-08 13:47:49.341938,436.4,436.2,436.4,10777696.0
2018-01-08 13:47:51.231064,436.4,436.2,436.4,10777696.0
2018-01-08 13:47:53.080954,436.4,436.2,436.4,10777696.0
2018-01-08 13:47:55.348275,436.4,436.2,436.4,10777696.0
2018-01-08 13:47:56.644115,436.4,436.2,436.4,10777696.0
2018-01-08 13:47:58.412847,436.4,436.2,436.4,10777696.0
2018-01-08 13:48:00.072410,436.4,436.2,436.4,10777696.0
2018-01-08 13:48:02.078455,436.4,436.2,436.4,10777696.0
2018-01-08 13:48:04.256981,436.4,436.2,436.4,10777696.0
2018-01-08 13:48:07.154864,436.4,436.2,436.4,10781496.0
2018-01-08 13:48:08.662034,436.4,436.2,436.4,10781496.0
2018-01-08 13:48:10.552380,436.4,436.2,436.4,10781496.0
2018-01-08 13:48:13.888556,436.4,436.2,436.4,10781496.0
2018-01-08 13:48:15.576476,436.4,436.2,436.4,10781496.0
2018-01-08 13:48:16.979043,436.4,436.2,436.4,10781496.0
2018-01-08 13:48:19.024578,436.4,436.2,436.4,10781496.0
2018-01-08 13:48:21.083826,436.4,436.2,436.4,10781496.0
2018-01-08 13:48:23.104854,436.4,436.2,436.4,10781496.0
2018-01-08 13:48:25.424564,436.2,436.2,436.4,10785496.0
2018-01-08 13:48:27.189138,436.2,436.2,436.4,10785496.0
2018-01-08 13:48:29.064385,436.2,436.2,436.4,10785496.0
2018-01-08 13:48:30.719607,436.2,436.2,436.4,10785496.0
2018-01-08 13:48:32.699130,436.2,436.2,436.4,10785496.0
2018-01-08 13:48:34.715182,436.2,436.0,436.2,10792196.0
2018-01-08 13:48:36.687154,436.2,436.0,436.2,10792196.0
2018-01-08 13:48:38.528186,436.2,436.0,436.2,10792196.0
2018-01-08 13:48:40.259809,436.2,436.0,436.2,10792196.0
2018-01-08 13:48:42.413215,436.2,436.0,436.2,10792196.0
2018-01-08 13:48:44.503184,436.2,436.0,436.2,10792196.0
2018-01-08 13:48:45.980520,436.2,436.0,436.2,10795996.0
2018-01-08 13:48:47.857391,436.2,436.0,436.2,10795996.0
2018-01-08 13:48:49.989020,436.2,436.0,436.2,10795996.0
2018-01-08 13:48:51.928780,436.2,436.0,436.2,10795996.0
2018-01-08 13:48:54.058785,436.2,436.0,436.2,10795996.0
2018-01-08 13:48:55.709131,436.2,436.0,436.2,10795996.0
2018-01-08 13:48:57.443542,436.2,436.0,436.2,10795996.0
2018-01-08 13:48:58.986521,436.2,436.0,436.2,10795996.0
2018-01-08 13:49:00.678090,436.2,436.0,436.2,10795996.0
2018-01-08 13:49:02.157518,436.2,436.0,436.2,10798696.0
2018-01-08 13:49:03.735207,436.2,436.0,436.2,10798696.0
2018-01-08 13:49:05.692864,436.2,436.0,436.2,10798696.0
2018-01-08 13:49:07.414354,436.0,435.8,436.2,10818996.0
2018-01-08 13:49:09.286915,436.0,435.8,436.2,10818996.0
2018-01-08 13:49:12.920372,436.0,435.8,436.2,10818996.0
2018-01-08 13:49:14.705338,436.0,435.8,436.2,10818996.0
2018-01-08 13:49:19.582038,436.2,436.0,436.2,10827096.0
2018-01-08 13:49:21.367062,436.2,436.0,436.2,10827096.0
2018-01-08 13:49:23.353565,436.2,436.0,436.2,10827096.0
2018-01-08 13:49:25.291989,436.2,436.0,436.2,10827096.0
2018-01-08 13:49:27.658920,436.2,436.0,436.2,10827096.0
2018-01-08 13:49:29.150419,436.2,436.0,436.2,10827096.0
2018-01-08 13:49:30.887705,436.2,436.0,436.2,10827096.0
2018-01-08 13:49:32.615916,436.2,436.0,436.2,10827096.0
2018-01-08 13:49:34.182913,436.2,436.0,436.2,10827096.0
2018-01-08 13:49:35.998663,436.2,436.0,436.2,10827096.0
2018-01-08 13:49:37.622984,436.2,436.0,436.2,10827096.0
2018-01-08 13:49:39.619813,436.2,436.0,436.2,10827096.0
2018-01-08 13:49:41.570414,436.2,436.0,436.2,10827096.0
2018-01-08 13:49:43.516557,436.2,436.0,436.2,10827096.0
2018-01-08 13:49:45.673148,436.2,436.0,436.2,10827096.0
2018-01-08 13:49:47.628292,436.2,436.0,436.2,10827096.0
2018-01-08 13:49:49.923152,436.2,436.0,436.2,10827096.0
2018-01-08 13:49:52.008723,436.2,436.0,436.2,10827096.0
2018-01-08 13:49:53.473664,436.2,436.0,436.2,10827096.0
2018-01-08 13:49:55.566310,436.2,436.0,436.2,10828996.0
2018-01-08 13:49:57.496126,436.2,436.0,436.2,10828996.0
2018-01-08 13:49:59.029579,436.2,436.0,436.2,10828996.0
2018-01-08 13:50:00.995169,436.2,436.0,436.2,10828996.0
2018-01-08 13:50:03.039521,436.2,436.0,436.2,10828996.0
2018-01-08 13:50:05.037488,436.2,436.0,436.2,10828996.0
2018-01-08 13:50:06.847870,436.0,435.8,436.2,10838096.0
2018-01-08 13:51:15.731077,,,,
2018-01-08 13:51:18.074467,435.8,435.8,436.0,10874596.0
2018-01-08 13:51:20.049636,435.8,435.8,436.0,10874596.0
2018-01-08 13:51:22.000375,435.8,435.8,436.0,10874596.0
2018-01-08 13:51:23.935088,435.8,435.8,436.0,10876796.0
2018-01-08 13:51:25.780339,435.8,435.8,436.0,10876796.0
2018-01-08 13:51:28.053417,435.8,435.8,436.0,10876796.0
2018-01-08 13:51:30.115330,435.8,435.8,436.0,10876796.0
2018-01-08 13:51:32.098468,435.8,435.8,436.0,10876796.0
2018-01-08 13:51:34.196061,435.8,435.8,436.0,10876796.0
2018-01-08 13:51:36.111315,435.8,435.8,436.0,10876796.0
2018-01-08 13:51:38.260875,435.8,435.8,436.0,10876796.0
2018-01-08 13:51:40.253574,435.8,435.8,436.0,10876796.0
2018-01-08 13:51:41.672833,435.8,435.8,436.0,10876796.0
2018-01-08 13:51:43.473070,435.8,435.8,436.0,10876796.0
2018-01-08 13:51:44.958406,435.8,435.8,436.0,10876796.0
2018-01-08 13:51:46.539344,435.8,435.8,436.0,10876796.0
2018-01-08 13:51:48.492546,435.8,435.8,436.0,10876796.0
2018-01-08 13:51:50.356609,435.8,435.8,436.0,10876796.0
2018-01-08 13:51:51.977275,435.8,435.8,436.0,10880096.0
2018-01-08 13:51:54.100507,435.8,435.8,436.0,10880096.0
2018-01-08 13:51:56.165547,435.8,435.8,436.0,10880096.0
2018-01-08 13:51:58.065526,435.8,435.8,436.0,10880096.0
2018-01-08 13:52:02.896862,435.8,435.8,436.0,10880096.0
2018-01-08 13:52:11.630069,435.8,435.8,436.0,10880096.0
2018-01-08 13:52:15.577439,435.8,435.6,435.8,10885196.0
2018-01-08 13:52:17.266225,435.8,435.6,435.8,10885196.0
2018-01-08 13:52:19.259510,435.8,435.6,435.8,10885196.0
2018-01-08 13:52:21.629032,435.8,435.6,435.8,10885196.0
2018-01-08 13:52:23.707051,435.8,435.6,435.8,10885196.0
2018-01-08 13:52:25.723933,435.8,435.6,435.8,10885196.0
2018-01-08 13:52:27.653823,435.8,435.6,435.8,10885196.0
2018-01-08 13:52:29.802776,435.8,435.6,435.8,10885196.0
2018-01-08 13:52:31.697093,435.8,435.6,435.8,10885196.0
2018-01-08 13:52:33.709600,435.8,435.6,435.8,10885196.0
2018-01-08 13:52:35.293553,435.8,435.6,435.8,10885196.0
2018-01-08 13:52:36.733849,435.8,435.6,435.8,10885196.0
2018-01-08 13:52:38.668026,435.8,435.6,435.8,10885196.0
2018-01-08 13:52:40.957700,435.8,435.8,436.0,10889096.0
2018-01-08 13:52:42.949973,435.8,435.8,436.0,10889096.0
2018-01-08 13:52:45.141394,435.8,435.8,436.0,10889096.0
2018-01-08 13:52:46.831409,435.8,435.8,436.0,10889096.0
2018-01-08 13:52:48.925736,435.8,435.8,436.0,10889096.0
2018-01-08 13:52:50.628838,435.8,435.8,436.0,10889096.0
2018-01-08 13:52:52.189220,435.8,435.8,436.0,10889096.0
2018-01-08 13:52:54.400043,435.8,435.8,436.0,10889096.0
2018-01-08 13:52:56.464664,435.8,435.8,436.0,10889096.0
2018-01-08 13:52:58.686898,435.8,435.8,436.0,10889096.0
2018-01-08 13:53:00.485443,435.8,435.8,436.0,10889096.0
2018-01-08 13:53:02.367842,435.8,435.8,436.0,10889096.0
2018-01-08 13:53:05.468628,435.8,435.8,436.0,10889096.0
2018-01-08 13:53:07.636130,435.8,435.8,436.0,10889096.0
2018-01-08 13:53:09.783348,435.8,435.8,436.0,10889096.0
2018-01-08 13:53:11.227562,436.0,435.8,436.0,10891696.0
2018-01-08 13:53:13.182481,436.0,435.8,436.0,10891696.0
2018-01-08 13:53:15.421191,436.0,435.8,436.0,10891696.0
2018-01-08 13:53:17.348265,436.0,435.8,436.0,10891696.0
2018-01-08 13:53:19.123168,436.0,435.8,436.0,10891696.0
2018-01-08 13:53:21.078823,436.0,435.8,436.0,10891696.0
2018-01-08 13:53:22.920986,436.0,435.8,436.0,10891696.0
2018-01-08 13:53:24.642950,436.0,435.8,436.0,10891696.0
2018-01-08 13:53:26.475051,436.0,435.8,436.0,10891696.0
2018-01-08 13:53:28.513335,436.0,435.8,436.0,10891696.0
2018-01-08 13:53:30.347562,436.0,435.8,436.0,10891696.0
2018-01-08 13:53:32.279530,436.0,435.8,436.0,10891696.0
2018-01-08 13:53:34.186904,436.0,435.8,436.0,10891696.0
2018-01-08 13:53:36.186396,436.0,435.8,436.0,10891696.0
2018-01-08 13:53:37.598905,436.0,435.8,436.0,10891696.0
2018-01-08 13:53:39.619345,436.0,435.8,436.0,10891696.0
2018-01-08 13:53:41.628875,436.0,435.8,436.0,10891696.0
2018-01-08 13:53:43.696079,436.0,435.8,436.0,10891696.0
2018-01-08 13:53:45.728764,435.8,435.6,435.8,10903196.0
2018-01-08 13:53:47.750732,435.8,435.6,435.8,10903196.0
2018-01-08 13:53:49.757133,435.8,435.6,435.8,10903196.0
2018-01-08 13:53:51.846960,435.8,435.6,435.8,10905996.0
2018-01-08 13:53:53.500545,435.8,435.6,435.8,10905996.0
2018-01-08 13:53:55.361088,435.8,435.6,435.8,10905996.0
2018-01-08 13:53:58.531348,435.8,435.6,435.8,10905996.0
2018-01-08 13:54:00.643360,435.8,435.6,435.8,10905996.0
2018-01-08 13:54:02.601344,435.8,435.6,435.8,10905996.0
2018-01-08 13:54:04.452037,435.8,435.6,435.8,10905996.0
2018-01-08 13:54:05.929372,435.8,435.6,435.8,10905996.0
2018-01-08 13:54:07.323429,435.8,435.6,435.8,10905996.0
2018-01-08 13:54:08.716232,435.8,435.6,435.8,10905996.0
2018-01-08 13:54:10.160100,435.8,435.6,435.8,10905996.0
2018-01-08 13:54:12.184085,435.8,435.6,435.8,10905996.0
2018-01-08 13:54:14.095067,435.8,435.8,436.0,10908196.0
2018-01-08 13:54:16.193759,435.8,435.8,436.0,10908196.0
2018-01-08 13:54:18.456367,435.8,435.8,436.0,10908196.0
2018-01-08 13:54:20.517417,435.8,435.8,436.0,10908196.0
2018-01-08 13:54:21.998902,435.8,435.8,436.0,10908196.0
2018-01-08 13:54:24.093511,435.8,435.8,436.0,10908196.0
2018-01-08 13:54:26.203065,435.8,435.8,436.0,10908196.0
2018-01-08 13:54:27.925872,435.8,435.8,436.0,10908196.0
2018-01-08 13:54:30.034689,435.8,435.8,436.0,10908196.0
2018-01-08 13:54:31.976144,435.8,435.8,436.0,10908196.0
2018-01-08 13:54:33.704748,435.8,435.8,436.0,10908196.0
2018-01-08 13:54:35.529515,435.8,435.8,436.0,10908196.0
2018-01-08 13:54:37.534548,435.8,435.8,436.0,10908196.0
2018-01-08 13:54:39.636415,435.8,435.8,436.0,10908196.0
2018-01-08 13:54:41.781783,435.8,435.8,436.0,10908196.0
2018-01-08 13:54:43.230497,435.8,435.8,436.0,10908196.0
2018-01-08 13:54:44.988639,435.8,435.8,436.0,10908196.0
2018-01-08 13:54:47.276712,435.8,435.8,436.0,10910096.0
2018-01-08 13:54:49.329021,435.8,435.8,436.0,10910096.0
2018-01-08 13:54:51.441281,435.8,435.8,436.0,10910096.0
2018-01-08 13:54:53.389598,435.8,435.8,436.0,10910096.0
2018-01-08 13:54:54.877475,435.8,435.8,436.0,10910096.0
2018-01-08 13:54:56.787978,435.8,435.8,436.0,10910096.0
2018-01-08 13:54:58.470965,435.8,435.8,436.0,10910096.0
2018-01-08 13:55:00.413902,435.8,435.8,436.0,10910096.0
2018-01-08 13:55:02.107508,435.8,435.8,436.0,10910096.0
2018-01-08 13:55:04.223071,435.8,435.8,436.0,10910096.0
2018-01-08 13:55:07.153187,435.8,435.8,436.0,10910096.0
2018-01-08 13:55:10.469005,435.8,435.8,436.0,10910096.0
2018-01-08 13:55:12.311669,435.8,435.8,436.0,10910096.0
2018-01-08 13:55:14.239887,435.8,435.8,436.0,10910096.0
2018-01-08 13:55:15.605610,435.8,435.8,436.0,10910096.0
2018-01-08 13:55:17.598643,435.8,435.8,436.0,10910096.0
2018-01-08 13:55:19.642971,436.0,435.8,436.0,10912496.0
2018-01-08 13:55:21.696656,436.0,435.8,436.0,10912496.0
2018-01-08 13:55:23.684801,436.0,435.8,436.0,10912496.0
2018-01-08 13:55:25.287556,436.0,435.8,436.0,10912496.0
2018-01-08 13:55:27.250313,436.0,435.8,436.0,10912496.0
2018-01-08 13:55:28.940689,436.0,435.8,436.0,10912496.0
2018-01-08 13:55:31.007915,436.0,435.8,436.0,10912496.0
2018-01-08 13:55:33.137170,436.0,435.8,436.0,10912496.0
2018-01-08 13:55:35.047005,436.0,435.8,436.0,10912496.0
2018-01-08 13:55:36.935976,436.0,435.8,436.0,10912496.0
2018-01-08 13:55:39.169390,436.0,435.8,436.0,10912496.0
2018-01-08 13:55:41.156664,436.0,435.8,436.0,10912496.0
2018-01-08 13:55:42.974224,436.0,435.8,436.0,10912496.0
2018-01-08 13:55:44.389628,436.0,435.8,436.0,10912496.0
2018-01-08 13:55:46.414641,436.0,435.8,436.0,10912496.0
2018-01-08 13:55:48.422232,436.0,435.8,436.0,10912496.0
2018-01-08 13:55:50.452709,436.0,435.8,436.0,10912496.0
2018-01-08 13:55:52.392365,436.0,435.8,436.0,10912496.0
2018-01-08 13:55:54.516814,436.0,435.8,436.0,10912496.0
2018-01-08 13:55:56.456748,436.0,435.8,436.0,10912496.0
2018-01-08 13:55:58.447890,436.0,435.8,436.0,10912496.0
2018-01-08 13:55:59.911419,436.0,435.8,436.0,10912496.0
2018-01-08 13:56:01.891867,436.0,435.8,436.0,10912496.0
2018-01-08 13:56:03.871335,436.0,435.8,436.0,10912496.0
2018-01-08 13:56:07.078588,436.0,435.8,436.0,10912496.0
2018-01-08 13:56:09.040095,435.8,435.8,436.0,10913996.0
2018-01-08 13:56:10.984618,435.8,435.8,436.0,10913996.0
2018-01-08 13:56:12.543944,435.8,435.8,436.0,10913996.0
2018-01-08 13:56:15.330967,435.8,435.8,436.0,10913996.0
2018-01-08 13:56:17.228677,435.8,435.8,436.0,10913996.0
2018-01-08 13:56:19.259599,435.8,435.8,436.0,10913996.0
2018-01-08 13:56:21.028263,435.8,435.8,436.0,10913996.0
2018-01-08 13:56:22.973074,435.8,435.8,436.0,10913996.0
2018-01-08 13:56:24.974911,435.8,435.8,436.0,10913996.0
2018-01-08 13:56:26.897047,435.8,435.8,436.0,10913996.0
2018-01-08 13:56:28.765329,435.8,435.8,436.0,10913996.0
2018-01-08 13:56:30.149986,435.8,435.8,436.0,10913996.0
2018-01-08 13:56:32.020315,435.8,435.8,436.0,10913996.0
2018-01-08 13:56:34.043751,435.8,435.8,436.0,10913996.0
2018-01-08 13:56:35.758666,435.8,435.8,436.0,10918796.0
2018-01-08 13:56:39.251313,435.8,435.8,436.0,10918796.0
2018-01-08 13:56:41.478520,435.8,435.8,436.0,10918796.0
2018-01-08 13:56:43.303812,435.8,435.8,436.0,10918796.0
2018-01-08 13:56:45.372098,435.8,435.8,436.0,10918796.0
2018-01-08 13:56:47.470522,435.8,435.8,436.0,10918796.0
2018-01-08 13:56:49.404689,435.8,435.8,436.0,10918796.0
2018-01-08 13:56:51.930382,435.8,435.8,436.0,10918796.0
2018-01-08 13:56:53.537506,436.0,435.8,436.0,10927796.0
2018-01-08 13:56:55.646138,436.0,435.8,436.0,10927796.0
2018-01-08 13:56:57.577030,436.0,435.8,436.0,10927796.0
2018-01-08 13:56:59.057167,436.0,435.8,436.0,10927796.0
2018-01-08 13:57:01.091739,436.0,435.8,436.0,10927796.0
2018-01-08 13:57:07.133337,436.0,435.8,436.0,10927796.0
2018-01-08 13:57:07.359907,,,,
2018-01-08 13:57:10.095966,436.0,435.8,436.0,10927796.0
2018-01-08 13:57:12.019123,436.0,435.8,436.0,10927796.0
2018-01-08 13:57:13.315269,436.0,435.8,436.0,10927796.0
2018-01-08 13:57:15.318461,436.0,435.8,436.0,10927796.0
2018-01-08 13:57:17.502109,436.0,435.8,436.0,10927796.0
2018-01-08 13:57:19.141013,436.0,435.8,436.0,10927796.0
2018-01-08 13:57:21.628450,436.0,435.8,436.0,10927796.0
2018-01-08 13:57:23.448146,436.0,435.8,436.0,10927796.0
2018-01-08 13:57:25.339551,436.0,435.8,436.0,10927796.0
2018-01-08 13:57:27.314829,435.8,435.8,436.0,10931196.0
2018-01-08 13:57:29.298178,435.8,435.8,436.0,10931196.0
2018-01-08 13:57:31.170328,435.8,435.8,436.0,10931196.0
2018-01-08 13:57:33.226266,435.8,435.8,436.0,10931196.0
2018-01-08 13:57:35.081686,435.8,435.8,436.0,10931196.0
2018-01-08 13:57:36.583212,435.8,435.8,436.0,10931196.0
2018-01-08 13:57:38.568666,435.8,435.8,436.0,10931196.0
2018-01-08 13:57:40.517414,435.8,435.8,436.0,10931196.0
2018-01-08 13:57:42.720289,435.8,435.8,436.0,10931196.0
2018-01-08 13:57:44.402164,435.8,435.8,436.0,10931196.0
2018-01-08 13:57:46.479101,435.8,435.8,436.0,10931196.0
2018-01-08 13:57:48.274926,435.8,435.8,436.0,10931196.0
2018-01-08 13:57:50.135922,435.8,435.8,436.0,10931196.0
2018-01-08 13:57:52.297293,435.8,435.8,436.0,10931196.0
2018-01-08 13:57:54.283168,435.8,435.8,436.0,10931196.0
2018-01-08 13:57:56.543998,435.8,435.8,436.0,10931196.0
2018-01-08 13:57:58.540201,435.8,435.8,436.0,10931196.0
2018-01-08 13:58:00.057984,435.8,435.8,436.0,10931196.0
2018-01-08 13:58:01.966608,435.8,435.8,436.0,10931196.0
2018-01-08 13:58:03.960972,435.8,435.8,436.0,10931196.0
2018-01-08 13:58:05.640120,435.8,435.8,436.0,10931196.0
2018-01-08 13:58:07.811248,435.8,435.8,436.0,10933396.0
2018-01-08 13:58:09.622760,435.8,435.8,436.0,10933396.0
2018-01-08 13:58:11.462481,435.8,435.8,436.0,10933396.0
2018-01-08 13:58:12.801781,435.8,435.8,436.0,10933396.0
2018-01-08 13:58:14.831793,435.8,435.8,436.0,10933396.0
2018-01-08 13:58:17.493327,435.8,435.8,436.0,10933396.0
2018-01-08 13:58:19.423767,435.8,435.8,436.0,10933396.0
2018-01-08 13:58:21.318308,435.8,435.8,436.0,10933396.0
2018-01-08 13:58:23.121284,435.8,435.8,436.0,10933396.0
2018-01-08 13:58:24.517911,435.8,435.8,436.0,10933396.0
2018-01-08 13:58:26.744674,435.8,435.8,436.0,10933396.0
2018-01-08 13:58:28.735651,435.8,435.8,436.0,10933396.0
2018-01-08 13:58:30.448688,435.8,435.8,436.0,10933396.0
2018-01-08 13:58:32.406007,435.8,435.8,436.0,10933396.0
2018-01-08 13:58:34.417282,435.8,435.8,436.0,10933396.0
2018-01-08 13:58:36.484091,435.8,435.8,436.0,10933396.0
2018-01-08 13:58:38.484471,435.8,435.8,436.0,10933396.0
2018-01-08 13:58:40.688485,435.8,435.8,436.0,10933396.0
2018-01-08 13:58:42.734906,436.0,435.8,436.0,10935296.0
2018-01-08 13:58:45.104965,436.0,435.8,436.0,10935296.0
2018-01-08 13:58:47.145026,436.0,435.8,436.0,10935296.0
2018-01-08 13:58:48.904951,436.0,435.8,436.0,10935296.0
2018-01-08 13:58:50.917822,436.0,435.8,436.0,10935296.0
2018-01-08 13:58:52.799761,436.0,435.8,436.0,10935296.0
2018-01-08 13:58:54.778202,436.0,435.8,436.0,10935296.0
2018-01-08 13:58:56.481858,436.0,435.8,436.0,10935296.0
2018-01-08 13:58:58.107227,436.0,435.8,436.0,10935296.0
2018-01-08 13:58:59.472774,436.0,435.8,436.0,10935296.0
2018-01-08 13:59:01.620726,436.0,435.8,436.0,10935296.0
2018-01-08 13:59:07.041223,436.0,435.8,436.0,10935296.0
2018-01-08 13:59:08.746288,436.0,435.8,436.0,10935296.0
2018-01-08 13:59:11.401396,436.0,435.8,436.0,10935296.0
2018-01-08 13:59:14.273329,436.0,435.8,436.0,10947396.0
2018-01-08 13:59:19.166726,436.0,435.8,436.0,10947396.0
2018-01-08 13:59:21.271666,436.0,435.8,436.0,10947396.0
2018-01-08 13:59:23.093505,436.0,435.8,436.0,10958096.0
2018-01-08 13:59:25.161389,436.0,435.8,436.0,10968896.0
2018-01-08 13:59:26.850979,436.0,435.8,436.0,10968896.0
2018-01-08 13:59:28.922582,436.0,435.8,436.0,10968896.0
2018-01-08 13:59:31.076344,436.0,435.8,436.0,10968896.0
2018-01-08 13:59:32.665369,436.0,435.8,436.0,10968896.0
2018-01-08 13:59:34.738158,436.0,435.8,436.0,10968896.0
2018-01-08 13:59:36.137048,436.0,435.8,436.0,10968896.0
2018-01-08 13:59:38.019623,436.2,436.0,436.2,10972696.0
2018-01-08 13:59:39.657580,436.2,436.0,436.2,10972696.0
2018-01-08 13:59:41.782941,436.2,436.0,436.2,10972696.0
2018-01-08 13:59:44.576968,436.2,436.0,436.2,10972696.0
2018-01-08 13:59:46.623291,436.2,436.0,436.2,11106496.0
2018-01-08 13:59:48.882831,436.2,436.0,436.2,11106496.0
2018-01-08 13:59:50.896333,436.2,436.0,436.2,11106496.0
2018-01-08 13:59:53.086578,436.2,436.0,436.2,11106496.0
2018-01-08 13:59:55.138064,436.2,436.0,436.2,11106496.0
2018-01-08 13:59:57.131205,436.2,436.0,436.2,11106496.0
2018-01-08 13:59:59.185244,436.2,436.0,436.2,11106496.0
2018-01-08 14:00:01.137904,436.2,436.0,436.2,11112296.0
2018-01-08 14:00:02.740332,436.2,436.0,436.2,11112296.0
2018-01-08 14:00:05.199702,436.2,436.0,436.2,11112296.0
2018-01-08 14:00:10.986351,436.2,436.0,436.2,11112296.0
2018-01-08 14:00:12.827193,436.2,436.2,436.4,11121396.0
2018-01-08 14:00:14.915424,436.2,436.2,436.4,11121396.0
2018-01-08 14:00:18.030293,436.2,436.2,436.4,11121396.0
2018-01-08 14:00:19.857390,436.2,436.2,436.4,11121396.0
2018-01-08 14:00:21.612175,436.2,436.2,436.4,11121396.0
2018-01-08 14:00:23.517440,436.2,436.2,436.4,11121396.0
2018-01-08 14:00:25.490768,436.2,436.2,436.4,11121396.0
2018-01-08 14:00:27.641535,436.2,436.2,436.4,11121396.0
2018-01-08 14:00:29.661309,436.2,436.2,436.4,11121396.0
2018-01-08 14:00:31.623001,436.2,436.2,436.4,11121396.0
2018-01-08 14:00:33.724793,436.2,436.2,436.4,11121396.0
2018-01-08 14:00:35.730790,436.2,436.2,436.4,11121396.0
2018-01-08 14:00:37.852544,436.2,436.2,436.4,11124496.0
2018-01-08 14:00:39.356549,436.2,436.2,436.4,11124496.0
2018-01-08 14:00:41.327789,436.2,436.2,436.4,11132696.0
2018-01-08 14:00:43.271862,436.2,436.2,436.4,11132696.0
2018-01-08 14:00:45.201948,436.2,436.2,436.4,11132696.0
2018-01-08 14:00:47.002143,436.2,436.2,436.4,11132696.0
2018-01-08 14:00:49.230020,436.2,436.2,436.4,11132696.0
2018-01-08 14:00:50.881195,436.2,436.2,436.4,11139096.0
2018-01-08 14:00:52.350552,436.2,436.2,436.4,11149796.0
2018-01-08 14:00:54.277686,436.2,436.2,436.4,11149796.0
2018-01-08 14:00:56.133666,436.2,436.2,436.4,11149796.0
2018-01-08 14:00:58.128811,436.2,436.2,436.4,11149796.0
2018-01-08 14:01:00.213610,436.2,436.2,436.4,11149796.0
2018-01-08 14:01:02.082977,436.2,436.2,436.4,11149796.0
2018-01-08 14:01:04.010110,436.2,436.2,436.4,11149796.0
2018-01-08 14:01:09.963012,436.2,436.2,436.4,11149796.0
2018-01-08 14:01:12.197036,436.2,436.2,436.4,11149796.0
2018-01-08 14:01:14.221890,436.2,436.2,436.4,11149796.0
2018-01-08 14:01:16.237937,436.2,436.2,436.4,11149796.0
2018-01-08 14:01:18.195457,436.2,436.2,436.4,11149796.0
2018-01-08 14:01:20.137843,436.2,436.2,436.4,11149796.0
2018-01-08 14:01:22.035015,436.2,436.2,436.4,11149796.0
2018-01-08 14:01:23.889361,436.2,436.2,436.4,11149796.0
2018-01-08 14:01:26.017077,436.2,436.2,436.4,11149796.0
2018-01-08 14:01:28.123981,436.2,436.2,436.4,11149796.0
2018-01-08 14:01:30.058581,436.2,436.2,436.4,11149796.0
2018-01-08 14:01:31.541163,436.2,436.2,436.4,11149796.0
2018-01-08 14:01:33.376731,436.2,436.2,436.4,11149796.0
2018-01-08 14:01:35.521477,436.2,436.2,436.4,11149796.0
2018-01-08 14:01:37.409139,436.2,436.2,436.4,11149796.0
2018-01-08 14:01:39.678766,436.2,436.2,436.4,11149796.0
2018-01-08 14:01:41.115658,436.2,436.2,436.4,11149796.0
2018-01-08 14:01:42.853831,436.2,436.2,436.4,11149796.0
2018-01-08 14:01:44.756595,436.2,436.2,436.4,11149796.0
2018-01-08 14:01:46.137385,436.0,436.0,436.2,11152896.0
2018-01-08 14:01:48.039415,436.0,436.0,436.2,11152896.0
2018-01-08 14:01:49.377540,436.0,436.0,436.2,11152896.0
2018-01-08 14:01:51.189138,436.0,436.0,436.2,11152896.0
2018-01-08 14:01:52.962824,436.0,436.0,436.2,11152896.0
2018-01-08 14:01:54.927654,436.0,436.0,436.2,11152896.0
2018-01-08 14:01:56.807343,436.0,436.0,436.2,11152896.0
2018-01-08 14:01:58.801654,436.0,436.0,436.2,11152896.0
2018-01-08 14:02:00.721371,436.0,436.0,436.2,11152896.0
2018-01-08 14:02:02.726502,436.0,436.0,436.2,11152896.0
2018-01-08 14:02:04.202577,436.0,436.0,436.2,11152896.0
2018-01-08 14:02:06.265928,436.0,436.0,436.2,11152896.0
2018-01-08 14:02:08.591403,436.0,436.0,436.2,11152896.0
2018-01-08 14:02:10.725331,436.0,436.0,436.2,11152896.0
2018-01-08 14:02:12.652228,436.0,436.0,436.2,11152896.0
2018-01-08 14:02:14.769970,436.0,436.0,436.2,11152896.0
2018-01-08 14:02:16.632561,436.0,436.0,436.2,11152896.0
2018-01-08 14:02:18.709718,436.0,436.0,436.2,11152896.0
2018-01-08 14:02:20.282029,436.0,436.0,436.2,11152896.0
2018-01-08 14:02:22.242553,436.0,436.0,436.2,11152896.0
2018-01-08 14:02:24.171629,436.0,436.0,436.2,11152896.0
2018-01-08 14:02:26.651868,436.0,436.0,436.2,11152896.0
2018-01-08 14:02:28.661932,436.0,436.0,436.2,11155496.0
2018-01-08 14:02:30.853626,436.0,436.0,436.2,11155496.0
2018-01-08 14:02:32.940894,436.0,436.0,436.2,11155496.0
2018-01-08 14:02:35.030362,436.0,436.0,436.2,11155496.0
2018-01-08 14:02:36.666757,436.0,436.0,436.2,11155496.0
2018-01-08 14:02:38.782686,436.0,436.0,436.2,11155496.0
2018-01-08 14:02:40.825036,436.0,436.0,436.2,11155496.0
2018-01-08 14:02:42.648266,436.0,436.0,436.2,11155496.0
2018-01-08 14:02:44.645052,436.0,436.0,436.2,11155496.0
2018-01-08 14:02:46.058857,436.0,436.0,436.2,11155496.0
2018-01-08 14:02:48.090663,436.0,436.0,436.2,11155496.0
2018-01-08 14:02:50.054220,436.0,436.0,436.2,11155496.0
2018-01-08 14:02:52.009666,436.0,436.0,436.2,11155496.0
2018-01-08 14:02:54.059324,436.0,436.0,436.2,11155496.0
2018-01-08 14:02:56.084643,436.0,436.0,436.2,11155496.0
2018-01-08 14:02:58.128135,436.0,436.0,436.2,11155496.0
2018-01-08 14:03:00.065030,436.0,436.0,436.2,11155496.0
2018-01-08 14:03:01.954349,436.0,436.0,436.2,11155496.0
2018-01-08 14:03:03.915750,436.0,436.0,436.2,11155496.0
2018-01-08 14:03:09.952604,436.0,436.0,436.2,11155496.0
2018-01-08 14:03:11.616307,436.0,436.0,436.2,11155496.0
2018-01-08 14:03:13.603086,436.0,436.0,436.2,11155496.0
2018-01-08 14:03:15.453613,436.2,436.0,436.2,11158396.0
2018-01-08 14:03:17.580414,436.2,436.0,436.2,11158396.0
2018-01-08 14:03:19.552170,436.2,436.0,436.2,11158396.0
2018-01-08 14:03:21.811966,436.2,436.0,436.2,11158396.0
2018-01-08 14:03:24.001657,436.2,436.0,436.2,11158396.0
2018-01-08 14:03:25.891732,436.2,436.0,436.2,11158396.0
2018-01-08 14:03:27.944941,436.2,436.0,436.2,11158396.0
2018-01-08 14:03:29.847889,436.2,436.0,436.2,11158396.0
2018-01-08 14:03:31.888493,436.2,436.0,436.2,11158396.0
2018-01-08 14:03:33.910056,436.2,436.0,436.2,11158396.0
2018-01-08 14:03:35.871090,436.2,436.0,436.2,11158396.0
2018-01-08 14:03:37.827112,436.2,436.0,436.2,11158396.0
2018-01-08 14:03:39.869406,436.2,436.0,436.2,11158396.0
2018-01-08 14:03:42.120007,436.0,436.0,436.2,11161896.0
2018-01-08 14:03:44.125588,436.0,436.0,436.2,11161896.0
2018-01-08 14:03:45.965635,436.0,436.0,436.2,11161896.0
2018-01-08 14:03:47.950174,436.0,436.0,436.2,11161896.0
2018-01-08 14:03:50.007789,436.0,436.0,436.2,11161896.0
2018-01-08 14:03:51.895154,436.0,436.0,436.2,11161896.0
2018-01-08 14:03:53.762427,436.0,436.0,436.2,11161896.0
2018-01-08 14:03:55.820750,436.0,436.0,436.2,11161896.0
2018-01-08 14:03:58.331981,436.0,436.0,436.2,11161896.0
2018-01-08 14:04:00.417538,436.0,436.0,436.2,11161896.0
2018-01-08 14:04:01.860834,436.0,436.0,436.2,11161896.0
2018-01-08 14:04:03.749605,436.0,436.0,436.2,11161896.0
2018-01-08 14:04:05.659650,436.0,436.0,436.2,11161896.0
2018-01-08 14:04:09.545643,436.0,436.0,436.2,11161896.0
2018-01-08 14:04:11.505369,436.0,436.0,436.2,11161896.0
2018-01-08 14:04:13.341814,436.0,436.0,436.2,11161896.0
2018-01-08 14:04:15.199874,436.0,436.0,436.2,11161896.0
2018-01-08 14:04:17.783579,436.0,436.0,436.2,11161896.0
2018-01-08 14:04:20.194136,436.0,436.0,436.2,11161896.0
2018-01-08 14:04:22.118368,436.2,436.0,436.2,11163496.0
2018-01-08 14:04:23.614332,436.2,436.0,436.2,11163496.0
2018-01-08 14:04:25.616212,436.2,436.0,436.2,11163496.0
2018-01-08 14:04:27.476450,436.2,436.0,436.2,11163496.0
2018-01-08 14:04:29.472380,436.2,436.0,436.2,11163496.0
2018-01-08 14:04:31.648359,436.2,436.0,436.2,11163496.0
2018-01-08 14:04:33.636740,436.2,436.0,436.2,11163496.0
2018-01-08 14:04:35.659683,436.2,436.0,436.2,11163496.0
2018-01-08 14:04:37.516337,436.2,436.0,436.2,11163496.0
2018-01-08 14:04:39.812492,436.2,436.0,436.2,11163496.0
2018-01-08 14:04:41.407698,436.2,436.0,436.2,11163496.0
2018-01-08 14:04:43.378505,436.2,436.0,436.2,11163496.0
2018-01-08 14:04:45.510363,436.2,436.0,436.2,11165596.0
2018-01-08 14:04:47.536123,436.2,436.0,436.2,11165596.0
2018-01-08 14:04:49.520737,436.2,436.0,436.2,11165596.0
2018-01-08 14:04:51.506064,436.2,436.0,436.2,11165596.0
2018-01-08 14:04:53.510707,436.2,436.0,436.2,11165596.0
2018-01-08 14:04:55.571494,436.2,436.0,436.2,11165596.0
2018-01-08 14:04:57.476427,436.0,436.0,436.2,11168796.0
2018-01-08 14:04:59.034812,436.0,436.0,436.2,11168796.0
2018-01-08 14:05:01.038168,436.0,436.0,436.2,11206996.0
2018-01-08 14:05:03.077709,436.0,436.0,436.2,11206996.0
2018-01-08 14:05:05.013533,436.0,436.0,436.2,11206996.0
2018-01-08 14:05:07.763700,436.0,436.0,436.2,11206996.0
2018-01-08 14:05:09.897294,436.0,436.0,436.2,11206996.0
2018-01-08 14:05:11.770338,436.0,436.0,436.2,11206996.0
2018-01-08 14:05:13.681987,436.0,436.0,436.2,11206996.0
2018-01-08 14:05:15.527268,436.0,436.0,436.2,11206996.0
2018-01-08 14:05:17.506780,436.0,436.0,436.2,11206996.0
2018-01-08 14:05:19.347798,436.0,435.8,436.0,11220296.0
2018-01-08 14:05:21.427171,436.0,435.8,436.0,11220296.0
2018-01-08 14:05:23.373804,436.0,435.8,436.0,11220296.0
2018-01-08 14:05:25.396950,436.0,435.8,436.0,11220296.0
2018-01-08 14:05:27.050994,436.0,435.8,436.0,11220296.0
2018-01-08 14:05:29.462408,436.0,435.8,436.0,11220296.0
2018-01-08 14:05:31.360525,436.0,435.8,436.0,11220296.0
2018-01-08 14:05:32.961025,436.0,435.8,436.0,11220296.0
2018-01-08 14:05:34.998998,436.0,435.8,436.0,11220296.0
2018-01-08 14:05:36.648398,436.0,435.8,436.0,11220296.0
2018-01-08 14:05:38.699439,436.0,435.8,436.0,11220296.0
2018-01-08 14:05:40.679544,436.0,435.8,436.0,11220296.0
2018-01-08 14:05:42.548953,436.0,435.8,436.0,11220296.0
2018-01-08 14:05:44.494706,436.0,435.8,436.0,11220296.0
2018-01-08 14:05:46.485503,436.0,435.8,436.0,11220296.0
2018-01-08 14:05:48.172073,436.0,435.8,436.0,11220296.0
2018-01-08 14:05:49.574795,436.0,435.8,436.0,11220296.0
2018-01-08 14:05:51.491805,436.0,435.8,436.0,11220296.0
2018-01-08 14:05:53.352607,436.0,435.8,436.0,11220296.0
2018-01-08 14:05:55.022415,436.0,435.8,436.0,11220296.0
2018-01-08 14:05:57.136968,436.0,435.8,436.0,11220296.0
2018-01-08 14:05:58.831774,436.0,435.8,436.0,11220296.0
2018-01-08 14:06:00.999783,436.0,435.8,436.0,11220296.0
2018-01-08 14:06:02.406082,436.0,435.8,436.0,11223496.0
2018-01-08 14:06:03.696544,436.0,435.8,436.0,11223496.0
2018-01-08 14:06:07.427409,436.0,435.8,436.0,11223496.0
2018-01-08 14:06:09.377953,436.0,435.8,436.0,11223496.0
2018-01-08 14:06:12.321742,436.0,435.8,436.0,11223496.0
2018-01-08 14:06:14.319495,436.0,435.8,436.0,11223496.0
2018-01-08 14:06:16.275027,436.0,435.8,436.0,11223496.0
2018-01-08 14:06:18.404954,436.0,435.8,436.0,11223496.0
2018-01-08 14:06:20.452727,436.0,435.8,436.0,11223496.0
2018-01-08 14:06:22.575719,436.0,435.8,436.0,11228996.0
2018-01-08 14:06:24.308516,436.0,435.8,436.0,11228996.0
2018-01-08 14:06:25.907419,436.0,435.8,436.0,11228996.0
2018-01-08 14:06:27.892983,436.0,435.8,436.0,11228996.0
2018-01-08 14:06:29.678894,436.0,435.8,436.0,11228996.0
2018-01-08 14:06:31.734077,436.0,435.8,436.0,11228996.0
2018-01-08 14:06:33.327747,436.0,435.8,436.0,11228996.0
2018-01-08 14:06:35.521056,436.0,435.8,436.0,11228996.0
2018-01-08 14:06:37.513832,436.0,435.8,436.0,11228996.0
2018-01-08 14:06:39.617232,436.0,435.8,436.0,11228996.0
2018-01-08 14:06:41.485230,436.0,435.8,436.0,11228996.0
2018-01-08 14:06:43.406158,436.0,435.8,436.0,11228996.0
2018-01-08 14:06:45.465824,436.0,435.8,436.0,11228996.0
2018-01-08 14:06:47.452567,436.0,435.8,436.0,11228996.0
2018-01-08 14:06:49.531263,436.0,435.8,436.0,11228996.0
2018-01-08 14:06:52.158982,436.0,435.8,436.0,11228996.0
2018-01-08 14:06:53.869410,436.0,435.8,436.0,11233396.0
2018-01-08 14:06:56.039015,436.0,435.8,436.0,11233396.0
2018-01-08 14:06:58.062877,436.0,435.8,436.0,11233396.0
2018-01-08 14:07:00.049254,436.0,435.8,436.0,11233396.0
2018-01-08 14:07:02.034966,436.0,435.8,436.0,11233396.0
2018-01-08 14:07:03.418162,436.0,435.8,436.2,11249896.0
2018-01-08 14:07:05.966161,436.0,435.8,436.2,11249896.0
2018-01-08 14:07:11.810521,436.0,435.8,436.2,11249896.0
2018-01-08 14:07:13.997170,436.0,435.8,436.2,11249896.0
2018-01-08 14:07:16.010762,436.0,435.8,436.2,11249896.0
2018-01-08 14:07:18.218288,436.0,436.0,436.2,11259596.0
2018-01-08 14:07:20.197160,436.0,436.0,436.2,11259596.0
2018-01-08 14:07:22.233081,436.0,436.0,436.2,11259596.0
2018-01-08 14:07:24.251483,436.0,436.0,436.2,11259596.0
2018-01-08 14:07:26.334179,436.0,436.0,436.2,11259596.0
2018-01-08 14:07:28.395343,436.0,436.0,436.2,11259596.0
2018-01-08 14:07:30.249257,436.0,436.0,436.2,11259596.0
2018-01-08 14:07:32.224867,436.0,436.0,436.2,11259596.0
2018-01-08 14:07:34.226285,436.0,436.0,436.2,11259596.0
2018-01-08 14:07:35.838785,436.0,436.0,436.2,11259596.0
2018-01-08 14:07:37.925522,436.0,436.0,436.2,11259596.0
2018-01-08 14:07:39.901809,436.0,436.0,436.2,11259596.0
2018-01-08 14:07:41.836114,436.0,436.0,436.2,11259596.0
2018-01-08 14:07:43.749249,436.0,436.0,436.2,11259596.0
2018-01-08 14:07:45.226095,436.0,436.0,436.2,11259596.0
2018-01-08 14:07:47.072254,436.0,436.0,436.2,11259596.0
2018-01-08 14:07:49.068706,436.0,436.0,436.2,11259596.0
2018-01-08 14:07:50.514709,436.0,436.0,436.2,11259596.0
2018-01-08 14:07:52.431133,436.0,436.0,436.2,11259596.0
2018-01-08 14:07:54.446376,436.0,436.0,436.2,11259596.0
2018-01-08 14:07:56.218762,436.0,436.0,436.2,11259596.0
2018-01-08 14:07:58.359328,436.0,436.0,436.2,11259596.0
2018-01-08 14:07:59.867408,436.0,436.0,436.2,11259596.0
2018-01-08 14:08:01.620590,436.0,436.0,436.2,11259596.0
2018-01-08 14:08:06.377601,436.0,436.0,436.2,11259596.0
2018-01-08 14:08:08.249365,436.0,436.0,436.2,11259596.0
2018-01-08 14:08:10.458058,436.0,436.0,436.2,11259596.0
2018-01-08 14:08:12.285289,436.0,436.0,436.2,11259596.0
2018-01-08 14:08:14.007839,436.0,436.0,436.2,11259596.0
2018-01-08 14:08:15.535608,436.0,436.0,436.2,11259596.0
2018-01-08 14:08:17.043912,436.0,436.0,436.2,11261896.0
2018-01-08 14:08:18.987104,436.2,436.0,436.4,11286996.0
2018-01-08 14:08:21.087736,436.2,436.0,436.4,11286996.0
2018-01-08 14:08:22.903543,436.2,436.0,436.4,11286996.0
2018-01-08 14:08:24.822931,436.2,436.0,436.4,11286996.0
2018-01-08 14:08:26.705350,436.2,436.0,436.4,11286996.0
2018-01-08 14:08:28.638558,436.2,436.0,436.4,11286996.0
2018-01-08 14:08:30.348437,436.2,436.0,436.4,11286996.0
2018-01-08 14:08:32.129262,436.2,436.0,436.4,11286996.0
2018-01-08 14:08:33.682015,436.2,436.0,436.4,11286996.0
2018-01-08 14:08:35.405963,436.2,436.0,436.4,11286996.0
2018-01-08 14:08:37.386883,436.2,436.0,436.4,11286996.0
2018-01-08 14:08:39.528595,436.2,436.0,436.4,11286996.0
2018-01-08 14:08:41.193754,436.2,436.0,436.4,11286996.0
2018-01-08 14:08:42.946648,436.2,436.0,436.4,11286996.0
2018-01-08 14:08:44.933414,436.2,436.0,436.4,11286996.0
2018-01-08 14:08:46.970617,436.2,436.0,436.4,11286996.0
2018-01-08 14:08:48.960802,436.2,436.0,436.4,11286996.0
2018-01-08 14:08:51.041390,436.2,436.0,436.4,11286996.0
2018-01-08 14:08:52.937430,436.2,436.0,436.4,11286996.0
2018-01-08 14:08:55.016047,436.2,436.0,436.4,11286996.0
2018-01-08 14:08:56.823612,436.2,436.0,436.4,11286996.0
2018-01-08 14:08:58.648951,436.2,436.0,436.4,11286996.0
2018-01-08 14:09:00.589812,436.2,436.0,436.4,11286996.0
2018-01-08 14:09:03.284086,,,,
2018-01-08 14:09:05.172892,436.2,436.0,436.4,11286996.0
2018-01-08 14:09:06.368055,436.2,436.0,436.4,11286996.0
2018-01-08 14:09:09.447565,436.4,436.2,436.4,11290196.0
2018-01-08 14:09:11.301756,436.4,436.2,436.4,11290196.0
2018-01-08 14:09:13.225767,436.4,436.2,436.4,11290196.0
2018-01-08 14:09:15.089939,436.4,436.2,436.4,11290196.0
2018-01-08 14:09:16.444992,436.4,436.2,436.4,11290196.0
2018-01-08 14:09:18.568191,436.4,436.2,436.4,11290196.0
2018-01-08 14:09:20.690786,436.4,436.2,436.4,11290196.0
2018-01-08 14:09:22.719954,436.4,436.2,436.4,11290196.0
2018-01-08 14:09:24.862877,436.4,436.2,436.4,11290196.0
2018-01-08 14:09:26.831276,436.4,436.2,436.4,11290196.0
2018-01-08 14:09:28.676410,436.4,436.2,436.4,11290196.0
2018-01-08 14:09:30.200554,436.4,436.2,436.4,11290196.0
2018-01-08 14:09:32.189523,436.4,436.2,436.4,11290196.0
2018-01-08 14:09:34.041406,436.4,436.2,436.4,11290196.0
2018-01-08 14:09:36.147871,436.4,436.2,436.4,11290196.0
2018-01-08 14:09:37.873725,436.4,436.2,436.4,11290196.0
2018-01-08 14:09:40.062761,436.4,436.2,436.4,11290196.0
2018-01-08 14:09:41.538480,436.4,436.2,436.4,11290196.0
2018-01-08 14:09:43.435769,436.4,436.2,436.4,11290196.0
2018-01-08 14:09:45.091144,436.4,436.2,436.4,11290196.0
2018-01-08 14:09:46.900221,436.4,436.2,436.4,11290196.0
2018-01-08 14:09:49.301174,436.4,436.2,436.4,11290196.0
2018-01-08 14:09:50.777950,436.2,436.2,436.4,11291096.0
2018-01-08 14:09:52.311204,436.2,436.2,436.4,11291096.0
2018-01-08 14:09:54.135522,436.2,436.2,436.4,11291096.0
2018-01-08 14:09:56.036760,436.2,436.2,436.4,11291096.0
2018-01-08 14:09:57.690348,436.2,436.2,436.4,11291096.0
2018-01-08 14:09:59.671422,436.2,436.2,436.4,11291096.0
2018-01-08 14:10:01.487466,436.2,436.2,436.4,11291096.0
2018-01-08 14:10:03.661108,436.2,436.2,436.4,11291096.0
2018-01-08 14:10:05.033044,436.2,436.2,436.4,11291096.0
2018-01-08 14:10:06.461867,436.2,436.2,436.4,11291096.0
2018-01-08 14:10:08.348953,436.2,436.2,436.4,11291096.0
2018-01-08 14:10:10.515928,436.2,436.2,436.4,11291096.0
2018-01-08 14:10:12.335406,436.2,436.2,436.4,11291096.0
2018-01-08 14:10:14.384748,436.2,436.2,436.4,11291096.0
2018-01-08 14:10:16.544000,436.2,436.2,436.4,11291096.0
2018-01-08 14:10:19.643854,436.2,436.2,436.4,11291096.0
2018-01-08 14:10:21.571150,436.2,436.2,436.4,11291096.0
2018-01-08 14:10:23.569327,436.2,436.2,436.4,11291096.0
2018-01-08 14:10:25.144439,436.2,436.2,436.4,11291096.0
2018-01-08 14:10:27.121150,436.4,436.2,436.4,11294396.0
2018-01-08 14:10:28.574402,436.4,436.2,436.4,11294396.0
2018-01-08 14:10:30.284087,436.4,436.2,436.4,11294396.0
2018-01-08 14:10:32.036434,436.4,436.2,436.4,11294396.0
2018-01-08 14:10:33.769133,436.4,436.2,436.4,11294396.0
2018-01-08 14:10:35.475258,436.4,436.2,436.4,11294396.0
2018-01-08 14:10:37.417013,436.4,436.2,436.4,11294396.0
2018-01-08 14:10:38.899544,436.4,436.2,436.4,11294396.0
2018-01-08 14:10:41.104534,436.4,436.2,436.4,11294396.0
2018-01-08 14:10:43.387933,436.4,436.2,436.4,11294396.0
2018-01-08 14:10:45.118583,436.4,436.2,436.4,11294396.0
2018-01-08 14:10:47.055703,436.4,436.2,436.4,11294396.0
2018-01-08 14:10:48.988667,436.4,436.2,436.4,11294396.0
2018-01-08 14:10:50.486613,436.4,436.2,436.4,11294396.0
2018-01-08 14:10:52.502312,436.4,436.2,436.4,11294396.0
2018-01-08 14:10:54.576808,436.4,436.2,436.4,11294396.0
2018-01-08 14:10:56.711115,436.4,436.2,436.4,11294396.0
2018-01-08 14:10:58.250408,436.4,436.2,436.4,11294396.0
2018-01-08 14:11:00.009279,436.4,436.2,436.4,11294396.0
2018-01-08 14:11:02.081466,436.4,436.2,436.4,11294396.0
2018-01-08 14:11:03.889126,436.4,436.2,436.4,11297196.0
2018-01-08 14:11:05.923915,436.4,436.2,436.4,11297196.0
2018-01-08 14:11:07.819033,436.4,436.2,436.4,11297196.0
2018-01-08 14:11:09.859973,436.4,436.2,436.4,11297196.0
2018-01-08 14:11:11.884263,436.4,436.2,436.4,11297196.0
2018-01-08 14:11:14.312922,436.4,436.2,436.4,11297196.0
2018-01-08 14:11:15.984031,436.4,436.2,436.4,11297196.0
2018-01-08 14:11:17.936110,436.4,436.2,436.4,11297196.0
2018-01-08 14:11:20.014859,436.4,436.2,436.4,11297196.0
2018-01-08 14:11:21.975553,436.4,436.2,436.4,11297196.0
2018-01-08 14:11:23.891649,436.4,436.2,436.4,11297196.0
2018-01-08 14:11:25.692156,436.2,436.2,436.4,11307296.0
2018-01-08 14:11:27.725476,436.2,436.0,436.4,11322596.0
2018-01-08 14:11:30.086855,436.0,436.0,436.2,11331996.0
2018-01-08 14:11:32.295631,436.0,436.0,436.2,11331996.0
2018-01-08 14:11:33.897659,436.0,436.0,436.2,11331996.0
2018-01-08 14:11:35.823259,436.0,436.0,436.2,11331996.0
2018-01-08 14:11:37.814944,436.0,436.0,436.2,11331996.0
2018-01-08 14:11:39.642566,436.0,436.0,436.2,11331996.0
2018-01-08 14:11:41.571641,436.0,436.0,436.2,11331996.0
2018-01-08 14:11:43.614887,436.0,436.0,436.2,11331996.0
2018-01-08 14:11:45.644583,436.0,436.0,436.2,11331996.0
2018-01-08 14:11:47.297042,436.0,436.0,436.2,11331996.0
2018-01-08 14:11:48.958545,436.2,436.0,436.2,11338396.0
2018-01-08 14:11:51.010513,436.2,436.0,436.2,11338396.0
2018-01-08 14:11:52.966978,436.2,436.0,436.2,11338396.0
2018-01-08 14:11:54.810796,436.2,436.0,436.2,11338396.0
2018-01-08 14:11:57.197755,436.2,436.0,436.2,11338396.0
2018-01-08 14:11:58.863588,436.2,436.0,436.2,11338396.0
2018-01-08 14:12:00.986105,436.2,436.0,436.2,11338396.0
2018-01-08 14:12:03.150875,436.2,436.0,436.2,11338396.0
2018-01-08 14:12:05.362545,436.2,436.0,436.2,11338396.0
2018-01-08 14:12:06.872422,436.2,436.0,436.2,11338396.0
2018-01-08 14:12:08.482399,436.2,436.0,436.2,11338396.0
2018-01-08 14:12:10.590584,436.2,436.0,436.2,11338396.0
2018-01-08 14:12:12.548369,436.2,436.0,436.2,11338396.0
2018-01-08 14:12:14.302152,436.2,436.0,436.2,11338396.0
2018-01-08 14:12:16.161292,436.2,436.0,436.2,11341996.0
2018-01-08 14:12:18.083320,436.2,436.0,436.2,11341996.0
2018-01-08 14:12:20.069455,436.2,436.0,436.2,11341996.0
2018-01-08 14:12:21.742597,436.2,436.0,436.2,11341996.0
2018-01-08 14:12:23.806773,436.2,436.0,436.2,11341996.0
2018-01-08 14:12:25.809037,436.2,436.0,436.2,11341996.0
2018-01-08 14:12:27.260206,436.2,436.0,436.2,11341996.0
2018-01-08 14:12:29.122133,436.2,436.0,436.2,11341996.0
2018-01-08 14:12:31.190854,436.2,436.0,436.2,11341996.0
2018-01-08 14:12:32.923302,436.2,436.0,436.2,11341996.0
2018-01-08 14:12:34.923937,436.2,436.0,436.2,11341996.0
2018-01-08 14:12:36.701079,436.2,436.0,436.2,11341996.0
2018-01-08 14:12:38.431543,436.2,436.0,436.2,11343896.0
2018-01-08 14:12:40.219496,436.2,436.0,436.2,11343896.0
2018-01-08 14:12:41.811288,436.2,436.0,436.2,11343896.0
2018-01-08 14:12:43.722547,436.2,436.0,436.2,11349596.0
2018-01-08 14:12:45.674673,436.2,436.0,436.2,11349596.0
2018-01-08 14:12:47.428991,436.2,436.0,436.2,11349596.0
2018-01-08 14:12:49.337752,436.2,436.0,436.2,11349596.0
2018-01-08 14:12:52.059060,436.2,436.0,436.2,11349596.0
2018-01-08 14:12:54.054073,436.2,436.0,436.2,11349596.0
2018-01-08 14:12:56.180322,436.2,436.0,436.2,11349596.0
2018-01-08 14:12:58.129199,436.2,436.0,436.2,11349596.0
2018-01-08 14:13:00.019452,436.2,436.0,436.2,11349596.0
2018-01-08 14:13:01.935528,436.2,436.0,436.2,11349596.0
2018-01-08 14:13:03.634437,436.2,436.0,436.2,11355796.0
2018-01-08 14:13:05.888220,436.2,436.0,436.2,11361196.0
2018-01-08 14:13:11.491016,436.2,436.2,436.4,11386496.0
2018-01-08 14:13:13.305698,436.2,436.2,436.4,11386496.0
2018-01-08 14:13:15.147947,436.2,436.2,436.4,11386496.0
2018-01-08 14:13:16.637066,436.2,436.2,436.4,11386496.0
2018-01-08 14:13:18.569987,436.2,436.2,436.4,11386496.0
2018-01-08 14:13:20.555968,436.2,436.2,436.4,11386496.0
2018-01-08 14:13:22.746499,436.2,436.2,436.4,11386496.0
2018-01-08 14:13:24.683202,436.2,436.2,436.4,11386496.0
2018-01-08 14:13:26.508337,436.2,436.2,436.4,11386496.0
2018-01-08 14:13:28.412961,436.4,436.2,436.6,11403596.0
2018-01-08 14:13:30.549537,436.4,436.2,436.6,11403596.0
2018-01-08 14:13:32.364528,436.4,436.2,436.6,11403596.0
2018-01-08 14:13:34.223498,436.4,436.2,436.6,11403596.0
2018-01-08 14:13:35.733713,436.4,436.2,436.6,11403596.0
2018-01-08 14:13:37.687338,436.4,436.2,436.6,11403596.0
2018-01-08 14:13:39.610912,436.4,436.2,436.6,11403596.0
2018-01-08 14:13:41.013508,436.4,436.2,436.6,11403596.0
2018-01-08 14:13:42.684831,436.4,436.2,436.6,11403596.0
2018-01-08 14:13:44.515444,436.4,436.4,436.6,11411096.0
2018-01-08 14:13:47.577918,436.4,436.4,436.6,11423796.0
2018-01-08 14:13:49.634371,436.4,436.4,436.6,11429796.0
2018-01-08 14:13:51.824952,436.2,436.2,436.4,11451696.0
2018-01-08 14:13:53.702312,436.0,436.0,436.4,11494296.0
2018-01-08 14:13:55.298884,436.0,436.0,436.4,11494296.0
2018-01-08 14:13:57.134839,436.0,436.0,436.2,11509296.0
2018-01-08 14:13:59.220158,436.0,436.0,436.2,11509296.0
2018-01-08 14:14:01.304083,436.0,436.0,436.2,11509296.0
2018-01-08 14:14:03.021443,436.0,436.0,436.2,11521496.0
2018-01-08 14:14:05.017330,436.0,436.0,436.2,11521496.0
2018-01-08 14:14:06.917557,436.0,436.0,436.2,11521496.0
2018-01-08 14:14:08.732922,436.0,436.0,436.2,11521496.0
2018-01-08 14:14:10.661107,436.0,436.0,436.2,11521496.0
2018-01-08 14:14:12.615153,436.0,436.0,436.2,11521496.0
2018-01-08 14:14:14.755554,436.0,436.0,436.2,11521496.0
2018-01-08 14:14:16.667109,436.0,436.0,436.2,11521496.0
2018-01-08 14:14:18.190717,436.0,436.0,436.2,11521496.0
2018-01-08 14:14:19.688213,436.0,436.0,436.2,11521496.0
2018-01-08 14:14:21.431995,436.0,436.0,436.2,11521496.0
2018-01-08 14:14:23.195766,436.0,436.0,436.2,11521496.0
2018-01-08 14:14:25.418430,436.0,436.0,436.2,11521496.0
2018-01-08 14:14:27.561935,436.0,436.0,436.2,11521496.0
2018-01-08 14:14:29.433420,436.0,436.0,436.2,11521496.0
2018-01-08 14:14:31.528384,436.0,436.0,436.2,11526496.0
2018-01-08 14:14:33.513636,436.0,436.0,436.2,11526496.0
2018-01-08 14:14:35.524504,436.0,436.0,436.2,11526496.0
2018-01-08 14:14:37.736943,436.0,436.0,436.2,11526496.0
2018-01-08 14:14:39.816891,436.0,436.0,436.2,11526496.0
2018-01-08 14:14:41.679879,436.0,436.0,436.2,11526496.0
2018-01-08 14:14:43.811679,436.0,436.0,436.2,11526496.0
2018-01-08 14:14:45.369306,436.0,436.0,436.2,11526496.0
2018-01-08 14:14:47.302495,436.0,436.0,436.2,11526496.0
2018-01-08 14:14:49.124457,436.0,436.0,436.2,11526496.0
2018-01-08 14:14:51.170113,436.0,436.0,436.2,11526496.0
2018-01-08 14:14:52.929008,436.0,436.0,436.2,11526496.0
2018-01-08 14:14:54.858506,436.0,436.0,436.2,11526496.0
2018-01-08 14:14:56.728450,436.0,436.0,436.2,11526496.0
2018-01-08 14:14:58.837955,436.0,436.0,436.2,11526496.0
2018-01-08 14:15:00.641197,436.0,436.0,436.2,11528596.0
2018-01-08 14:15:02.359373,436.0,436.0,436.2,11528596.0
2018-01-08 14:15:03.867673,436.0,436.0,436.2,11534496.0
2018-01-08 14:15:07.075198,436.0,435.8,436.0,11541996.0
2018-01-08 14:15:09.305064,436.0,435.8,436.0,11541996.0
2018-01-08 14:15:11.305799,436.0,435.8,436.0,11541996.0
2018-01-08 14:15:13.094654,436.0,435.8,436.0,11541996.0
2018-01-08 14:15:15.152913,436.0,435.8,436.0,11541996.0
2018-01-08 14:15:16.533374,436.0,435.8,436.0,11541996.0
2018-01-08 14:15:18.308614,436.0,435.8,436.0,11541996.0
2018-01-08 14:15:20.421465,436.0,435.8,436.0,11541996.0
2018-01-08 14:15:22.014176,436.0,435.8,436.0,11541996.0
2018-01-08 14:15:23.993234,436.0,435.8,436.0,11541996.0
2018-01-08 14:15:25.683925,436.0,435.8,436.0,11541996.0
2018-01-08 14:15:27.176424,436.0,435.8,436.0,11541996.0
2018-01-08 14:15:29.188708,436.0,435.8,436.0,11541996.0
2018-01-08 14:15:30.838541,436.0,435.8,436.0,11541996.0
2018-01-08 14:15:32.733979,436.0,435.8,436.0,11541996.0
2018-01-08 14:15:34.151360,436.0,435.8,436.0,11541996.0
2018-01-08 14:15:36.084665,436.0,435.8,436.0,11541996.0
2018-01-08 14:15:38.130827,436.0,435.8,436.0,11541996.0
2018-01-08 14:15:39.875552,436.2,436.0,436.2,11545296.0
2018-01-08 14:15:41.857613,436.2,436.0,436.2,11545296.0
2018-01-08 14:15:43.828628,436.2,436.0,436.2,11545296.0
2018-01-08 14:15:46.007207,436.2,436.0,436.2,11545296.0
2018-01-08 14:15:48.017353,436.2,436.0,436.2,11545296.0
2018-01-08 14:15:50.061648,436.2,436.0,436.2,11545296.0
2018-01-08 14:15:51.532261,436.2,436.0,436.2,11545296.0
2018-01-08 14:15:53.568388,436.2,436.0,436.2,11545296.0
2018-01-08 14:15:55.551673,436.2,436.0,436.2,11545296.0
2018-01-08 14:15:57.501950,436.2,436.0,436.2,11545296.0
2018-01-08 14:15:59.493307,436.2,436.0,436.2,11545296.0
2018-01-08 14:16:01.480895,436.2,436.0,436.2,11545296.0
2018-01-08 14:16:03.247157,436.2,436.0,436.2,11545296.0
2018-01-08 14:16:05.172717,436.2,436.0,436.2,11545296.0
2018-01-08 14:16:09.627340,436.2,436.0,436.2,11545296.0
2018-01-08 14:16:11.675717,436.2,436.0,436.2,11545296.0
2018-01-08 14:16:13.626950,436.2,436.0,436.2,11545296.0
2018-01-08 14:16:15.607072,436.2,436.0,436.2,11545296.0
2018-01-08 14:16:18.503460,436.2,436.0,436.2,11545296.0
2018-01-08 14:16:20.318518,436.2,436.0,436.2,11545296.0
2018-01-08 14:16:22.604437,436.2,436.0,436.2,11545296.0
2018-01-08 14:16:24.109113,436.2,436.0,436.2,11545296.0
2018-01-08 14:16:26.136240,436.2,436.0,436.2,11545296.0
2018-01-08 14:16:28.183746,436.2,436.0,436.2,11545296.0
2018-01-08 14:16:30.144574,436.2,436.0,436.2,11545296.0
2018-01-08 14:16:32.186418,436.2,436.0,436.2,11546791.0
2018-01-08 14:16:33.917658,436.2,436.0,436.2,11546791.0
2018-01-08 14:16:35.823846,436.2,436.0,436.2,11546791.0
2018-01-08 14:16:37.504935,436.2,436.0,436.4,11556591.0
2018-01-08 14:16:39.410245,436.2,436.0,436.4,11565591.0
2018-01-08 14:16:41.278041,436.2,436.0,436.4,11565591.0
2018-01-08 14:16:43.254641,436.2,436.0,436.4,11565591.0
2018-01-08 14:16:45.219009,436.2,436.0,436.4,11565591.0
2018-01-08 14:16:47.155097,436.2,436.0,436.4,11565591.0
2018-01-08 14:16:49.145728,436.2,436.0,436.4,11565591.0
2018-01-08 14:16:51.043549,436.2,436.0,436.4,11565591.0
2018-01-08 14:16:53.271426,436.2,436.0,436.4,11565591.0
2018-01-08 14:16:55.269152,436.2,436.0,436.4,11565591.0
2018-01-08 14:16:56.715547,436.2,436.2,436.4,11569391.0
2018-01-08 14:16:58.181677,436.2,436.2,436.4,11569391.0
2018-01-08 14:17:00.264666,436.2,436.2,436.4,11569391.0
2018-01-08 14:17:03.286034,436.2,436.2,436.4,11569391.0
2018-01-08 14:17:05.205722,436.2,436.2,436.4,11569391.0
2018-01-08 14:17:06.703353,436.2,436.2,436.4,11569391.0
2018-01-08 14:17:08.614822,436.2,436.2,436.4,11569391.0
2018-01-08 14:17:12.688709,436.0,436.0,436.2,11572291.0
2018-01-08 14:17:14.508707,436.0,436.0,436.2,11572291.0
2018-01-08 14:17:16.635879,436.0,436.0,436.2,11572291.0
2018-01-08 14:17:20.240098,436.0,436.0,436.2,11572291.0
2018-01-08 14:17:22.073064,436.0,436.0,436.2,11572291.0
2018-01-08 14:17:23.974223,436.0,436.0,436.2,11572291.0
2018-01-08 14:17:26.070528,436.0,436.0,436.2,11572291.0
2018-01-08 14:17:28.078006,436.0,436.0,436.2,11572291.0
2018-01-08 14:17:30.003583,436.0,436.0,436.2,11572291.0
2018-01-08 14:17:32.164828,436.2,436.0,436.2,11574591.0
2018-01-08 14:17:34.109454,436.2,436.0,436.2,11574591.0
2018-01-08 14:17:36.363802,436.2,436.0,436.2,11574591.0
2018-01-08 14:17:38.117898,436.2,436.0,436.2,11574591.0
2018-01-08 14:17:40.219507,436.2,436.0,436.2,11574591.0
2018-01-08 14:17:42.375531,436.2,436.0,436.2,11574591.0
2018-01-08 14:17:44.319458,436.2,436.2,436.4,11578291.0
2018-01-08 14:17:46.290261,436.2,436.2,436.4,11578291.0
2018-01-08 14:17:47.798659,436.2,436.2,436.4,11578291.0
2018-01-08 14:17:49.872829,436.2,436.2,436.4,11578291.0
2018-01-08 14:17:51.524046,436.2,436.2,436.4,11578291.0
2018-01-08 14:17:53.695619,436.2,436.2,436.4,11578291.0
2018-01-08 14:17:55.749032,436.2,436.2,436.4,11578291.0
2018-01-08 14:17:57.956236,436.2,436.2,436.4,11578291.0
2018-01-08 14:17:59.829344,436.2,436.2,436.4,11578291.0
2018-01-08 14:18:01.846674,436.2,436.2,436.4,11578291.0
2018-01-08 14:18:03.902011,436.2,436.2,436.4,11578291.0
2018-01-08 14:18:06.333784,436.2,436.2,436.4,11578291.0
2018-01-08 14:18:11.569400,436.2,436.2,436.4,11584786.0
2018-01-08 14:18:13.548392,436.2,436.2,436.4,11584786.0
2018-01-08 14:18:15.654032,436.2,436.2,436.4,11584786.0
2018-01-08 14:18:17.624628,436.2,436.0,436.2,11591386.0
2018-01-08 14:18:19.703618,436.2,436.0,436.2,11591386.0
2018-01-08 14:18:21.720976,436.2,436.0,436.2,11591386.0
2018-01-08 14:18:23.701904,436.2,436.0,436.2,11591386.0
2018-01-08 14:18:25.647295,436.2,436.0,436.2,11591386.0
2018-01-08 14:18:27.189083,436.2,436.0,436.2,11591386.0
2018-01-08 14:18:28.994748,436.2,436.0,436.2,11591386.0
2018-01-08 14:18:31.243935,436.2,436.0,436.2,11591386.0
2018-01-08 14:18:33.163205,436.2,436.0,436.2,11591386.0
2018-01-08 14:18:35.297567,436.2,436.0,436.2,11591386.0
2018-01-08 14:18:37.155565,436.2,436.0,436.2,11591386.0
2018-01-08 14:18:39.064876,436.2,436.0,436.2,11591386.0
2018-01-08 14:18:40.821259,436.2,436.0,436.2,11591386.0
2018-01-08 14:18:43.002661,436.2,436.0,436.2,11591386.0
2018-01-08 14:18:45.038306,436.2,436.0,436.2,11591386.0
2018-01-08 14:18:46.782075,436.2,436.0,436.2,11591386.0
2018-01-08 14:18:48.494479,436.2,436.0,436.2,11591386.0
2018-01-08 14:18:50.388132,436.2,436.0,436.2,11591386.0
2018-01-08 14:18:52.502830,436.0,436.0,436.2,11593586.0
2018-01-08 14:18:54.617274,436.0,436.0,436.2,11593586.0
2018-01-08 14:18:56.127683,436.0,436.0,436.2,11593586.0
2018-01-08 14:18:58.348090,436.0,436.0,436.2,11593586.0
2018-01-08 14:19:00.107924,436.0,436.0,436.2,11593586.0
2018-01-08 14:19:02.105439,436.0,436.0,436.2,11593586.0
2018-01-08 14:19:04.198795,436.0,436.0,436.2,11593586.0
2018-01-08 14:19:07.657202,436.0,436.0,436.2,11593586.0
2018-01-08 14:19:10.077793,436.0,436.0,436.2,11593586.0
2018-01-08 14:19:12.184700,436.0,436.0,436.2,11593586.0
2018-01-08 14:19:14.469006,436.0,436.0,436.2,11593586.0
2018-01-08 14:19:16.205816,436.0,436.0,436.2,11593586.0
2018-01-08 14:19:18.115118,436.0,436.0,436.2,11593586.0
2018-01-08 14:19:20.261932,436.2,436.0,436.2,11595186.0
2018-01-08 14:19:22.213325,436.2,436.0,436.2,11595186.0
2018-01-08 14:19:24.384495,436.2,436.0,436.2,11595186.0
2018-01-08 14:19:26.268048,436.2,436.0,436.2,11595186.0
2018-01-08 14:19:28.101816,436.2,436.0,436.2,11595186.0
2018-01-08 14:19:30.072010,436.2,436.0,436.2,11595186.0
2018-01-08 14:19:31.613718,436.2,436.0,436.2,11595186.0
2018-01-08 14:19:33.555492,436.2,436.0,436.2,11595186.0
2018-01-08 14:19:35.190812,436.2,436.0,436.2,11603686.0
2018-01-08 14:19:37.475394,436.2,436.0,436.2,11603686.0
2018-01-08 14:19:39.109370,436.2,436.0,436.2,11622986.0
2018-01-08 14:19:40.781474,436.2,436.2,436.4,11634786.0
2018-01-08 14:19:42.737480,436.2,436.2,436.4,11634786.0
2018-01-08 14:19:44.599799,436.2,436.2,436.4,11634786.0
2018-01-08 14:19:46.565558,436.2,436.2,436.4,11634786.0
2018-01-08 14:19:48.542665,436.2,436.2,436.4,11634786.0
2018-01-08 14:19:51.325893,436.2,436.2,436.4,11634786.0
2018-01-08 14:19:53.456624,436.2,436.2,436.4,11638686.0
2018-01-08 14:19:54.940908,436.2,436.2,436.4,11638686.0
2018-01-08 14:19:56.687012,436.2,436.2,436.4,11638686.0
2018-01-08 14:19:58.265591,436.2,436.2,436.4,11638686.0
2018-01-08 14:19:59.798104,436.2,436.2,436.4,11638686.0
2018-01-08 14:20:01.581950,436.2,436.2,436.4,11638686.0
2018-01-08 14:20:03.461779,436.2,436.2,436.4,11638686.0
2018-01-08 14:20:05.442928,436.2,436.2,436.4,11638686.0
2018-01-08 14:20:07.409748,436.2,436.2,436.4,11638686.0
2018-01-08 14:20:09.316033,436.2,436.2,436.4,11638686.0
2018-01-08 14:20:12.412265,436.2,436.2,436.4,11638686.0
2018-01-08 14:20:13.913116,436.2,436.2,436.4,11638686.0
2018-01-08 14:20:15.520289,436.2,436.2,436.4,11638686.0
2018-01-08 14:20:18.429774,436.2,436.0,436.2,11647486.0
2018-01-08 14:20:20.645316,436.2,436.0,436.2,11647486.0
2018-01-08 14:20:22.295578,436.2,436.0,436.2,11647486.0
2018-01-08 14:20:24.669663,436.2,436.0,436.2,11647486.0
2018-01-08 14:20:26.174258,436.2,436.0,436.2,11650386.0
2018-01-08 14:20:28.260012,436.2,436.0,436.2,11650386.0
2018-01-08 14:20:30.195194,436.2,436.0,436.2,11650386.0
2018-01-08 14:20:32.033329,436.2,436.0,436.2,11650386.0
2018-01-08 14:20:33.983289,436.2,436.0,436.2,11650386.0
2018-01-08 14:20:35.662256,436.2,436.0,436.2,11650386.0
2018-01-08 14:20:37.713390,436.2,436.0,436.2,11650386.0
2018-01-08 14:20:40.058083,436.2,436.0,436.2,11650386.0
2018-01-08 14:20:41.958711,436.2,436.0,436.2,11653586.0
2018-01-08 14:20:43.898676,436.2,436.0,436.2,11653586.0
2018-01-08 14:20:45.358756,436.2,436.0,436.2,11653586.0
2018-01-08 14:20:47.486362,436.2,436.0,436.2,11653586.0
2018-01-08 14:20:49.483873,436.2,436.0,436.2,11653586.0
2018-01-08 14:20:51.402740,436.2,436.0,436.2,11653586.0
2018-01-08 14:20:54.428220,436.2,436.0,436.2,11653586.0
2018-01-08 14:20:56.287044,436.2,436.0,436.2,11653586.0
2018-01-08 14:20:58.449144,436.2,436.0,436.2,11653586.0
2018-01-08 14:21:00.303779,436.2,436.0,436.2,11653586.0
2018-01-08 14:21:02.342495,436.2,436.0,436.2,11653586.0
2018-01-08 14:21:08.609519,436.2,436.0,436.2,11653586.0
2018-01-08 14:21:10.693426,436.2,436.0,436.2,11653586.0
2018-01-08 14:21:12.624437,436.2,436.0,436.2,11653586.0
2018-01-08 14:21:14.281698,436.2,436.0,436.2,11653586.0
2018-01-08 14:21:15.757984,436.2,436.0,436.2,11653586.0
2018-01-08 14:21:17.792802,436.2,436.0,436.2,11653586.0
2018-01-08 14:21:19.927894,436.2,436.0,436.2,11655086.0
2018-01-08 14:21:21.920554,436.2,436.0,436.2,11655086.0
2018-01-08 14:21:23.784869,436.2,436.0,436.2,11655086.0
2018-01-08 14:21:25.752374,436.2,436.0,436.2,11655086.0
2018-01-08 14:21:27.604987,436.2,436.0,436.2,11655086.0
2018-01-08 14:21:29.896113,436.2,436.0,436.2,11655086.0
2018-01-08 14:21:32.000597,436.2,436.0,436.2,11655086.0
2018-01-08 14:21:33.709320,436.2,436.0,436.2,11655086.0
2018-01-08 14:21:35.196978,436.2,436.0,436.2,11655086.0
2018-01-08 14:21:37.447872,436.2,436.0,436.2,11655086.0
2018-01-08 14:21:39.330441,436.2,436.0,436.2,11655086.0
2018-01-08 14:21:41.327006,436.2,436.0,436.2,11655086.0
2018-01-08 14:21:43.217017,436.2,436.0,436.2,11660686.0
2018-01-08 14:21:45.119085,436.2,436.0,436.2,11660686.0
2018-01-08 14:21:46.915529,436.2,436.0,436.2,11660686.0
2018-01-08 14:21:48.822481,436.2,436.0,436.2,11660686.0
2018-01-08 14:21:50.924019,436.2,436.0,436.2,11660686.0
2018-01-08 14:21:52.601152,436.2,436.0,436.2,11660686.0
2018-01-08 14:21:54.428899,436.2,436.0,436.2,11660686.0
2018-01-08 14:21:56.601043,436.2,436.0,436.2,11660686.0
2018-01-08 14:21:58.110022,436.2,436.0,436.2,11660686.0
2018-01-08 14:22:00.159822,436.2,436.0,436.2,11660686.0
2018-01-08 14:22:02.129080,436.2,436.0,436.2,11660686.0
2018-01-08 14:22:04.203772,436.2,436.0,436.2,11663786.0
2018-01-08 14:22:06.169342,436.2,436.0,436.2,11663786.0
2018-01-08 14:22:12.243317,436.2,436.0,436.2,11663786.0
2018-01-08 14:22:14.335457,436.2,436.0,436.2,11667886.0
2018-01-08 14:22:16.350193,436.2,436.0,436.2,11667886.0
2018-01-08 14:22:18.517661,436.2,436.0,436.2,11667886.0
2018-01-08 14:22:21.437413,436.2,436.0,436.2,11667886.0
2018-01-08 14:22:22.872908,436.2,436.0,436.2,11667886.0
2018-01-08 14:22:24.909124,436.2,436.0,436.2,11667886.0
2018-01-08 14:22:27.043390,436.2,436.0,436.2,11667886.0
2018-01-08 14:22:29.157024,436.2,436.0,436.2,11667886.0
2018-01-08 14:22:31.159871,436.2,436.0,436.2,11667886.0
2018-01-08 14:22:33.228586,436.2,436.0,436.2,11667886.0
2018-01-08 14:22:35.240645,436.2,436.0,436.2,11667886.0
2018-01-08 14:22:37.324009,436.2,436.0,436.2,11667886.0
2018-01-08 14:22:39.406301,436.2,436.0,436.2,11667886.0
2018-01-08 14:22:41.303154,436.2,436.0,436.2,11667886.0
2018-01-08 14:22:43.437206,436.2,436.0,436.2,11667886.0
2018-01-08 14:22:45.339717,436.2,436.0,436.2,11667886.0
2018-01-08 14:22:47.473645,436.2,436.0,436.2,11667886.0
2018-01-08 14:22:49.387234,436.2,436.0,436.2,11667886.0
2018-01-08 14:22:51.322577,436.2,436.0,436.2,11670686.0
2018-01-08 14:22:53.301772,436.2,436.0,436.2,11670686.0
2018-01-08 14:22:55.372184,436.2,436.0,436.2,11670686.0
2018-01-08 14:22:57.419297,436.2,436.0,436.2,11670686.0
2018-01-08 14:22:59.229196,436.2,436.0,436.2,11670686.0
2018-01-08 14:23:01.011375,436.2,436.0,436.2,11670686.0
2018-01-08 14:23:02.463110,436.2,436.0,436.2,11670686.0
2018-01-08 14:23:05.104067,436.2,436.0,436.2,11670686.0
2018-01-08 14:23:07.779056,436.2,436.0,436.2,11670686.0
2018-01-08 14:23:11.194164,436.2,436.0,436.2,11670686.0
2018-01-08 14:23:13.378490,436.2,436.0,436.2,11670686.0
2018-01-08 14:23:16.098526,436.2,436.0,436.2,11670686.0
2018-01-08 14:23:17.760932,436.2,436.0,436.2,11676986.0
2018-01-08 14:23:19.777602,436.2,436.0,436.2,11676986.0
2018-01-08 14:23:21.246476,436.2,436.0,436.2,11676986.0
2018-01-08 14:23:23.381017,436.2,436.0,436.2,11676986.0
2018-01-08 14:23:25.588955,436.2,436.0,436.2,11676986.0
2018-01-08 14:23:27.416253,436.2,436.0,436.2,11676986.0
2018-01-08 14:23:29.239897,436.2,436.0,436.2,11676986.0
2018-01-08 14:23:31.185669,436.2,436.0,436.2,11676986.0
2018-01-08 14:23:32.703194,436.2,436.0,436.2,11676986.0
2018-01-08 14:23:34.422532,436.2,436.0,436.2,11676986.0
2018-01-08 14:23:36.430663,436.2,436.0,436.2,11676986.0
2018-01-08 14:23:38.411763,436.2,436.0,436.2,11676986.0
2018-01-08 14:23:39.938112,436.2,436.0,436.2,11676986.0
2018-01-08 14:23:42.011502,436.2,436.0,436.2,11676986.0
2018-01-08 14:23:43.967722,436.2,436.0,436.2,11676986.0
2018-01-08 14:23:45.798297,436.2,436.0,436.2,11680368.0
2018-01-08 14:23:47.742783,436.2,436.0,436.2,11680368.0
2018-01-08 14:23:49.785493,436.2,436.0,436.2,11680368.0
2018-01-08 14:23:51.613469,436.2,436.0,436.2,11680368.0
2018-01-08 14:23:53.558263,436.2,436.0,436.2,11680368.0
2018-01-08 14:23:55.441724,436.2,436.0,436.2,11680368.0
2018-01-08 14:23:57.073570,436.2,436.0,436.2,11680368.0
2018-01-08 14:23:59.092211,436.2,436.0,436.2,11680368.0
2018-01-08 14:24:01.066229,436.2,436.0,436.2,11680368.0
2018-01-08 14:24:02.512011,436.2,436.0,436.2,11680368.0
2018-01-08 14:24:04.487957,436.2,436.0,436.2,11680368.0
2018-01-08 14:24:06.548995,436.2,436.0,436.2,11680368.0
2018-01-08 14:24:08.506318,436.2,436.0,436.2,11680368.0
2018-01-08 14:24:10.788851,436.2,436.0,436.2,11680368.0
2018-01-08 14:24:12.573501,436.0,436.0,436.2,11688168.0
2018-01-08 14:24:15.053631,436.0,436.0,436.2,11688168.0
2018-01-08 14:24:18.003771,436.0,436.0,436.2,11688168.0
2018-01-08 14:24:19.971280,436.0,436.0,436.2,11688168.0
2018-01-08 14:24:21.897108,436.0,436.0,436.2,11688168.0
2018-01-08 14:24:24.155736,436.0,436.0,436.2,11688168.0
2018-01-08 14:24:25.927719,436.0,436.0,436.2,11688168.0
2018-01-08 14:24:28.270480,436.0,436.0,436.2,11688168.0
2018-01-08 14:24:30.094988,436.0,436.0,436.2,11688168.0
2018-01-08 14:24:31.975595,436.0,436.0,436.2,11688168.0
2018-01-08 14:24:33.680109,436.0,436.0,436.2,11688168.0
2018-01-08 14:24:35.663806,436.2,436.0,436.2,11691268.0
2018-01-08 14:24:37.744288,436.2,436.0,436.2,11691268.0
2018-01-08 14:24:39.856510,436.2,436.0,436.2,11691268.0
2018-01-08 14:24:41.837477,436.2,436.0,436.2,11691268.0
2018-01-08 14:24:43.976025,436.2,436.0,436.2,11691268.0
2018-01-08 14:24:46.011745,436.2,436.0,436.2,11691268.0
2018-01-08 14:24:48.016827,436.2,436.0,436.2,11691268.0
2018-01-08 14:24:50.086598,436.2,436.0,436.2,11691268.0
2018-01-08 14:24:51.702411,436.2,436.0,436.2,11691268.0
2018-01-08 14:24:53.609071,436.2,436.0,436.2,11691268.0
2018-01-08 14:24:55.608253,436.2,436.0,436.2,11691268.0
2018-01-08 14:24:57.627415,436.2,436.0,436.2,11691268.0
2018-01-08 14:24:59.633636,436.0,436.0,436.2,11698268.0
2018-01-08 14:25:01.726087,436.0,436.0,436.2,11698268.0
2018-01-08 14:25:03.429923,436.0,436.0,436.2,11698268.0
2018-01-08 14:25:06.748779,436.0,436.0,436.2,11698268.0
2018-01-08 14:25:08.872045,436.0,436.0,436.2,11698268.0
2018-01-08 14:25:10.759724,436.0,436.0,436.2,11698268.0
2018-01-08 14:25:12.144574,436.0,436.0,436.2,11698268.0
2018-01-08 14:25:13.841927,436.0,436.0,436.2,11698268.0
2018-01-08 14:25:15.290117,436.0,436.0,436.2,11704268.0
2018-01-08 14:25:17.318017,436.0,436.0,436.2,11704268.0
2018-01-08 14:25:19.172573,436.0,436.0,436.2,11704268.0
2018-01-08 14:25:21.726342,436.0,436.0,436.2,11704268.0
2018-01-08 14:25:23.484804,436.0,436.0,436.2,11704268.0
2018-01-08 14:25:25.635960,436.0,436.0,436.2,11704268.0
2018-01-08 14:25:27.761689,436.0,436.0,436.2,11704268.0
2018-01-08 14:25:29.773200,436.0,436.0,436.2,11704268.0
2018-01-08 14:25:31.695273,436.0,436.0,436.2,11704268.0
2018-01-08 14:25:33.144192,436.2,436.0,436.2,11708168.0
2018-01-08 14:25:35.148559,436.2,436.0,436.2,11708168.0
2018-01-08 14:25:37.294407,436.2,436.0,436.2,11708168.0
2018-01-08 14:25:39.232949,436.2,436.0,436.2,11708168.0
2018-01-08 14:25:41.205635,436.2,436.0,436.2,11708168.0
2018-01-08 14:25:43.155556,436.2,436.0,436.2,11708168.0
2018-01-08 14:25:45.522016,436.2,436.0,436.2,11708168.0
2018-01-08 14:25:47.513566,436.0,436.0,436.2,11713168.0
2018-01-08 14:25:51.654302,436.2,436.0,436.2,11721068.0
2018-01-08 14:25:54.309585,436.2,436.0,436.2,11721068.0
2018-01-08 14:25:56.641423,436.2,436.0,436.4,11729468.0
2018-01-08 14:25:58.575491,436.2,436.0,436.4,11729468.0
2018-01-08 14:26:00.585857,436.2,436.0,436.4,11729468.0
2018-01-08 14:26:02.285283,436.2,436.0,436.4,11729468.0
2018-01-08 14:26:04.733287,436.2,436.0,436.4,11729468.0
2018-01-08 14:26:06.661702,436.2,436.0,436.4,11729468.0
2018-01-08 14:26:08.489553,436.2,436.0,436.4,11729468.0
2018-01-08 14:26:11.209718,436.4,436.2,436.6,11767268.0
2018-01-08 14:26:13.167511,436.4,436.2,436.6,11767268.0
2018-01-08 14:26:14.677825,436.4,436.2,436.6,11767268.0
2018-01-08 14:26:18.712083,436.4,436.2,436.6,11767268.0
2018-01-08 14:26:20.710938,436.4,436.2,436.6,11767268.0
2018-01-08 14:26:22.311586,436.6,436.6,436.8,11791668.0
2018-01-08 14:26:24.214800,436.6,436.6,436.8,11796068.0
2018-01-08 14:26:25.990369,436.6,436.6,436.8,11796068.0
2018-01-08 14:26:27.942139,436.6,436.6,436.8,11796068.0
2018-01-08 14:26:29.977401,436.4,436.4,436.6,11809968.0
2018-01-08 14:26:32.245450,436.4,436.4,436.6,11809968.0
2018-01-08 14:26:34.339343,436.4,436.4,436.6,11809968.0
2018-01-08 14:26:36.329542,436.4,436.4,436.6,11809968.0
2018-01-08 14:26:38.286850,436.4,436.4,436.6,11809968.0
2018-01-08 14:26:40.230949,436.4,436.4,436.6,11809968.0
2018-01-08 14:26:42.280817,436.4,436.4,436.6,11809968.0
2018-01-08 14:26:44.185266,436.4,436.4,436.6,11809968.0
2018-01-08 14:26:45.937486,436.4,436.4,436.6,11820863.0
2018-01-08 14:26:47.847751,436.4,436.4,436.6,11820863.0
2018-01-08 14:26:49.384336,436.4,436.4,436.6,11820863.0
2018-01-08 14:26:51.216812,436.4,436.4,436.6,11820863.0
2018-01-08 14:26:52.978466,436.4,436.4,436.6,11820863.0
2018-01-08 14:26:55.102957,436.4,436.4,436.6,11820863.0
2018-01-08 14:26:57.032432,436.4,436.4,436.6,11820863.0
2018-01-08 14:26:59.140234,436.4,436.4,436.6,11820863.0
2018-01-08 14:27:00.929408,436.4,436.4,436.6,11820863.0
2018-01-08 14:27:02.874211,436.4,436.4,436.6,11832963.0
2018-01-08 14:27:04.521642,436.4,436.4,436.6,11832963.0
2018-01-08 14:27:09.449873,436.4,436.4,436.6,11832963.0
2018-01-08 14:27:11.367208,436.4,436.4,436.6,11832963.0
2018-01-08 14:27:12.801145,436.4,436.4,436.6,11832963.0
2018-01-08 14:27:14.825251,436.4,436.4,436.6,11832963.0
2018-01-08 14:27:16.550418,436.4,436.4,436.6,11832963.0
2018-01-08 14:27:18.551659,436.4,436.4,436.6,11847563.0
2018-01-08 14:27:20.646520,436.4,436.4,436.6,11847563.0
2018-01-08 14:27:22.101964,436.4,436.4,436.6,11847563.0
2018-01-08 14:27:23.559323,436.4,436.4,436.6,11847563.0
2018-01-08 14:27:25.483761,436.4,436.4,436.6,11847563.0
2018-01-08 14:27:27.576267,436.4,436.4,436.6,11847563.0
2018-01-08 14:27:29.456497,436.4,436.4,436.6,11847563.0
2018-01-08 14:27:31.293420,436.4,436.4,436.6,11847563.0
2018-01-08 14:27:33.049998,436.4,436.4,436.6,11847563.0
2018-01-08 14:27:35.033652,436.4,436.4,436.6,11847563.0
2018-01-08 14:27:36.744696,436.6,436.4,436.6,11850763.0
2018-01-08 14:27:39.083135,436.6,436.4,436.6,11850763.0
2018-01-08 14:27:41.084322,436.6,436.4,436.6,11850763.0
2018-01-08 14:27:43.077628,436.6,436.4,436.6,11850763.0
2018-01-08 14:27:44.808535,436.6,436.4,436.6,11852163.0
2018-01-08 14:27:46.757917,436.6,436.4,436.6,11852163.0
2018-01-08 14:27:49.072195,436.6,436.4,436.6,11852163.0
2018-01-08 14:27:51.222422,436.6,436.4,436.6,11852163.0
2018-01-08 14:27:53.189830,436.6,436.4,436.6,11852163.0
2018-01-08 14:27:54.600473,436.6,436.4,436.6,11852163.0
2018-01-08 14:27:56.651195,436.6,436.4,436.6,11852163.0
2018-01-08 14:27:58.763215,436.6,436.4,436.6,11852163.0
2018-01-08 14:28:00.377417,436.6,436.4,436.6,11852163.0
2018-01-08 14:28:02.496464,436.6,436.4,436.6,11852163.0
2018-01-08 14:28:06.407978,436.6,436.4,436.6,11852163.0
2018-01-08 14:28:07.914382,436.6,436.4,436.6,11853663.0
2018-01-08 14:28:09.772298,436.6,436.4,436.6,11853663.0
2018-01-08 14:28:11.574694,436.6,436.4,436.6,11853663.0
2018-01-08 14:28:13.473137,436.6,436.4,436.6,11853663.0
2018-01-08 14:28:15.516788,436.6,436.4,436.6,11853663.0
2018-01-08 14:28:18.878285,436.6,436.4,436.6,11855363.0
2018-01-08 14:28:20.942790,436.6,436.4,436.6,11855363.0
2018-01-08 14:28:22.975143,436.6,436.4,436.6,11855363.0
2018-01-08 14:28:25.161326,436.6,436.4,436.6,11855363.0
2018-01-08 14:28:27.130025,436.6,436.4,436.6,11856263.0
2018-01-08 14:28:28.581365,436.6,436.4,436.6,11856263.0
2018-01-08 14:28:30.253699,436.6,436.4,436.6,11856263.0
2018-01-08 14:28:32.234047,436.6,436.4,436.6,11856263.0
2018-01-08 14:28:34.339326,436.6,436.4,436.6,11856263.0
2018-01-08 14:28:36.275529,436.6,436.4,436.6,11856263.0
2018-01-08 14:28:38.145599,436.6,436.4,436.6,11856263.0
2018-01-08 14:28:40.281985,436.8,436.6,436.8,11858763.0
2018-01-08 14:28:42.223317,436.8,436.6,436.8,11858763.0
2018-01-08 14:28:44.283792,436.8,436.6,436.8,11858763.0
2018-01-08 14:28:46.241773,436.8,436.6,436.8,11858763.0
2018-01-08 14:28:48.379518,436.8,436.6,436.8,11858763.0
2018-01-08 14:28:50.624740,436.6,436.6,436.8,11864263.0
2018-01-08 14:28:52.504418,436.6,436.6,436.8,11864263.0
2018-01-08 14:28:54.361764,436.6,436.6,436.8,11864263.0
2018-01-08 14:28:56.327961,436.6,436.6,436.8,11864263.0
2018-01-08 14:28:58.074299,436.6,436.6,436.8,11864263.0
2018-01-08 14:28:59.501658,436.6,436.6,436.8,11864263.0
2018-01-08 14:29:01.145285,436.6,436.6,436.8,11864263.0
2018-01-08 14:29:03.711584,436.6,436.6,436.8,11864263.0
2018-01-08 14:29:09.185717,436.6,436.6,436.8,11864263.0
2018-01-08 14:29:11.489625,436.6,436.6,436.8,11871663.0
2018-01-08 14:29:12.818438,436.6,436.6,436.8,11874863.0
2018-01-08 14:29:18.120304,436.6,436.6,436.8,11874863.0
2018-01-08 14:29:20.148128,436.6,436.6,436.8,11874863.0
2018-01-08 14:29:22.104008,436.6,436.6,436.8,11874863.0
2018-01-08 14:29:24.028617,436.6,436.6,436.8,11878463.0
2018-01-08 14:29:25.585102,436.6,436.6,436.8,11878463.0
2018-01-08 14:29:26.989938,436.6,436.6,436.8,11878463.0
2018-01-08 14:29:28.527495,436.6,436.6,436.8,11878463.0
2018-01-08 14:29:30.465718,436.6,436.6,436.8,11878463.0
2018-01-08 14:29:32.469979,436.6,436.6,436.8,11878463.0
2018-01-08 14:29:34.769405,436.6,436.4,436.6,11893763.0
2018-01-08 14:29:36.257971,436.6,436.4,436.6,11893763.0
2018-01-08 14:29:37.961929,436.4,436.2,436.6,11901363.0
2018-01-08 14:29:39.983065,436.4,436.2,436.6,11901363.0
2018-01-08 14:29:41.952726,436.4,436.2,436.6,11901363.0
2018-01-08 14:29:43.311384,436.4,436.2,436.6,11901363.0
2018-01-08 14:29:44.860753,436.4,436.2,436.6,11901363.0
2018-01-08 14:29:46.757169,436.4,436.2,436.6,11901363.0
2018-01-08 14:29:48.777938,436.4,436.2,436.6,11901363.0
2018-01-08 14:29:50.601958,436.4,436.2,436.4,11903863.0
2018-01-08 14:29:52.691081,436.4,436.2,436.4,11903863.0
2018-01-08 14:29:54.377709,436.4,436.2,436.4,11903863.0
2018-01-08 14:29:56.336590,436.4,436.2,436.4,11903863.0
2018-01-08 14:29:58.252881,436.4,436.2,436.4,11903863.0
2018-01-08 14:29:59.943880,436.4,436.2,436.4,11903863.0
2018-01-08 14:30:01.768620,436.4,436.2,436.4,11903863.0
2018-01-08 14:30:03.821030,436.4,436.4,436.6,11908963.0
2018-01-08 14:30:05.301759,436.4,436.4,436.6,11908963.0
2018-01-08 14:30:07.266535,436.4,436.4,436.6,11908963.0
2018-01-08 14:30:09.291478,436.4,436.4,436.6,11908963.0
2018-01-08 14:30:10.954962,436.4,436.4,436.6,11908963.0
2018-01-08 14:30:13.021393,436.4,436.4,436.6,11908963.0
2018-01-08 14:30:14.578025,436.4,436.4,436.6,11908963.0
2018-01-08 14:30:16.629649,436.4,436.4,436.6,11908963.0
2018-01-08 14:30:18.463862,436.4,436.4,436.6,11908963.0
2018-01-08 14:30:20.279165,436.2,436.2,436.4,11915363.0
2018-01-08 14:30:22.218183,436.2,436.2,436.4,11915363.0
2018-01-08 14:30:24.030197,436.2,436.2,436.4,11915363.0
2018-01-08 14:30:25.946940,436.2,436.2,436.4,11915363.0
2018-01-08 14:30:28.392957,436.2,436.2,436.4,11915363.0
2018-01-08 14:30:29.813077,436.2,436.2,436.4,11915363.0
2018-01-08 14:30:31.869454,436.2,436.2,436.4,11915363.0
2018-01-08 14:30:33.315419,436.2,436.2,436.4,11915363.0
2018-01-08 14:30:35.148030,436.2,436.2,436.4,11915363.0
2018-01-08 14:30:37.149482,436.2,436.2,436.4,11915363.0
2018-01-08 14:30:39.014268,436.2,436.2,436.4,11915363.0
2018-01-08 14:30:40.688593,436.2,436.2,436.4,11915363.0
2018-01-08 14:30:42.140383,436.2,436.2,436.4,11915363.0
2018-01-08 14:30:43.986724,436.2,436.2,436.4,11915363.0
2018-01-08 14:30:45.973881,436.2,436.2,436.4,11915363.0
2018-01-08 14:30:47.997358,436.2,436.2,436.4,11915363.0
2018-01-08 14:30:49.746059,436.2,436.2,436.4,11915363.0
2018-01-08 14:30:51.737998,436.2,436.2,436.4,11915363.0
2018-01-08 14:30:53.784691,436.2,436.2,436.4,11915363.0
2018-01-08 14:30:55.817809,436.2,436.2,436.4,11915363.0
2018-01-08 14:30:58.295743,436.2,436.2,436.4,11915363.0
2018-01-08 14:31:00.138817,436.2,436.2,436.4,11915363.0
2018-01-08 14:31:02.030201,436.2,436.2,436.4,11915363.0
2018-01-08 14:31:04.053264,436.2,436.2,436.4,11915363.0
2018-01-08 14:31:06.089502,436.2,436.2,436.4,11915363.0
2018-01-08 14:31:11.116526,436.2,436.2,436.4,11915363.0
2018-01-08 14:31:13.133779,436.2,436.2,436.4,11915363.0
2018-01-08 14:31:15.247449,436.4,436.2,436.4,11916363.0
2018-01-08 14:31:16.722234,436.4,436.2,436.4,11916363.0
2018-01-08 14:31:18.755064,436.4,436.2,436.4,11916363.0
2018-01-08 14:31:20.669025,436.4,436.2,436.4,11916363.0
2018-01-08 14:31:22.575147,436.4,436.2,436.4,11916363.0
2018-01-08 14:31:24.067661,436.4,436.2,436.4,11916363.0
2018-01-08 14:31:25.767204,436.4,436.2,436.4,11923163.0
2018-01-08 14:31:27.756951,436.4,436.2,436.4,11923163.0
2018-01-08 14:31:29.639500,436.4,436.2,436.4,11923163.0
2018-01-08 14:31:31.434158,436.4,436.2,436.4,11923163.0
2018-01-08 14:31:33.517569,436.4,436.2,436.4,11923163.0
2018-01-08 14:31:35.373832,436.4,436.2,436.4,11923163.0
2018-01-08 14:31:37.502702,436.4,436.2,436.4,11923163.0
2018-01-08 14:31:39.476926,436.4,436.2,436.4,11923163.0
2018-01-08 14:31:41.405675,436.4,436.2,436.4,11923163.0
2018-01-08 14:31:43.434608,436.4,436.2,436.4,11923163.0
2018-01-08 14:31:45.334496,436.4,436.2,436.4,11923163.0
2018-01-08 14:31:47.091804,436.4,436.2,436.4,11923163.0
2018-01-08 14:31:48.898439,436.4,436.2,436.4,11923163.0
2018-01-08 14:31:50.778202,436.4,436.2,436.4,11923163.0
2018-01-08 14:31:52.200105,436.4,436.2,436.4,11923163.0
2018-01-08 14:31:54.114982,436.4,436.2,436.4,11923163.0
2018-01-08 14:31:55.675128,436.4,436.2,436.4,11923163.0
2018-01-08 14:31:57.756994,436.4,436.2,436.4,11923163.0
2018-01-08 14:31:59.888236,436.4,436.2,436.4,11926563.0
2018-01-08 14:32:06.285824,436.4,436.2,436.4,11926563.0
2018-01-08 14:32:11.520061,436.2,436.2,436.4,11930192.0
2018-01-08 14:32:14.086673,436.2,436.2,436.4,11930192.0
2018-01-08 14:32:16.015435,436.2,436.2,436.4,11930192.0
2018-01-08 14:32:18.002636,436.2,436.2,436.4,11930192.0
2018-01-08 14:32:20.023262,436.2,436.2,436.4,11930192.0
2018-01-08 14:32:21.932246,436.2,436.2,436.4,11930192.0
2018-01-08 14:32:24.036382,436.2,436.2,436.4,11930192.0
2018-01-08 14:32:26.143274,436.2,436.2,436.4,11940292.0
2018-01-08 14:32:28.141825,436.2,436.2,436.4,11940292.0
2018-01-08 14:32:29.976978,436.2,436.2,436.4,11940292.0
2018-01-08 14:32:31.968800,436.2,436.2,436.4,11940292.0
2018-01-08 14:32:33.898854,436.2,436.2,436.4,11940292.0
2018-01-08 14:32:35.917534,436.2,436.2,436.4,11940292.0
2018-01-08 14:32:37.274487,436.2,436.2,436.4,11940292.0
2018-01-08 14:32:39.082455,436.2,436.2,436.4,11940292.0
2018-01-08 14:32:40.435839,436.2,436.2,436.4,11940292.0
2018-01-08 14:32:42.366580,436.2,436.2,436.4,11940292.0
2018-01-08 14:32:44.129523,436.2,436.2,436.4,11949092.0
2018-01-08 14:32:46.062137,436.2,436.2,436.4,11949092.0
2018-01-08 14:32:48.071390,436.2,436.0,436.4,11980192.0
2018-01-08 14:32:50.036669,436.0,436.0,436.2,11984092.0
2018-01-08 14:32:51.995309,436.0,436.0,436.2,11984092.0
2018-01-08 14:32:53.230212,436.0,436.0,436.2,11984092.0
2018-01-08 14:32:55.364419,436.0,436.0,436.2,11984092.0
2018-01-08 14:32:57.088888,436.2,436.0,436.2,11987792.0
2018-01-08 14:32:59.098294,436.2,436.0,436.2,11987792.0
2018-01-08 14:33:00.674364,436.2,436.0,436.2,11987792.0
2018-01-08 14:33:02.596961,436.2,436.0,436.2,11987792.0
2018-01-08 14:33:04.358388,436.2,436.0,436.2,11987792.0
2018-01-08 14:33:05.858733,436.2,436.0,436.2,11987792.0
2018-01-08 14:33:09.871911,436.2,436.0,436.4,11994192.0
2018-01-08 14:33:11.718729,436.2,436.0,436.4,11994192.0
2018-01-08 14:33:13.388926,436.2,436.0,436.4,11994192.0
2018-01-08 14:33:14.634885,436.2,436.0,436.4,11994192.0
2018-01-08 14:33:16.686001,436.2,436.0,436.4,11994192.0
2018-01-08 14:33:18.678558,436.2,436.0,436.4,11994192.0
2018-01-08 14:33:20.561289,436.2,436.2,436.4,12001192.0
2018-01-08 14:33:22.441384,436.2,436.2,436.4,12001192.0
2018-01-08 14:33:24.530037,436.2,436.2,436.4,12001192.0
2018-01-08 14:33:26.519081,436.2,436.2,436.4,12001192.0
2018-01-08 14:33:28.519375,436.2,436.2,436.4,12001192.0
2018-01-08 14:33:30.604638,436.2,436.2,436.4,12001192.0
2018-01-08 14:33:32.534420,436.2,436.2,436.4,12005392.0
2018-01-08 14:33:34.697227,436.2,436.2,436.4,12005392.0
2018-01-08 14:33:36.468981,436.2,436.2,436.4,12005392.0
2018-01-08 14:33:38.303357,436.2,436.2,436.4,12005392.0
2018-01-08 14:33:40.272640,436.2,436.2,436.4,12005392.0
2018-01-08 14:33:42.224405,436.2,436.2,436.4,12005392.0
2018-01-08 14:33:44.196637,436.2,436.2,436.4,12005392.0
2018-01-08 14:33:46.190412,436.2,436.2,436.4,12005392.0
2018-01-08 14:33:47.996345,436.2,436.2,436.4,12005392.0
2018-01-08 14:33:49.486724,436.2,436.2,436.4,12005392.0
2018-01-08 14:33:51.115134,436.2,436.2,436.4,12005392.0
2018-01-08 14:33:53.331781,436.2,436.2,436.4,12005392.0
2018-01-08 14:33:55.087436,436.2,436.2,436.4,12005392.0
2018-01-08 14:33:56.428737,436.2,436.2,436.4,12005392.0
2018-01-08 14:33:58.149742,436.2,436.2,436.4,12005392.0
2018-01-08 14:34:00.314007,436.2,436.2,436.4,12005392.0
2018-01-08 14:34:01.766061,436.2,436.2,436.4,12005392.0
2018-01-08 14:34:03.778061,436.2,436.2,436.4,12005392.0
2018-01-08 14:34:06.132236,436.2,436.2,436.4,12005392.0
2018-01-08 14:34:07.787628,436.2,436.2,436.4,12005392.0
2018-01-08 14:34:09.838445,436.2,436.2,436.4,12005392.0
2018-01-08 14:34:11.866057,436.2,436.2,436.4,12005392.0
2018-01-08 14:34:13.877126,436.2,436.2,436.4,12005392.0
2018-01-08 14:34:15.906723,436.2,436.2,436.4,12005392.0
2018-01-08 14:34:17.711830,436.2,436.2,436.4,12005392.0
2018-01-08 14:34:19.963719,436.2,436.2,436.4,12005392.0
2018-01-08 14:34:21.862151,436.4,436.2,436.6,12018492.0
2018-01-08 14:34:23.427039,436.4,436.2,436.6,12018492.0
2018-01-08 14:34:25.357985,436.4,436.2,436.6,12018492.0
2018-01-08 14:34:27.640619,436.4,436.2,436.6,12018492.0
2018-01-08 14:34:29.445646,436.4,436.2,436.6,12018492.0
2018-01-08 14:34:31.369103,436.4,436.2,436.6,12018492.0
2018-01-08 14:34:33.464374,436.4,436.2,436.6,12018492.0
2018-01-08 14:34:35.440964,436.4,436.2,436.6,12018492.0
2018-01-08 14:34:37.283214,436.4,436.2,436.6,12018492.0
2018-01-08 14:34:39.169209,436.4,436.2,436.6,12018492.0
2018-01-08 14:34:40.775623,436.4,436.2,436.6,12018492.0
2018-01-08 14:34:42.854097,436.4,436.2,436.6,12018492.0
2018-01-08 14:34:44.969286,436.4,436.2,436.6,12038292.0
2018-01-08 14:34:46.997310,436.4,436.2,436.6,12038292.0
2018-01-08 14:34:49.109462,436.4,436.2,436.6,12038292.0
2018-01-08 14:34:51.023988,436.4,436.2,436.6,12038292.0
2018-01-08 14:34:53.103722,436.4,436.2,436.6,12038292.0
2018-01-08 14:34:55.222814,436.4,436.2,436.6,12038292.0
2018-01-08 14:34:56.891752,436.4,436.2,436.6,12038292.0
2018-01-08 14:34:58.302997,436.4,436.2,436.6,12038292.0
2018-01-08 14:35:00.333314,436.4,436.2,436.6,12038292.0
2018-01-08 14:35:02.102372,436.4,436.2,436.6,12038292.0
2018-01-08 14:35:03.933450,436.4,436.2,436.6,12038292.0
2018-01-08 14:35:05.852661,436.4,436.2,436.6,12038292.0
2018-01-08 14:35:07.841171,436.4,436.2,436.6,12038292.0
2018-01-08 14:35:11.679074,436.4,436.2,436.6,12038292.0
2018-01-08 14:35:13.361572,436.4,436.4,436.6,12045092.0
2018-01-08 14:35:15.358314,436.4,436.4,436.6,12045092.0
2018-01-08 14:35:16.800130,436.4,436.4,436.6,12045092.0
2018-01-08 14:35:18.841010,436.4,436.4,436.6,12049692.0
2018-01-08 14:35:20.697798,436.4,436.4,436.6,12049692.0
2018-01-08 14:35:22.415714,436.4,436.4,436.6,12049692.0
2018-01-08 14:35:23.840511,436.4,436.4,436.6,12049692.0
2018-01-08 14:35:25.857895,436.4,436.4,436.6,12049692.0
2018-01-08 14:35:27.975766,436.4,436.4,436.6,12049692.0
2018-01-08 14:35:29.838516,436.4,436.4,436.6,12049692.0
2018-01-08 14:35:31.791339,436.4,436.4,436.6,12049692.0
2018-01-08 14:35:33.767355,436.4,436.4,436.6,12049692.0
2018-01-08 14:35:35.704266,436.4,436.4,436.6,12049692.0
2018-01-08 14:35:37.294407,436.4,436.4,436.6,12049692.0
2018-01-08 14:35:39.508483,436.4,436.4,436.6,12049692.0
2018-01-08 14:35:40.999903,436.4,436.4,436.6,12049692.0
2018-01-08 14:35:42.935565,436.4,436.4,436.6,12049692.0
2018-01-08 14:35:44.759302,436.4,436.4,436.6,12049692.0
2018-01-08 14:35:46.843895,436.4,436.4,436.6,12049692.0
2018-01-08 14:35:48.721439,436.4,436.4,436.6,12049692.0
2018-01-08 14:35:50.162344,436.4,436.4,436.6,12049692.0
2018-01-08 14:35:52.226107,436.4,436.4,436.6,12049692.0
2018-01-08 14:35:54.229083,436.4,436.4,436.6,12052692.0
2018-01-08 14:35:56.665529,436.4,436.4,436.6,12052692.0
2018-01-08 14:35:58.887502,436.4,436.4,436.6,12052692.0
2018-01-08 14:36:00.706301,436.4,436.4,436.6,12052692.0
2018-01-08 14:36:02.587787,436.4,436.4,436.6,12052692.0
2018-01-08 14:36:04.597743,436.4,436.4,436.6,12052692.0
2018-01-08 14:36:06.256025,436.4,436.4,436.6,12052692.0
2018-01-08 14:36:11.759136,436.4,436.4,436.6,12052692.0
2018-01-08 14:36:13.519791,436.4,436.4,436.6,12052692.0
2018-01-08 14:36:15.237729,436.4,436.4,436.6,12052692.0
2018-01-08 14:36:17.304695,436.4,436.4,436.6,12052692.0
2018-01-08 14:36:19.377311,436.4,436.4,436.6,12052692.0
2018-01-08 14:36:21.284391,436.4,436.4,436.6,12060892.0
2018-01-08 14:36:23.199294,436.4,436.4,436.6,12060892.0
2018-01-08 14:36:25.213102,436.4,436.4,436.6,12060892.0
2018-01-08 14:36:27.511062,436.4,436.4,436.6,12060892.0
2018-01-08 14:36:29.409126,436.4,436.4,436.6,12060892.0
2018-01-08 14:36:31.678534,436.4,436.4,436.6,12060892.0
2018-01-08 14:36:33.879645,436.4,436.4,436.6,12060892.0
2018-01-08 14:36:36.042374,436.4,436.4,436.6,12060892.0
2018-01-08 14:36:38.067186,436.4,436.4,436.6,12060892.0
2018-01-08 14:36:39.905600,436.4,436.4,436.6,12060892.0
2018-01-08 14:36:41.878945,436.4,436.4,436.6,12060892.0
2018-01-08 14:36:43.803904,436.4,436.4,436.6,12060892.0
2018-01-08 14:36:45.881739,436.4,436.4,436.6,12060892.0
2018-01-08 14:36:47.869077,436.4,436.4,436.6,12060892.0
2018-01-08 14:36:49.724431,436.4,436.4,436.6,12060892.0
2018-01-08 14:36:51.742689,436.4,436.4,436.6,12060892.0
2018-01-08 14:36:53.556439,436.4,436.4,436.6,12060892.0
2018-01-08 14:36:55.008868,436.4,436.4,436.6,12093992.0
2018-01-08 14:36:56.914485,436.4,436.4,436.6,12093992.0
2018-01-08 14:36:58.852393,436.4,436.4,436.6,12093992.0
2018-01-08 14:37:01.580336,436.4,436.4,436.6,12101792.0
2018-01-08 14:37:04.670840,436.4,436.4,436.6,12101792.0
2018-01-08 14:37:06.572274,436.4,436.4,436.6,12101792.0
2018-01-08 14:37:08.262244,436.4,436.4,436.6,12101792.0
2018-01-08 14:37:10.101549,436.4,436.4,436.6,12101792.0
2018-01-08 14:37:12.194114,436.4,436.4,436.6,12101792.0
2018-01-08 14:37:13.787777,436.4,436.4,436.6,12101792.0
2018-01-08 14:37:16.708542,436.4,436.4,436.6,12101792.0
2018-01-08 14:37:18.742794,436.4,436.4,436.6,12108692.0
2018-01-08 14:37:20.692838,436.4,436.4,436.6,12108692.0
2018-01-08 14:37:22.597885,436.4,436.4,436.6,12108692.0
2018-01-08 14:37:24.575012,436.4,436.4,436.6,12108692.0
2018-01-08 14:37:26.580869,436.4,436.4,436.6,12108692.0
2018-01-08 14:37:28.519441,436.4,436.4,436.6,12108692.0
2018-01-08 14:37:30.565689,436.4,436.4,436.6,12108692.0
2018-01-08 14:37:32.140454,436.4,436.4,436.6,12108692.0
2018-01-08 14:37:33.530830,436.4,436.4,436.6,12108692.0
2018-01-08 14:37:35.242866,436.4,436.4,436.6,12108692.0
2018-01-08 14:37:37.154837,436.4,436.4,436.6,12108692.0
2018-01-08 14:37:39.383300,436.4,436.4,436.6,12108692.0
2018-01-08 14:37:41.284510,436.4,436.4,436.6,12108692.0
2018-01-08 14:37:43.191163,436.6,436.4,436.6,12111392.0
2018-01-08 14:37:45.733380,436.6,436.4,436.6,12111392.0
2018-01-08 14:37:47.754245,436.6,436.4,436.6,12111392.0
2018-01-08 14:37:49.648293,436.6,436.4,436.6,12111392.0
2018-01-08 14:37:51.800030,436.6,436.4,436.6,12111392.0
2018-01-08 14:37:53.722139,436.6,436.4,436.6,12111392.0
2018-01-08 14:37:55.383437,436.6,436.4,436.6,12111392.0
2018-01-08 14:37:57.450189,436.6,436.4,436.6,12111392.0
2018-01-08 14:37:59.369199,436.4,436.4,436.6,12116092.0
2018-01-08 14:38:00.995066,436.4,436.4,436.6,12116092.0
2018-01-08 14:38:02.435213,436.4,436.4,436.6,12116092.0
2018-01-08 14:38:03.913745,436.4,436.4,436.6,12116092.0
2018-01-08 14:38:05.560839,436.4,436.4,436.6,12116092.0
2018-01-08 14:38:07.104897,436.4,436.4,436.6,12116092.0
2018-01-08 14:38:12.305994,436.4,436.4,436.6,12116092.0
2018-01-08 14:38:13.742720,436.4,436.4,436.6,12116092.0
2018-01-08 14:38:16.257111,436.4,436.4,436.6,12116092.0
2018-01-08 14:38:18.178058,436.4,436.4,436.6,12116092.0
2018-01-08 14:38:20.193380,436.4,436.4,436.6,12116092.0
2018-01-08 14:38:22.152307,436.4,436.4,436.6,12116092.0
2018-01-08 14:38:24.404642,436.4,436.4,436.6,12116092.0
2018-01-08 14:38:26.276040,436.4,436.4,436.6,12116092.0
2018-01-08 14:38:28.146277,436.4,436.4,436.6,12116092.0
2018-01-08 14:38:29.867439,436.4,436.4,436.6,12116092.0
2018-01-08 14:38:32.031012,436.4,436.4,436.6,12116092.0
2018-01-08 14:38:33.927927,436.4,436.4,436.6,12116092.0
2018-01-08 14:38:35.838268,436.4,436.4,436.6,12116092.0
2018-01-08 14:38:37.551297,436.4,436.4,436.6,12116092.0
2018-01-08 14:38:39.556919,436.4,436.4,436.6,12116092.0
2018-01-08 14:38:41.416337,436.4,436.4,436.6,12116092.0
2018-01-08 14:38:43.360864,436.6,436.4,436.6,12118492.0
2018-01-08 14:38:45.102079,436.6,436.4,436.6,12118492.0
2018-01-08 14:38:47.168355,436.6,436.4,436.6,12118492.0
2018-01-08 14:38:49.030337,436.6,436.4,436.6,12118492.0
2018-01-08 14:38:50.944181,436.6,436.4,436.6,12118492.0
2018-01-08 14:38:52.987955,436.6,436.4,436.6,12118492.0
2018-01-08 14:38:54.630197,436.6,436.4,436.6,12118492.0
2018-01-08 14:38:56.044725,436.6,436.4,436.6,12118492.0
2018-01-08 14:38:57.883575,436.6,436.4,436.6,12118492.0
2018-01-08 14:38:59.733521,436.6,436.4,436.6,12118492.0
2018-01-08 14:39:01.508656,436.6,436.4,436.6,12118492.0
2018-01-08 14:39:03.811404,436.6,436.4,436.6,12118492.0
2018-01-08 14:39:05.444079,436.6,436.4,436.6,12118492.0
2018-01-08 14:39:07.447543,436.6,436.4,436.6,12118492.0
2018-01-08 14:39:09.370492,436.6,436.4,436.6,12120792.0
2018-01-08 14:39:11.089485,436.6,436.4,436.6,12120792.0
2018-01-08 14:39:12.764939,436.6,436.4,436.6,12120792.0
2018-01-08 14:39:14.669131,436.6,436.4,436.6,12120792.0
2018-01-08 14:39:16.476815,436.6,436.4,436.6,12120792.0
2018-01-08 14:39:18.122966,436.6,436.4,436.6,12120792.0
2018-01-08 14:39:19.570499,436.6,436.4,436.6,12120792.0
2018-01-08 14:39:21.527017,436.6,436.4,436.6,12120792.0
2018-01-08 14:39:23.723167,436.6,436.4,436.6,12120792.0
2018-01-08 14:39:25.665237,436.6,436.4,436.6,12120792.0
2018-01-08 14:39:27.723993,436.6,436.4,436.6,12120792.0
2018-01-08 14:39:30.045152,436.6,436.4,436.6,12120792.0
2018-01-08 14:39:31.997870,436.6,436.4,436.6,12120792.0
2018-01-08 14:39:33.921173,436.6,436.4,436.6,12120792.0
2018-01-08 14:39:35.838976,436.6,436.4,436.6,12120792.0
2018-01-08 14:39:37.296048,436.6,436.4,436.6,12120792.0
2018-01-08 14:39:39.424573,436.6,436.4,436.6,12120792.0
2018-01-08 14:39:40.904064,436.6,436.4,436.6,12120792.0
2018-01-08 14:39:42.730221,436.6,436.4,436.6,12127492.0
2018-01-08 14:39:44.772645,436.6,436.4,436.6,12127492.0
2018-01-08 14:39:46.742624,436.6,436.4,436.6,12127492.0
2018-01-08 14:39:48.729479,436.6,436.4,436.6,12127492.0
2018-01-08 14:39:50.743102,436.6,436.4,436.6,12127492.0
2018-01-08 14:39:52.424999,436.6,436.4,436.6,12127492.0
2018-01-08 14:39:54.476852,436.6,436.4,436.6,12127492.0
2018-01-08 14:39:56.210188,436.6,436.4,436.6,12127492.0
2018-01-08 14:39:58.220500,436.6,436.4,436.6,12127492.0
2018-01-08 14:39:59.990937,436.6,436.4,436.6,12127492.0
2018-01-08 14:40:01.480244,436.6,436.4,436.6,12127492.0
2018-01-08 14:40:03.503902,436.6,436.4,436.6,12127492.0
2018-01-08 14:40:05.070537,436.6,436.4,436.6,12127492.0
2018-01-08 14:40:06.858845,436.6,436.4,436.6,12127492.0
2018-01-08 14:40:08.745796,436.6,436.4,436.6,12127492.0
2018-01-08 14:40:11.147515,436.6,436.4,436.6,12127492.0
2018-01-08 14:40:12.519823,436.6,436.4,436.6,12136292.0
2018-01-08 14:40:14.394819,436.6,436.4,436.6,12136292.0
2018-01-08 14:40:16.301886,436.6,436.4,436.6,12136292.0
2018-01-08 14:40:18.593062,436.6,436.4,436.6,12136292.0
2018-01-08 14:40:20.532620,436.6,436.4,436.6,12136292.0
2018-01-08 14:40:22.699136,436.6,436.4,436.6,12136292.0
2018-01-08 14:40:24.711801,436.6,436.4,436.6,12136292.0
2018-01-08 14:40:26.681187,436.6,436.4,436.6,12136292.0
2018-01-08 14:40:28.615728,436.6,436.4,436.6,12136292.0
2018-01-08 14:40:30.545315,436.6,436.4,436.6,12136292.0
2018-01-08 14:40:32.528712,436.6,436.4,436.6,12136292.0
2018-01-08 14:40:34.548285,436.6,436.4,436.6,12136292.0
2018-01-08 14:40:36.282986,436.6,436.4,436.6,12136292.0
2018-01-08 14:40:38.211455,436.6,436.4,436.6,12136292.0
2018-01-08 14:40:39.762784,436.6,436.4,436.6,12136292.0
2018-01-08 14:40:41.587632,436.6,436.4,436.6,12136292.0
2018-01-08 14:40:43.521056,436.6,436.4,436.6,12138692.0
2018-01-08 14:40:45.072524,436.6,436.4,436.6,12138692.0
2018-01-08 14:40:46.586856,436.6,436.4,436.6,12138692.0
2018-01-08 14:40:48.618528,436.6,436.4,436.6,12138692.0
2018-01-08 14:40:50.211208,436.6,436.4,436.6,12138692.0
2018-01-08 14:40:52.207121,436.6,436.4,436.6,12138692.0
2018-01-08 14:40:54.304799,436.6,436.4,436.6,12138692.0
2018-01-08 14:40:56.377620,436.6,436.4,436.6,12138692.0
2018-01-08 14:40:58.291093,436.6,436.4,436.6,12138692.0
2018-01-08 14:41:00.189250,436.6,436.4,436.6,12138692.0
2018-01-08 14:41:02.293321,436.6,436.4,436.6,12138692.0
2018-01-08 14:41:04.407589,436.6,436.4,436.6,12138692.0
2018-01-08 14:41:09.432484,436.6,436.4,436.6,12138692.0
2018-01-08 14:41:13.065440,436.6,436.4,436.6,12142892.0
2018-01-08 14:41:14.675889,436.6,436.4,436.6,12142892.0
2018-01-08 14:41:16.347540,436.6,436.4,436.6,12142892.0
2018-01-08 14:41:18.360980,436.6,436.4,436.6,12142892.0
2018-01-08 14:41:19.877222,436.6,436.4,436.6,12142892.0
2018-01-08 14:41:21.613005,436.6,436.4,436.6,12142892.0
2018-01-08 14:41:23.808184,436.6,436.4,436.6,12142892.0
2018-01-08 14:41:25.413703,436.6,436.4,436.6,12142892.0
2018-01-08 14:41:27.505692,436.6,436.4,436.6,12142892.0
2018-01-08 14:41:29.558132,436.6,436.4,436.6,12142892.0
2018-01-08 14:41:31.681261,436.6,436.4,436.6,12142892.0
2018-01-08 14:41:33.363328,436.6,436.4,436.6,12142892.0
2018-01-08 14:41:35.379541,436.6,436.4,436.6,12142892.0
2018-01-08 14:41:37.296326,436.6,436.4,436.6,12142892.0
2018-01-08 14:41:38.881084,436.6,436.4,436.6,12142892.0
2018-01-08 14:41:40.688810,436.6,436.4,436.6,12142892.0
2018-01-08 14:41:42.739130,436.6,436.4,436.6,12142892.0
2018-01-08 14:41:44.815565,436.6,436.4,436.6,12142892.0
2018-01-08 14:41:46.705661,436.6,436.4,436.6,12142892.0
2018-01-08 14:41:48.575259,436.6,436.4,436.6,12142892.0
2018-01-08 14:41:50.404438,436.4,436.4,436.6,12145192.0
2018-01-08 14:41:52.436472,436.4,436.4,436.6,12145192.0
2018-01-08 14:41:54.102629,436.4,436.4,436.6,12145192.0
2018-01-08 14:41:56.010884,436.4,436.4,436.6,12145192.0
2018-01-08 14:41:58.112424,436.4,436.4,436.6,12145192.0
2018-01-08 14:41:59.893580,436.4,436.4,436.6,12145192.0
2018-01-08 14:42:01.914483,436.4,436.4,436.6,12145192.0
2018-01-08 14:42:04.002137,436.4,436.4,436.6,12145192.0
2018-01-08 14:42:05.941273,436.4,436.4,436.6,12145192.0
2018-01-08 14:42:07.636976,436.4,436.4,436.6,12145192.0
2018-01-08 14:42:09.140502,436.6,436.4,436.6,12152892.0
2018-01-08 14:42:10.942719,436.6,436.4,436.6,12152892.0
2018-01-08 14:42:12.730095,436.6,436.4,436.6,12152892.0
2018-01-08 14:42:14.681713,436.6,436.4,436.6,12152892.0
2018-01-08 14:42:16.443531,436.6,436.4,436.6,12152892.0
2018-01-08 14:42:18.025939,436.6,436.4,436.6,12152892.0
2018-01-08 14:42:20.002663,436.6,436.4,436.6,12152892.0
2018-01-08 14:42:21.999770,436.6,436.4,436.6,12152892.0
2018-01-08 14:42:24.022284,436.6,436.4,436.6,12152892.0
2018-01-08 14:42:25.619329,436.6,436.4,436.6,12152892.0
2018-01-08 14:42:27.622735,436.6,436.4,436.6,12152892.0
2018-01-08 14:42:29.691247,436.6,436.4,436.6,12152892.0
2018-01-08 14:42:31.688742,436.4,436.4,436.6,12157592.0
2018-01-08 14:42:34.020772,436.4,436.4,436.6,12157592.0
2018-01-08 14:42:35.730521,436.4,436.4,436.6,12157592.0
2018-01-08 14:42:37.713015,436.4,436.4,436.6,12157592.0
2018-01-08 14:42:39.688000,436.4,436.4,436.6,12157592.0
2018-01-08 14:42:41.125457,436.4,436.4,436.6,12157592.0
2018-01-08 14:42:43.243547,436.4,436.4,436.6,12157592.0
2018-01-08 14:42:45.186989,436.4,436.4,436.6,12157592.0
2018-01-08 14:42:46.548494,436.4,436.4,436.6,12157592.0
2018-01-08 14:42:48.494171,436.4,436.4,436.6,12157592.0
2018-01-08 14:42:50.386184,436.4,436.4,436.6,12157592.0
2018-01-08 14:42:52.366643,436.4,436.4,436.6,12157592.0
2018-01-08 14:42:54.163032,436.4,436.4,436.6,12157592.0
2018-01-08 14:42:56.281980,436.4,436.4,436.6,12157592.0
2018-01-08 14:42:58.346528,436.4,436.4,436.6,12157592.0
2018-01-08 14:42:59.975042,436.4,436.4,436.6,12157592.0
2018-01-08 14:43:01.971729,436.4,436.4,436.6,12157592.0
2018-01-08 14:43:04.974370,436.6,436.4,436.6,12159492.0
2018-01-08 14:43:06.868046,436.4,436.4,436.6,12178192.0
2018-01-08 14:43:10.500009,436.4,436.4,436.6,12178192.0
2018-01-08 14:43:12.586801,436.4,436.4,436.6,12221792.0
2018-01-08 14:43:14.592601,436.4,436.4,436.6,12221792.0
2018-01-08 14:43:16.579485,436.4,436.4,436.6,12221792.0
2018-01-08 14:43:18.549537,436.4,436.4,436.6,12221792.0
2018-01-08 14:43:19.986133,436.4,436.4,436.6,12221792.0
2018-01-08 14:43:21.860974,436.4,436.2,436.4,12228692.0
2018-01-08 14:43:23.506762,436.4,436.2,436.4,12228692.0
2018-01-08 14:43:25.295692,436.4,436.2,436.4,12228692.0
2018-01-08 14:43:26.739919,436.4,436.2,436.4,12228692.0
2018-01-08 14:43:28.683347,436.4,436.2,436.4,12228692.0
2018-01-08 14:43:30.314229,436.4,436.2,436.4,12228692.0
2018-01-08 14:43:32.131402,436.4,436.2,436.4,12228692.0
2018-01-08 14:43:34.528462,436.4,436.2,436.4,12228692.0
2018-01-08 14:43:36.507334,436.4,436.2,436.4,12228692.0
2018-01-08 14:43:38.051906,436.4,436.2,436.4,12228692.0
2018-01-08 14:43:40.059378,436.4,436.2,436.4,12228692.0
2018-01-08 14:43:42.067590,436.4,436.2,436.4,12228692.0
2018-01-08 14:43:44.058446,436.4,436.4,436.6,12232592.0
2018-01-08 14:43:45.429695,436.4,436.4,436.6,12232592.0
2018-01-08 14:43:47.317143,436.4,436.4,436.6,12232592.0
2018-01-08 14:43:49.289361,436.4,436.2,436.4,12235292.0
2018-01-08 14:43:51.431185,436.4,436.2,436.4,12235292.0
2018-01-08 14:43:53.578746,436.4,436.2,436.4,12235292.0
2018-01-08 14:43:55.619699,436.4,436.2,436.4,12235292.0
2018-01-08 14:43:57.652727,436.4,436.2,436.4,12235292.0
2018-01-08 14:43:59.511524,436.4,436.2,436.4,12235292.0
2018-01-08 14:44:01.276413,436.4,436.2,436.4,12235292.0
2018-01-08 14:44:02.893542,436.4,436.2,436.4,12235292.0
2018-01-08 14:44:04.320107,436.4,436.2,436.4,12235292.0
2018-01-08 14:44:06.300086,436.6,436.4,436.6,12242092.0
2018-01-08 14:44:07.699832,436.6,436.4,436.6,12242092.0
2018-01-08 14:44:09.728597,436.6,436.4,436.6,12242092.0
2018-01-08 14:44:11.663639,436.6,436.4,436.6,12242092.0
2018-01-08 14:44:13.558756,436.6,436.4,436.6,12242092.0
2018-01-08 14:44:15.229448,436.6,436.4,436.6,12242092.0
2018-01-08 14:44:17.231143,436.4,436.4,436.6,12252192.0
2018-01-08 14:44:19.244103,436.4,436.4,436.6,12252192.0
2018-01-08 14:44:22.073472,436.4,436.4,436.6,12252192.0
2018-01-08 14:44:24.293065,436.4,436.4,436.6,12252192.0
2018-01-08 14:44:26.367300,436.4,436.4,436.6,12252192.0
2018-01-08 14:44:28.271868,436.4,436.4,436.6,12252192.0
2018-01-08 14:44:30.273268,436.4,436.2,436.4,12255492.0
2018-01-08 14:44:32.250302,436.4,436.2,436.4,12255492.0
2018-01-08 14:44:33.913115,436.4,436.2,436.4,12255492.0
2018-01-08 14:44:35.800640,436.4,436.2,436.4,12255492.0
2018-01-08 14:44:37.662209,436.4,436.2,436.4,12255492.0
2018-01-08 14:44:39.071824,436.4,436.2,436.4,12255492.0
2018-01-08 14:44:41.132008,436.4,436.2,436.4,12255492.0
2018-01-08 14:44:43.230556,436.4,436.2,436.4,12255492.0
2018-01-08 14:44:45.098038,436.4,436.2,436.4,12255492.0
2018-01-08 14:44:46.990132,436.4,436.2,436.4,12255492.0
2018-01-08 14:44:49.031060,436.4,436.2,436.4,12259992.0
2018-01-08 14:44:50.894267,436.4,436.2,436.4,12259992.0
2018-01-08 14:44:53.030921,436.4,436.2,436.4,12259992.0
2018-01-08 14:44:54.912263,436.4,436.2,436.4,12259992.0
2018-01-08 14:44:56.813407,436.4,436.2,436.4,12259992.0
2018-01-08 14:44:58.803156,436.4,436.2,436.4,12259992.0
2018-01-08 14:45:00.607408,436.4,436.2,436.4,12259992.0
2018-01-08 14:45:02.805157,436.4,436.2,436.4,12259992.0
2018-01-08 14:45:04.923231,436.4,436.2,436.4,12259992.0
2018-01-08 14:45:10.179277,436.4,436.2,436.4,12259992.0
2018-01-08 14:45:11.953545,436.4,436.2,436.4,12259992.0
2018-01-08 14:45:13.687182,436.4,436.2,436.4,12259992.0
2018-01-08 14:45:15.656226,436.4,436.2,436.4,12259992.0
2018-01-08 14:45:17.100853,436.4,436.2,436.4,12259992.0
2018-01-08 14:45:18.894885,436.4,436.2,436.4,12259992.0
2018-01-08 14:45:20.443046,436.4,436.2,436.4,12259992.0
2018-01-08 14:45:22.307642,436.4,436.2,436.4,12259992.0
2018-01-08 14:45:24.274553,436.4,436.2,436.4,12259992.0
2018-01-08 14:45:26.252372,436.4,436.2,436.6,12271292.0
2018-01-08 14:45:28.177106,436.4,436.2,436.6,12271292.0
2018-01-08 14:45:30.378443,436.4,436.2,436.6,12271292.0
2018-01-08 14:45:32.080387,436.4,436.2,436.6,12271292.0
2018-01-08 14:45:34.121200,436.4,436.2,436.6,12271292.0
2018-01-08 14:45:36.130215,436.4,436.2,436.6,12271292.0
2018-01-08 14:45:38.416941,436.4,436.2,436.6,12271292.0
2018-01-08 14:45:40.421638,436.4,436.2,436.6,12271292.0
2018-01-08 14:45:42.720777,436.4,436.2,436.6,12271292.0
2018-01-08 14:45:44.662577,436.4,436.4,436.6,12276992.0
2018-01-08 14:45:46.219000,436.4,436.4,436.6,12276992.0
2018-01-08 14:45:47.981892,436.4,436.4,436.6,12276992.0
2018-01-08 14:45:49.440470,436.4,436.4,436.6,12276992.0
2018-01-08 14:45:51.535906,436.4,436.4,436.6,12276992.0
2018-01-08 14:45:53.512955,436.4,436.4,436.6,12276992.0
2018-01-08 14:45:55.468482,436.4,436.4,436.6,12276992.0
2018-01-08 14:45:57.523209,436.4,436.4,436.6,12276992.0
2018-01-08 14:45:59.451579,436.4,436.4,436.6,12276992.0
2018-01-08 14:46:01.434851,436.4,436.4,436.6,12276992.0
2018-01-08 14:46:03.159402,436.4,436.4,436.6,12276992.0
2018-01-08 14:46:06.151102,436.4,436.4,436.6,12276992.0
2018-01-08 14:46:07.593659,436.4,436.4,436.6,12284892.0
2018-01-08 14:46:13.937553,436.4,436.4,436.6,12284892.0
2018-01-08 14:46:15.908423,436.4,436.4,436.6,12284892.0
2018-01-08 14:46:17.747895,436.6,436.4,436.6,12291192.0
2018-01-08 14:46:21.360453,436.6,436.4,436.6,12291192.0
2018-01-08 14:46:23.352937,436.4,436.4,436.6,12298192.0
2018-01-08 14:46:25.093499,436.4,436.4,436.6,12298192.0
2018-01-08 14:46:27.055057,436.4,436.2,436.6,12305492.0
2018-01-08 14:46:29.192570,436.4,436.2,436.6,12305492.0
2018-01-08 14:46:31.134947,436.4,436.2,436.6,12305492.0
2018-01-08 14:46:33.207207,436.4,436.2,436.6,12305492.0
2018-01-08 14:46:35.140511,436.4,436.2,436.6,12305492.0
2018-01-08 14:46:36.554494,436.4,436.2,436.6,12305492.0
2018-01-08 14:46:38.350212,436.4,436.2,436.6,12305492.0
2018-01-08 14:46:40.396667,436.4,436.2,436.6,12305492.0
2018-01-08 14:46:42.294146,436.4,436.2,436.6,12305492.0
2018-01-08 14:46:44.203128,436.4,436.2,436.6,12305492.0
2018-01-08 14:46:46.232565,436.4,436.2,436.6,12305492.0
2018-01-08 14:46:48.183286,436.4,436.2,436.6,12305492.0
