time,price,bid,ask,volume
2018-01-08 09:35:50.279896,437.8,437.6,437.8,2638640.0
2018-01-08 09:35:51.992729,437.8,437.6,437.8,2638640.0
2018-01-08 09:35:53.826039,437.6,437.6,437.8,2661540.0
2018-01-08 09:35:56.399648,437.6,437.6,437.8,2661540.0
2018-01-08 09:35:58.245112,437.6,437.6,437.8,2661540.0
2018-01-08 09:36:00.378238,437.4,437.2,437.4,2685140.0
2018-01-08 09:36:03.432805,437.2,437.2,437.4,2690140.0
2018-01-08 09:36:04.766652,437.2,437.2,437.4,2694040.0
2018-01-08 09:36:06.673096,437.2,437.2,437.4,2694040.0
2018-01-08 09:36:08.606918,437.2,437.2,437.4,2694040.0
2018-01-08 09:36:10.166195,437.6,437.4,437.6,2701940.0
2018-01-08 09:36:16.345305,437.6,437.4,437.6,2704240.0
2018-01-08 09:36:18.234505,437.6,437.4,437.6,2704240.0
2018-01-08 09:36:20.000737,437.4,437.4,437.6,2707240.0
2018-01-08 09:36:22.105626,437.4,437.4,437.6,2707240.0
2018-01-08 09:36:24.033867,437.4,437.4,437.6,2707240.0
2018-01-08 09:36:26.174085,437.4,437.4,437.6,2707240.0
2018-01-08 09:36:27.949013,437.2,437.2,437.4,2716040.0
2018-01-08 09:36:29.843065,437.2,437.2,437.4,2716040.0
2018-01-08 09:36:31.515900,437.2,437.2,437.4,2716040.0
2018-01-08 09:36:33.352567,437.4,437.2,437.4,2719840.0
2018-01-08 09:36:35.304455,437.2,437.2,437.4,2724640.0
2018-01-08 09:36:37.455633,437.2,437.2,437.4,2724640.0
2018-01-08 09:36:39.298794,437.2,437.2,437.4,2724640.0
2018-01-08 09:36:41.189887,437.2,437.0,437.2,2733340.0
2018-01-08 09:36:42.533700,437.0,437.0,437.2,2738840.0
2018-01-08 09:36:44.417193,437.0,437.0,437.2,2738840.0
2018-01-08 09:36:46.634000,437.0,436.8,437.0,2756240.0
2018-01-08 09:36:48.531021,437.0,436.8,437.0,2756240.0
2018-01-08 09:36:50.614419,437.0,436.8,437.0,2756240.0
2018-01-08 09:36:52.506108,437.0,436.8,437.0,2756240.0
2018-01-08 09:36:54.401388,437.0,436.8,437.0,2756240.0
2018-01-08 09:36:55.807699,437.0,436.8,437.0,2756240.0
2018-01-08 09:36:57.728916,436.8,436.6,436.8,2769440.0
2018-01-08 09:36:58.915038,436.8,436.6,436.8,2769440.0
2018-01-08 09:37:14.314642,436.8,436.8,437.0,2797140.0
2018-01-08 09:37:16.064426,436.8,436.8,437.0,2801740.0
2018-01-08 09:37:17.403818,436.8,436.8,437.0,2801740.0
2018-01-08 09:37:19.061061,436.8,436.8,437.0,2801740.0
2018-01-08 09:37:20.608112,436.8,436.8,437.0,2801740.0
2018-01-08 09:37:22.770533,436.8,436.8,437.0,2801740.0
2018-01-08 09:37:24.192117,437.0,436.8,437.0,2816740.0
2018-01-08 09:37:25.748293,436.8,436.8,437.0,2836440.0
2018-01-08 09:37:27.303647,436.8,436.8,437.0,2836440.0
2018-01-08 09:37:28.651741,436.8,436.8,437.0,2836440.0
2018-01-08 09:37:30.116073,436.8,436.8,437.0,2836440.0
2018-01-08 09:37:31.631456,436.8,436.8,437.0,2836440.0
2018-01-08 09:37:33.160313,436.8,436.8,437.0,2836440.0
2018-01-08 09:37:34.998977,436.8,436.8,437.0,2836440.0
2018-01-08 09:37:36.639193,436.8,436.8,437.0,2836440.0
2018-01-08 09:37:38.100850,436.8,436.8,437.0,2836440.0
2018-01-08 09:37:39.673663,436.8,436.8,437.0,2836440.0
2018-01-08 09:37:41.348609,436.8,436.6,436.8,2837974.0
2018-01-08 09:37:42.935749,436.6,436.4,436.8,2851974.0
2018-01-08 09:37:44.748481,436.6,436.4,436.8,2851974.0
2018-01-08 09:37:46.312377,436.4,436.4,436.6,2857674.0
2018-01-08 09:37:47.724387,436.4,436.4,436.6,2857674.0
2018-01-08 09:37:49.239287,436.4,436.4,436.6,2857674.0
2018-01-08 09:37:50.934521,436.4,436.4,436.6,2857674.0
2018-01-08 09:37:52.103972,436.4,436.4,436.6,2863674.0
2018-01-08 09:37:53.932421,436.4,436.4,436.6,2863674.0
2018-01-08 09:37:55.566204,436.4,436.4,436.6,2863674.0
2018-01-08 09:37:56.695798,436.4,436.4,436.6,2863674.0
2018-01-08 09:37:58.318795,436.2,436.2,436.4,2869174.0
2018-01-08 09:37:59.957351,436.2,436.2,436.4,2869174.0
2018-01-08 09:38:01.476951,436.2,436.2,436.4,2869174.0
2018-01-08 09:38:03.393203,436.0,436.0,436.4,2874774.0
2018-01-08 09:38:04.994595,436.0,436.0,436.4,2874774.0
2018-01-08 09:38:06.699469,436.0,436.0,436.4,2874774.0
2018-01-08 09:38:08.235595,436.0,436.0,436.4,2874774.0
2018-01-08 09:38:09.795214,436.0,436.0,436.4,2874774.0
2018-01-08 09:38:11.558465,436.0,436.0,436.4,2874774.0
2018-01-08 09:38:12.691562,436.4,436.2,436.4,2881074.0
2018-01-08 09:38:14.347686,436.4,436.2,436.4,2881074.0
2018-01-08 09:38:16.077984,436.4,436.2,436.4,2881074.0
2018-01-08 09:38:17.427244,436.2,436.2,436.4,2885043.0
2018-01-08 09:38:18.477953,436.2,436.2,436.4,2885043.0
2018-01-08 09:38:20.091133,436.2,436.2,436.4,2885043.0
2018-01-08 09:38:21.823664,436.2,436.2,436.4,2885043.0
2018-01-08 09:38:23.119975,436.2,436.2,436.4,2885043.0
2018-01-08 09:38:24.703027,436.2,436.0,436.2,2889143.0
2018-01-08 09:38:26.573618,436.2,436.0,436.2,2889143.0
2018-01-08 09:38:28.056602,436.4,436.2,436.4,2899343.0
2018-01-08 09:38:29.632625,436.4,436.2,436.4,2899343.0
2018-01-08 09:38:31.396721,436.4,436.4,436.6,2907143.0
2018-01-08 09:38:33.134437,436.4,436.4,436.6,2907143.0
2018-01-08 09:38:34.707760,436.4,436.4,436.6,2907143.0
2018-01-08 09:38:35.922263,436.4,436.4,436.6,2907143.0
2018-01-08 09:38:37.419285,436.4,436.4,436.6,2907143.0
2018-01-08 09:38:39.011095,436.4,436.4,436.6,2907143.0
2018-01-08 09:38:40.692663,436.4,436.4,436.6,2912443.0
2018-01-08 09:38:42.393915,436.4,436.4,436.6,2912443.0
2018-01-08 09:38:44.173224,436.4,436.4,436.6,2912443.0
2018-01-08 09:38:45.742976,436.4,436.4,436.6,2917243.0
2018-01-08 09:38:47.049844,436.2,436.2,436.4,2920743.0
2018-01-08 09:38:48.447625,436.6,436.2,436.6,2923243.0
2018-01-08 09:38:50.013933,436.6,436.2,436.6,2923243.0
2018-01-08 09:38:51.532478,436.6,436.2,436.6,2923243.0
2018-01-08 09:38:52.911706,436.4,436.2,436.4,2926043.0
2018-01-08 09:38:54.429852,436.4,436.2,436.4,2926043.0
2018-01-08 09:38:56.306844,436.4,436.2,436.4,2926043.0
2018-01-08 09:38:57.951502,436.4,436.2,436.4,2926043.0
2018-01-08 09:38:59.393942,436.4,436.2,436.4,2926043.0
2018-01-08 09:39:00.704588,436.4,436.2,436.4,2929343.0
2018-01-08 09:39:02.247271,436.4,436.2,436.4,2933643.0
2018-01-08 09:39:03.799982,436.4,436.2,436.4,2933643.0
2018-01-08 09:39:05.681785,436.4,436.2,436.4,2933643.0
2018-01-08 09:39:07.538035,436.4,436.2,436.4,2933643.0
2018-01-08 09:39:09.142199,436.4,436.2,436.4,2933643.0
2018-01-08 09:39:10.829339,436.4,436.4,436.6,2937643.0
2018-01-08 09:39:12.286240,436.4,436.4,436.6,2937643.0
2018-01-08 09:39:13.790122,436.4,436.4,436.6,2937643.0
2018-01-08 09:39:15.550648,436.4,436.4,436.6,2945743.0
2018-01-08 09:39:17.006593,436.6,436.2,436.6,2956843.0
2018-01-08 09:39:18.699212,436.6,436.2,436.6,2956843.0
2018-01-08 09:39:20.471189,436.6,436.2,436.6,2956843.0
2018-01-08 09:39:21.736576,436.6,436.2,436.6,2956843.0
2018-01-08 09:39:23.096001,436.6,436.2,436.6,2956843.0
2018-01-08 09:39:24.143362,436.4,436.2,436.4,2958843.0
2018-01-08 09:39:25.763614,436.4,436.2,436.4,2962043.0
2018-01-08 09:39:26.825684,436.4,436.2,436.4,2962043.0
2018-01-08 09:39:28.434683,436.4,436.2,436.4,2962043.0
2018-01-08 09:39:30.068179,436.4,436.2,436.4,2962043.0
2018-01-08 09:39:31.435572,436.4,436.2,436.4,2962043.0
2018-01-08 09:39:32.941757,436.2,436.2,436.6,2969343.0
2018-01-08 09:39:34.493306,436.2,436.2,436.6,2969343.0
2018-01-08 09:39:36.032765,436.2,436.2,436.6,2969343.0
2018-01-08 09:39:37.715103,436.2,436.2,436.6,2969343.0
2018-01-08 09:39:39.486042,436.2,436.2,436.6,2969343.0
2018-01-08 09:39:41.140898,436.2,436.2,436.6,2969343.0
2018-01-08 09:39:42.627141,436.2,436.2,436.6,2969343.0
2018-01-08 09:39:44.325726,436.2,436.2,436.6,2969343.0
2018-01-08 09:39:46.201897,436.2,436.2,436.6,2969343.0
2018-01-08 09:39:47.941496,436.2,436.2,436.6,2969343.0
2018-01-08 09:39:49.144873,436.4,436.4,436.6,2971943.0
2018-01-08 09:39:50.902238,436.4,436.4,436.6,2971943.0
2018-01-08 09:39:52.898229,436.6,436.4,436.6,2976643.0
2018-01-08 09:39:54.409464,436.6,436.4,436.6,2976643.0
2018-01-08 09:39:56.126638,436.6,436.4,436.6,2976643.0
2018-01-08 09:39:57.088706,436.6,436.4,436.6,2976643.0
2018-01-08 09:39:58.733194,436.6,436.4,436.6,2981143.0
2018-01-08 09:40:00.337178,436.6,436.4,436.6,2981143.0
2018-01-08 09:40:02.020598,436.6,436.4,436.6,2981143.0
2018-01-08 09:40:03.612752,436.6,436.4,436.6,2981143.0
2018-01-08 09:40:05.242600,436.6,436.4,436.6,2986643.0
2018-01-08 09:40:06.833116,436.4,436.2,436.4,2990543.0
2018-01-08 09:40:07.898082,436.4,436.2,436.4,2990543.0
2018-01-08 09:40:09.525433,436.4,436.2,436.4,2990543.0
2018-01-08 09:40:11.200136,436.4,436.2,436.4,2990543.0
2018-01-08 09:40:12.589466,436.4,436.2,436.4,2993418.0
2018-01-08 09:40:14.279501,436.4,436.2,436.4,2993418.0
2018-01-08 09:40:15.921892,436.4,436.2,436.4,2993418.0
2018-01-08 09:40:17.606786,436.4,436.2,436.4,2997618.0
2018-01-08 09:40:19.220296,436.4,436.4,436.6,2999718.0
2018-01-08 09:40:20.915284,436.4,436.4,436.6,2999718.0
2018-01-08 09:40:22.652972,436.4,436.4,436.6,2999718.0
2018-01-08 09:40:24.274643,436.4,436.4,436.6,2999718.0
2018-01-08 09:40:26.059965,436.4,436.4,436.6,2999718.0
2018-01-08 09:40:27.739296,436.4,436.4,436.6,3002418.0
2018-01-08 09:40:29.222582,436.4,436.4,436.6,3002418.0
2018-01-08 09:40:30.930426,436.4,436.4,436.6,3002418.0
2018-01-08 09:40:32.225196,436.4,436.4,436.6,3002418.0
2018-01-08 09:40:33.545779,436.4,436.4,436.6,3005718.0
2018-01-08 09:40:35.160080,436.4,436.4,436.6,3005718.0
2018-01-08 09:40:36.935382,436.4,436.4,436.6,3005718.0
2018-01-08 09:40:38.637790,436.4,436.2,436.6,3011318.0
2018-01-08 09:40:40.310380,436.4,436.4,436.6,3017118.0
2018-01-08 09:40:41.982519,436.4,436.4,436.6,3017118.0
2018-01-08 09:40:43.198633,436.4,436.4,436.6,3017118.0
2018-01-08 09:40:45.913630,436.4,436.4,436.6,3018518.0
2018-01-08 09:40:47.687824,436.4,436.4,436.6,3018518.0
2018-01-08 09:40:49.179316,436.4,436.4,436.6,3018518.0
2018-01-08 09:40:50.832004,436.4,436.4,436.6,3018518.0
2018-01-08 09:40:52.763323,436.4,436.4,436.6,3018518.0
2018-01-08 09:40:54.722060,436.4,436.4,436.6,3018518.0
2018-01-08 09:40:56.350014,436.4,436.2,436.4,3022260.0
2018-01-08 09:40:58.365661,436.4,436.2,436.4,3022260.0
2018-01-08 09:40:59.610929,436.4,436.2,436.4,3022260.0
2018-01-08 09:41:01.513725,436.4,436.2,436.4,3027760.0
2018-01-08 09:41:02.886990,436.4,436.2,436.4,3027760.0
2018-01-08 09:41:04.567723,436.4,436.2,436.4,3027760.0
2018-01-08 09:41:10.088486,436.4,436.2,436.4,3027760.0
2018-01-08 09:41:12.362283,436.4,436.4,436.6,3034760.0
2018-01-08 09:41:17.847658,436.6,436.4,436.6,3038060.0
2018-01-08 09:41:19.474433,436.6,436.4,436.6,3038060.0
2018-01-08 09:41:21.259247,436.6,436.4,436.6,3038060.0
2018-01-08 09:41:22.946372,436.6,436.4,436.6,3038060.0
2018-01-08 09:41:24.911814,436.6,436.4,436.6,3038060.0
2018-01-08 09:41:26.851954,436.6,436.4,436.6,3038060.0
2018-01-08 09:41:28.991162,436.6,436.4,436.6,3038060.0
2018-01-08 09:41:31.085572,436.6,436.4,436.6,3038060.0
2018-01-08 09:41:33.325720,436.6,436.4,436.6,3040160.0
2018-01-08 09:41:35.187718,436.6,436.4,436.6,3040160.0
2018-01-08 09:41:36.916166,436.6,436.4,436.6,3040160.0
2018-01-08 09:41:38.840915,436.6,436.4,436.6,3040160.0
2018-01-08 09:41:40.516190,436.6,436.4,436.6,3040160.0
2018-01-08 09:41:42.471218,436.6,436.4,436.6,3042060.0
2018-01-08 09:41:44.608302,436.6,436.4,436.6,3042060.0
2018-01-08 09:41:47.014480,436.6,436.4,436.6,3043560.0
2018-01-08 09:41:48.734540,436.6,436.4,436.6,3043560.0
2018-01-08 09:41:50.389032,436.6,436.4,436.6,3043560.0
2018-01-08 09:41:52.045261,436.4,436.4,436.6,3049760.0
2018-01-08 09:41:54.223158,436.4,436.4,436.6,3049760.0
2018-01-08 09:41:56.312515,436.4,436.4,436.6,3049760.0
2018-01-08 09:42:00.301512,436.4,436.4,436.6,3049760.0
2018-01-08 09:42:02.215777,436.4,436.4,436.6,3049760.0
2018-01-08 09:42:04.315008,436.4,436.4,436.6,3049760.0
2018-01-08 09:42:06.210165,436.6,436.4,436.6,3056050.0
2018-01-08 09:42:08.220780,436.6,436.4,436.6,3056050.0
2018-01-08 09:42:10.189941,436.6,436.4,436.6,3056050.0
2018-01-08 09:42:13.647198,436.6,436.4,436.6,3056050.0
2018-01-08 09:42:15.729757,436.6,436.4,436.6,3056050.0
2018-01-08 09:42:17.939741,436.6,436.4,436.6,3056050.0
2018-01-08 09:42:19.981873,436.6,436.4,436.6,3056050.0
2018-01-08 09:42:22.087277,436.6,436.4,436.6,3058525.0
2018-01-08 09:42:24.517583,436.6,436.4,436.6,3064825.0
2018-01-08 09:42:26.681603,436.6,436.4,436.6,3064825.0
2018-01-08 09:42:28.727316,436.6,436.4,436.6,3064825.0
2018-01-08 09:42:30.371161,436.6,436.4,436.6,3064825.0
2018-01-08 09:42:32.386188,436.6,436.4,436.6,3064825.0
2018-01-08 09:42:34.517571,436.6,436.4,436.6,3064825.0
2018-01-08 09:42:36.629111,436.6,436.4,436.6,3064825.0
2018-01-08 09:42:38.751746,436.6,436.6,436.8,3064825.0
2018-01-08 09:42:40.787519,436.6,436.6,436.8,3068125.0
2018-01-08 09:42:43.153599,436.6,436.6,436.8,3068125.0
2018-01-08 09:42:44.908517,436.6,436.4,436.6,3081025.0
2018-01-08 09:42:46.398705,436.6,436.4,436.6,3081025.0
2018-01-08 09:42:48.431731,436.6,436.4,436.6,3081025.0
2018-01-08 09:42:50.358420,436.6,436.4,436.6,3081025.0
2018-01-08 09:42:52.627186,436.6,436.4,436.6,3081025.0
2018-01-08 09:42:54.739587,436.6,436.4,436.6,3092625.0
2018-01-08 09:42:56.530073,436.6,436.4,436.6,3092625.0
2018-01-08 09:42:58.402460,436.6,436.4,436.6,3092625.0
2018-01-08 09:43:00.387630,436.6,436.4,436.6,3094925.0
2018-01-08 09:43:01.866799,436.6,436.4,436.6,3094925.0
2018-01-08 09:43:03.632733,436.6,436.4,436.6,3100125.0
2018-01-08 09:43:06.508126,436.6,436.4,436.6,3100125.0
2018-01-08 09:43:08.459019,436.6,436.4,436.6,3106925.0
2018-01-08 09:43:13.537838,436.6,436.4,436.6,3106925.0
2018-01-08 09:43:15.643419,436.6,436.4,436.6,3109625.0
2018-01-08 09:43:17.682010,436.6,436.4,436.6,3109625.0
2018-01-08 09:43:19.936895,436.8,436.6,436.8,3115425.0
2018-01-08 09:43:21.585073,436.8,436.6,436.8,3115425.0
2018-01-08 09:43:23.641624,436.8,436.6,436.8,3115425.0
2018-01-08 09:43:25.513797,436.8,436.6,436.8,3119025.0
2018-01-08 09:43:27.334909,436.8,436.6,436.8,3119025.0
2018-01-08 09:43:29.285995,436.8,436.6,436.8,3119025.0
2018-01-08 09:43:31.235642,436.8,436.6,436.8,3119025.0
2018-01-08 09:43:32.849664,436.8,436.6,436.8,3119025.0
2018-01-08 09:43:35.116030,436.8,436.6,436.8,3166625.0
2018-01-08 09:43:37.048656,436.8,436.6,436.8,3166625.0
2018-01-08 09:43:39.140852,436.8,436.6,436.8,3166625.0
2018-01-08 09:43:41.235680,436.8,436.6,436.8,3166625.0
2018-01-08 09:43:42.935134,436.8,436.8,437.0,3173225.0
2018-01-08 09:43:44.906421,436.8,436.8,437.0,3173225.0
2018-01-08 09:43:46.946199,436.8,436.8,437.0,3173225.0
2018-01-08 09:43:48.719295,436.8,436.8,437.0,3179625.0
2018-01-08 09:43:50.100387,436.8,436.8,437.0,3179625.0
2018-01-08 09:43:52.113123,436.8,436.8,437.0,3179625.0
2018-01-08 09:43:54.358818,436.8,436.8,437.0,3179625.0
2018-01-08 09:43:56.246369,436.8,436.8,437.0,3179625.0
2018-01-08 09:43:58.090675,436.8,436.8,437.0,3179625.0
2018-01-08 09:44:00.147095,436.8,436.8,437.0,3179625.0
2018-01-08 09:44:05.484882,436.8,436.8,437.0,3191925.0
2018-01-08 09:44:10.648497,436.8,436.6,436.8,3199525.0
2018-01-08 09:44:12.169193,436.8,436.6,436.8,3199525.0
2018-01-08 09:44:14.731624,436.8,436.6,436.8,3199525.0
2018-01-08 09:44:16.153435,436.8,436.6,436.8,3199525.0
2018-01-08 09:44:18.053019,436.8,436.6,436.8,3199525.0
2018-01-08 09:44:19.809743,436.8,436.6,436.8,3199525.0
2018-01-08 09:44:21.835384,436.8,436.6,436.8,3203925.0
2018-01-08 09:44:23.695119,436.8,436.8,437.0,3207578.0
2018-01-08 09:44:25.443547,436.8,436.8,437.0,3207578.0
2018-01-08 09:44:26.889708,436.8,436.6,436.8,3212578.0
2018-01-08 09:44:28.822965,436.8,436.6,436.8,3212578.0
2018-01-08 09:44:30.585024,436.6,436.6,436.8,3218578.0
2018-01-08 09:44:32.434760,436.6,436.6,436.8,3218578.0
2018-01-08 09:44:34.388099,436.6,436.6,436.8,3218578.0
2018-01-08 09:44:36.059745,436.6,436.6,436.8,3218578.0
2018-01-08 09:44:37.877365,436.8,436.6,436.8,3223578.0
2018-01-08 09:44:39.345812,436.8,436.6,436.8,3223578.0
2018-01-08 09:44:40.804769,436.8,436.6,436.8,3223578.0
2018-01-08 09:44:42.669275,436.8,436.6,436.8,3223578.0
2018-01-08 09:44:44.161078,436.8,436.6,436.8,3223578.0
2018-01-08 09:44:46.062885,436.8,436.6,436.8,3223578.0
2018-01-08 09:44:48.079224,436.6,436.4,436.6,3226378.0
2018-01-08 09:44:49.947653,436.6,436.4,436.6,3226378.0
2018-01-08 09:44:51.590094,436.6,436.4,436.6,3226378.0
2018-01-08 09:44:53.429780,436.6,436.4,436.8,3239978.0
2018-01-08 09:44:55.313103,436.6,436.4,436.8,3239978.0
2018-01-08 09:45:02.296108,436.6,436.4,436.8,3239978.0
2018-01-08 09:45:05.256850,436.6,436.4,436.8,3239978.0
2018-01-08 09:45:11.762916,436.8,436.6,436.8,3257225.0
2018-01-08 09:45:13.488919,436.8,436.8,437.0,3259525.0
2018-01-08 09:45:15.521855,436.8,436.8,437.0,3259525.0
2018-01-08 09:45:17.293633,436.8,436.8,437.0,3264725.0
2018-01-08 09:45:19.473089,436.8,436.8,437.0,3264725.0
2018-01-08 09:45:21.088037,436.8,436.8,437.0,3264725.0
2018-01-08 09:45:22.716810,436.8,436.8,437.0,3264725.0
2018-01-08 09:45:24.340476,436.8,436.8,437.0,3264725.0
2018-01-08 09:45:26.149445,436.8,436.8,437.0,3264725.0
2018-01-08 09:45:27.912618,437.0,436.8,437.0,3274375.0
2018-01-08 09:45:29.739599,437.0,436.8,437.0,3293175.0
2018-01-08 09:45:31.764496,437.0,436.8,437.0,3293175.0
2018-01-08 09:45:33.241280,437.0,436.8,437.0,3293175.0
2018-01-08 09:45:35.205911,436.8,436.8,437.0,3299375.0
2018-01-08 09:45:36.855052,436.8,436.8,437.0,3299375.0
2018-01-08 09:45:38.954109,436.8,436.8,437.0,3299375.0
2018-01-08 09:45:40.757620,436.8,436.8,437.0,3299375.0
2018-01-08 09:45:42.572092,437.0,437.0,437.2,3311275.0
2018-01-08 09:45:44.634685,437.0,437.0,437.2,3311275.0
2018-01-08 09:45:46.396320,437.2,436.8,437.0,3322675.0
2018-01-08 09:45:48.175581,437.2,436.8,437.0,3322675.0
2018-01-08 09:45:50.354927,437.0,436.8,437.2,3326075.0
2018-01-08 09:45:52.346450,436.8,437.0,437.2,3330975.0
2018-01-08 09:45:54.126647,436.8,436.6,436.8,3336275.0
2018-01-08 09:45:55.786341,436.8,436.6,436.8,3336275.0
2018-01-08 09:45:57.641856,436.6,436.4,436.6,3356875.0
2018-01-08 09:45:59.237809,436.6,436.4,436.6,3356875.0
2018-01-08 09:46:00.767439,436.6,436.4,436.6,3356875.0
2018-01-08 09:46:06.084026,436.6,436.4,436.6,3360875.0
2018-01-08 09:46:07.456503,436.6,436.4,436.8,3369975.0
2018-01-08 09:46:12.167342,436.6,436.4,436.8,3369975.0
2018-01-08 09:46:13.850890,436.6,436.4,436.8,3369975.0
2018-01-08 09:46:16.328303,436.6,436.4,436.8,3369975.0
2018-01-08 09:46:18.061158,436.6,436.4,436.6,3374375.0
2018-01-08 09:46:19.973032,436.6,436.4,436.6,3374375.0
2018-01-08 09:46:21.781355,436.6,436.4,436.6,3374375.0
2018-01-08 09:46:23.181281,436.6,436.4,436.6,3374375.0
2018-01-08 09:46:25.006680,436.6,436.4,436.6,3374375.0
2018-01-08 09:46:26.939269,436.6,436.4,436.6,3376975.0
2018-01-08 09:46:29.141761,436.6,436.4,436.6,3379775.0
2018-01-08 09:46:31.508108,436.6,436.4,436.6,3379775.0
2018-01-08 09:46:33.200573,436.6,436.4,436.6,3379775.0
2018-01-08 09:46:34.815392,436.6,436.4,436.6,3379775.0
2018-01-08 09:46:36.769368,436.4,436.4,436.6,3382375.0
2018-01-08 09:46:37.986946,436.4,436.4,436.6,3382375.0
2018-01-08 09:46:39.729353,436.4,436.4,436.6,3382375.0
2018-01-08 09:46:41.499006,436.4,436.4,436.6,3382375.0
2018-01-08 09:46:43.295391,436.4,436.4,436.6,3382375.0
2018-01-08 09:46:44.919023,436.4,436.4,436.6,3386175.0
2018-01-08 09:46:46.597079,436.4,436.4,436.6,3386175.0
2018-01-08 09:46:48.085765,436.4,436.4,436.6,3386175.0
2018-01-08 09:46:49.712483,436.4,436.4,436.6,3386175.0
2018-01-08 09:46:51.460558,436.4,436.4,436.6,3386175.0
2018-01-08 09:46:52.960497,436.4,436.4,436.6,3386175.0
2018-01-08 09:46:54.508635,436.4,436.4,436.6,3389875.0
2018-01-08 09:46:56.096352,436.4,436.4,436.6,3395475.0
2018-01-08 09:46:57.751451,436.4,436.4,436.6,3395475.0
2018-01-08 09:46:59.775604,436.4,436.4,436.6,3395475.0
2018-01-08 09:47:00.871385,436.2,436.2,436.4,3401775.0
2018-01-08 09:47:02.297432,436.2,436.2,436.4,3401775.0
2018-01-08 09:47:03.948256,436.2,436.2,436.4,3401775.0
2018-01-08 09:47:05.653768,436.2,436.2,436.4,3410175.0
2018-01-08 09:47:07.345793,436.2,436.2,436.4,3410175.0
2018-01-08 09:47:09.071942,436.2,436.2,436.4,3423875.0
2018-01-08 09:47:10.355737,436.0,436.0,436.2,3437675.0
2018-01-08 09:47:11.872788,436.0,436.0,436.2,3437675.0
2018-01-08 09:47:13.318169,436.0,436.0,436.2,3437675.0
2018-01-08 09:47:14.953242,436.0,436.0,436.2,3437675.0
2018-01-08 09:47:16.468451,436.0,436.0,436.2,3443775.0
2018-01-08 09:47:17.991317,436.0,436.0,436.2,3443775.0
2018-01-08 09:47:19.482815,436.0,435.8,436.2,3457375.0
2018-01-08 09:47:20.490896,436.0,435.8,436.2,3457375.0
2018-01-08 09:47:22.143070,436.0,435.8,436.2,3457375.0
2018-01-08 09:47:23.799989,435.8,435.8,436.0,3462975.0
2018-01-08 09:47:25.524692,435.8,435.8,436.0,3462975.0
2018-01-08 09:47:26.959128,435.8,435.8,436.0,3462975.0
2018-01-08 09:47:28.399371,435.8,435.8,436.0,3462975.0
2018-01-08 09:47:30.256220,435.8,435.8,436.0,3462975.0
2018-01-08 09:47:32.075088,435.8,435.8,436.0,3462975.0
2018-01-08 09:47:33.868524,436.0,435.8,436.2,3468775.0
2018-01-08 09:47:35.671144,436.0,435.8,436.2,3468775.0
2018-01-08 09:47:37.253041,436.0,435.8,436.2,3468775.0
2018-01-08 09:47:38.580209,436.0,435.8,436.0,3474275.0
2018-01-08 09:47:40.253547,436.0,435.8,436.0,3474275.0
2018-01-08 09:47:41.909496,436.0,435.8,436.0,3474275.0
2018-01-08 09:47:43.341958,436.2,436.0,436.2,3476875.0
2018-01-08 09:47:44.925988,436.2,436.0,436.2,3476875.0
2018-01-08 09:47:46.516345,436.2,436.0,436.2,3476875.0
2018-01-08 09:47:48.425172,436.2,436.0,436.2,3476875.0
2018-01-08 09:47:50.220932,436.0,436.0,436.2,3488375.0
2018-01-08 09:47:51.833032,436.0,436.0,436.2,3495475.0
2018-01-08 09:47:53.390388,436.0,436.0,436.2,3495475.0
2018-01-08 09:47:55.214538,436.0,436.0,436.2,3495475.0
2018-01-08 09:47:56.938195,436.0,436.0,436.2,3495475.0
2018-01-08 09:47:58.752486,436.4,436.0,436.4,3510275.0
2018-01-08 09:48:00.324232,436.4,436.0,436.4,3510275.0
2018-01-08 09:48:01.962307,436.4,436.0,436.4,3510275.0
2018-01-08 09:48:03.807224,436.4,436.0,436.4,3510275.0
2018-01-08 09:48:05.837595,436.4,436.0,436.4,3510275.0
2018-01-08 09:48:07.549461,436.4,436.0,436.4,3510275.0
2018-01-08 09:48:08.890803,436.4,436.0,436.4,3510275.0
2018-01-08 09:48:10.546745,436.2,436.2,436.4,3513375.0
2018-01-08 09:48:12.183682,436.2,436.2,436.4,3513375.0
2018-01-08 09:48:13.642249,436.2,436.2,436.4,3513375.0
2018-01-08 09:48:15.230847,436.2,436.2,436.4,3513375.0
2018-01-08 09:48:17.054713,436.2,436.0,436.4,3527575.0
2018-01-08 09:48:18.678352,436.2,436.0,436.2,3529075.0
2018-01-08 09:48:20.350591,436.2,436.0,436.2,3529075.0
2018-01-08 09:48:22.074950,436.2,436.0,436.2,3529075.0
2018-01-08 09:48:23.133616,436.2,436.0,436.2,3529075.0
2018-01-08 09:48:25.022544,436.2,436.0,436.2,3529075.0
2018-01-08 09:48:26.674331,436.2,436.0,436.2,3529075.0
2018-01-08 09:48:28.257799,436.0,436.0,436.2,3543775.0
2018-01-08 09:48:29.959520,436.0,436.0,436.2,3543775.0
2018-01-08 09:48:31.772178,436.0,436.0,436.2,3543775.0
2018-01-08 09:48:33.478910,436.0,436.0,436.2,3543775.0
2018-01-08 09:48:35.100013,435.8,435.8,436.0,3549575.0
2018-01-08 09:48:36.567505,435.8,435.8,436.0,3549575.0
2018-01-08 09:48:40.509740,435.8,435.6,435.8,3558330.0
2018-01-08 09:48:42.234984,435.8,435.8,436.0,3570430.0
2018-01-08 09:48:44.075454,435.8,435.8,436.0,3570430.0
2018-01-08 09:48:45.275121,435.8,435.8,436.0,3570430.0
2018-01-08 09:48:46.916689,435.8,435.8,436.0,3570430.0
2018-01-08 09:48:48.695662,435.8,435.8,436.0,3570430.0
2018-01-08 09:48:50.517743,436.0,435.8,436.0,3571755.0
2018-01-08 09:48:52.345140,436.0,435.8,436.0,3571755.0
2018-01-08 09:48:53.818147,436.0,435.8,436.0,3571755.0
2018-01-08 09:48:55.067723,436.0,435.8,436.0,3571755.0
2018-01-08 09:48:56.636263,436.0,435.8,436.0,3574090.0
2018-01-08 09:48:58.211433,436.0,435.8,436.0,3574090.0
2018-01-08 09:48:59.943779,436.0,435.8,436.0,3574090.0
2018-01-08 09:49:01.881772,436.0,435.8,436.0,3574090.0
2018-01-08 09:49:03.138136,435.8,435.8,436.0,3588190.0
2018-01-08 09:49:04.564719,435.8,435.8,436.0,3588190.0
2018-01-08 09:49:05.870760,435.8,435.8,436.0,3588190.0
2018-01-08 09:49:07.617671,435.6,435.6,435.8,3600190.0
2018-01-08 09:49:09.256240,435.6,435.6,435.8,3600190.0
2018-01-08 09:49:17.667315,435.6,435.6,435.8,3627790.0
2018-01-08 09:49:19.376663,435.6,435.6,435.8,3627790.0
2018-01-08 09:49:23.357990,435.8,435.6,435.8,3637590.0
2018-01-08 09:49:24.965197,435.8,435.6,435.8,3637590.0
2018-01-08 09:49:26.342833,435.8,435.6,435.8,3637590.0
2018-01-08 09:49:28.072788,435.8,435.6,435.8,3637590.0
2018-01-08 09:49:29.701053,435.8,435.6,435.8,3637590.0
2018-01-08 09:49:31.205401,435.6,435.6,435.8,3642590.0
2018-01-08 09:49:32.686739,435.6,435.6,435.8,3642590.0
2018-01-08 09:49:34.328459,435.6,435.6,435.8,3642590.0
2018-01-08 09:49:35.942525,435.6,435.6,435.8,3642590.0
2018-01-08 09:49:37.501352,435.6,435.6,435.8,3642590.0
2018-01-08 09:49:39.011279,435.6,435.6,435.8,3642590.0
2018-01-08 09:49:40.875595,435.6,435.6,435.8,3655490.0
2018-01-08 09:49:42.352769,435.6,435.4,435.6,3657090.0
2018-01-08 09:49:43.672345,435.6,435.4,435.6,3657090.0
2018-01-08 09:49:45.288060,435.6,435.4,435.6,3657090.0
2018-01-08 09:49:46.808072,435.6,435.4,435.6,3657090.0
2018-01-08 09:49:47.886800,435.6,435.4,435.6,3657090.0
2018-01-08 09:49:49.525053,435.6,435.4,435.6,3657090.0
2018-01-08 09:49:51.260792,435.6,435.4,435.6,3657090.0
2018-01-08 09:49:52.944925,435.4,435.4,435.6,3660390.0
2018-01-08 09:49:55.187070,435.6,435.4,435.6,3676590.0
2018-01-08 09:49:56.797438,435.6,435.4,435.6,3676590.0
2018-01-08 09:49:58.428120,435.6,435.4,435.6,3676590.0
2018-01-08 09:50:00.236173,435.6,435.4,435.6,3676590.0
2018-01-08 09:50:01.964085,435.6,435.4,435.6,3676590.0
2018-01-08 09:50:03.681099,435.6,435.6,435.8,3683090.0
2018-01-08 09:50:05.212818,435.6,435.6,435.8,3683090.0
2018-01-08 09:50:06.849808,435.6,435.6,435.8,3683090.0
2018-01-08 09:50:08.435986,435.6,435.6,435.8,3683090.0
2018-01-08 09:50:09.955897,435.6,435.6,435.8,3683090.0
2018-01-08 09:50:11.762140,435.4,435.4,435.6,3687490.0
2018-01-08 09:50:13.447011,435.4,435.4,435.8,3690590.0
2018-01-08 09:50:15.251941,435.4,435.4,435.8,3690590.0
2018-01-08 09:50:17.215128,435.4,435.4,435.6,3705190.0
2018-01-08 09:50:18.784063,435.4,435.4,435.6,3705190.0
2018-01-08 09:50:20.125926,435.4,435.4,435.6,3705190.0
2018-01-08 09:50:21.772589,435.4,435.4,435.6,3705190.0
2018-01-08 09:50:23.138143,435.4,435.4,435.6,3705190.0
2018-01-08 09:50:24.617176,435.6,435.4,435.6,3708390.0
2018-01-08 09:50:28.112931,435.6,435.4,435.6,3708390.0
2018-01-08 09:50:29.916253,435.4,435.4,435.8,3716790.0
2018-01-08 09:50:31.530285,435.4,435.4,435.8,3716790.0
2018-01-08 09:50:32.771625,435.4,435.4,435.8,3716790.0
2018-01-08 09:50:34.243292,435.6,435.4,435.6,3726690.0
2018-01-08 09:50:36.043541,435.6,435.4,435.6,3726690.0
2018-01-08 09:50:37.611127,435.6,435.4,435.6,3726690.0
2018-01-08 09:50:39.546336,435.6,435.4,435.6,3726690.0
2018-01-08 09:50:41.005944,435.8,435.6,435.8,3733290.0
2018-01-08 09:50:42.644947,435.8,435.6,435.8,3733290.0
2018-01-08 09:50:44.678503,435.8,435.6,435.8,3733290.0
2018-01-08 09:50:46.229685,435.8,435.6,435.8,3733290.0
2018-01-08 09:50:47.928438,435.8,435.6,435.8,3733290.0
2018-01-08 09:50:49.636257,435.8,435.6,435.8,3733290.0
2018-01-08 09:50:51.275211,435.8,435.6,435.8,3733290.0
2018-01-08 09:50:53.148399,435.6,435.6,435.8,3736390.0
2018-01-08 09:50:55.340636,435.6,435.6,435.8,3736390.0
2018-01-08 09:50:56.845325,435.6,435.6,435.8,3736390.0
2018-01-08 09:50:58.647499,435.4,435.4,435.6,3742890.0
2018-01-08 09:51:00.287256,435.4,435.4,435.6,3742890.0
2018-01-08 09:51:02.080887,435.4,435.4,435.6,3742890.0
2018-01-08 09:51:03.704456,435.4,435.4,435.6,3742890.0
2018-01-08 09:51:05.287537,435.4,435.4,435.6,3742890.0
2018-01-08 09:51:06.849868,435.4,435.4,435.6,3742890.0
2018-01-08 09:51:08.773260,435.4,435.4,435.6,3760090.0
2018-01-08 09:51:10.363625,435.4,435.4,435.6,3760090.0
2018-01-08 09:51:12.071706,435.4,435.4,435.6,3760090.0
2018-01-08 09:51:13.732709,435.0,435.0,435.2,3795290.0
2018-01-08 09:51:15.302515,435.0,435.0,435.2,3803490.0
2018-01-08 09:51:16.988192,435.0,435.0,435.2,3812790.0
2018-01-08 09:51:18.474675,435.0,435.0,435.2,3821290.0
2018-01-08 09:51:20.185091,435.0,435.0,435.2,3821290.0
2018-01-08 09:51:21.871877,435.0,435.0,435.2,3821290.0
2018-01-08 09:51:23.273094,435.0,435.0,435.2,3865490.0
2018-01-08 09:51:24.696456,435.0,435.0,435.2,3865490.0
2018-01-08 09:51:26.127175,435.0,435.0,435.2,3866790.0
2018-01-08 09:51:27.893235,435.0,435.0,435.2,3866790.0
2018-01-08 09:51:29.439783,435.0,435.0,435.2,3876090.0
2018-01-08 09:51:31.155831,435.0,435.0,435.2,3883890.0
2018-01-08 09:51:32.391653,435.0,435.0,435.2,3894890.0
2018-01-08 09:51:33.526491,435.0,435.0,435.2,3894890.0
2018-01-08 09:51:34.972565,435.0,435.0,435.2,3894890.0
2018-01-08 09:51:36.575129,435.0,435.0,435.2,3894890.0
2018-01-08 09:51:38.212474,435.0,435.0,435.2,3894890.0
2018-01-08 09:51:39.857927,435.0,434.8,435.0,3916490.0
2018-01-08 09:51:41.602597,435.0,434.8,435.0,3916490.0
2018-01-08 09:51:43.402083,435.0,434.8,435.0,3916490.0
2018-01-08 09:51:44.948799,435.2,435.0,435.2,3933890.0
2018-01-08 09:51:46.665902,435.2,435.0,435.2,3944390.0
2018-01-08 09:51:48.404076,435.2,435.0,435.2,3944390.0
2018-01-08 09:51:50.425380,435.4,435.4,435.6,3946690.0
2018-01-08 09:51:51.894495,435.0,434.8,435.0,3968990.0
2018-01-08 09:51:53.681151,435.0,434.8,435.0,3968990.0
2018-01-08 09:51:55.083952,435.0,434.8,435.0,3978790.0
2018-01-08 09:51:56.686320,435.0,434.8,435.0,3984790.0
2018-01-08 09:51:58.434282,434.8,434.8,435.2,3991290.0
2018-01-08 09:52:00.058860,434.8,434.8,435.2,3991290.0
2018-01-08 09:52:01.480472,434.8,434.8,435.2,3991290.0
2018-01-08 09:52:03.343956,434.8,434.8,435.2,3991290.0
2018-01-08 09:52:04.767533,434.8,434.8,435.2,3991290.0
2018-01-08 09:52:06.298852,435.0,434.8,435.0,4001791.0
2018-01-08 09:52:07.958678,435.0,434.8,435.0,4001791.0
2018-01-08 09:52:09.619894,434.8,434.8,435.0,4005391.0
2018-01-08 09:52:11.426683,434.8,434.8,435.0,4014992.0
2018-01-08 09:52:13.193230,434.8,434.6,434.8,4017592.0
2018-01-08 09:52:14.834840,434.8,434.6,434.8,4017592.0
2018-01-08 09:52:16.306911,434.8,434.6,434.8,4017592.0
2018-01-08 09:52:17.380804,434.8,434.6,434.8,4017592.0
2018-01-08 09:52:18.973433,435.0,434.8,435.0,4037592.0
2018-01-08 09:52:20.474542,435.0,434.8,435.0,4037592.0
2018-01-08 09:52:22.302561,435.0,434.8,435.0,4037592.0
2018-01-08 09:52:23.888156,435.2,434.8,435.2,4040493.0
2018-01-08 09:52:25.281177,435.2,434.8,435.2,4040493.0
2018-01-08 09:52:27.016776,435.2,434.8,435.2,4040493.0
2018-01-08 09:52:29.000712,435.2,434.8,435.2,4040493.0
2018-01-08 09:52:30.611072,434.8,434.8,435.0,4043793.0
2018-01-08 09:52:32.176857,434.8,434.8,435.0,4043793.0
2018-01-08 09:52:33.931532,434.8,434.8,435.0,4043793.0
2018-01-08 09:52:35.410594,434.8,434.8,435.0,4043793.0
2018-01-08 09:52:37.109389,434.8,434.8,435.0,4043793.0
2018-01-08 09:52:38.622460,434.8,434.8,435.0,4051133.0
2018-01-08 09:52:40.164665,434.8,434.8,435.0,4051133.0
2018-01-08 09:52:41.732684,434.8,434.8,435.0,4051133.0
2018-01-08 09:52:43.662017,435.0,434.8,435.0,4052633.0
2018-01-08 09:52:45.169309,435.0,434.8,435.0,4052633.0
2018-01-08 09:52:46.747006,435.0,434.8,435.0,4052633.0
2018-01-08 09:52:48.364539,435.0,434.8,435.0,4052633.0
2018-01-08 09:52:50.083749,435.0,434.8,435.0,4052633.0
2018-01-08 09:52:51.696755,434.8,434.8,435.0,4056233.0
2018-01-08 09:52:53.104917,434.8,434.8,435.0,4060533.0
2018-01-08 09:52:54.885253,434.8,434.8,435.0,4060533.0
2018-01-08 09:52:56.757710,434.8,434.8,435.0,4060533.0
2018-01-08 09:52:58.355924,434.8,434.8,435.0,4060533.0
2018-01-08 09:52:59.388643,434.8,434.8,435.0,4064133.0
2018-01-08 09:53:00.821805,434.8,434.8,435.0,4064133.0
2018-01-08 09:53:02.479478,434.8,434.6,435.0,4070733.0
2018-01-08 09:53:04.293329,434.8,434.6,435.0,4070733.0
2018-01-08 09:53:05.880672,434.8,434.6,434.8,4081133.0
2018-01-08 09:53:07.306332,434.8,434.6,434.8,4081133.0
2018-01-08 09:53:08.817774,434.8,434.6,434.8,4081133.0
2018-01-08 09:53:10.316866,435.0,434.8,435.0,4089433.0
2018-01-08 09:53:11.795354,435.0,434.8,435.0,4089433.0
2018-01-08 09:53:13.270339,435.0,434.8,435.0,4111533.0
2018-01-08 09:53:14.898594,435.0,434.8,435.0,4111533.0
2018-01-08 09:53:16.648966,435.0,434.8,435.0,4111533.0
2018-01-08 09:53:18.640276,435.0,434.8,435.0,4111533.0
2018-01-08 09:53:20.462963,435.2,435.0,435.2,4122733.0
2018-01-08 09:53:22.071604,435.2,435.0,435.2,4122733.0
2018-01-08 09:53:23.701168,435.2,435.0,435.2,4122733.0
2018-01-08 09:53:25.084373,435.2,435.0,435.2,4122733.0
2018-01-08 09:53:26.458444,435.2,435.0,435.2,4127133.0
2018-01-08 09:53:28.306887,435.2,435.0,435.2,4127133.0
2018-01-08 09:53:29.724929,435.2,435.0,435.2,4127133.0
2018-01-08 09:53:31.242569,435.2,435.0,435.2,4127133.0
2018-01-08 09:53:32.573634,435.2,435.0,435.2,4127133.0
2018-01-08 09:53:34.244063,435.2,435.0,435.2,4127133.0
2018-01-08 09:53:35.852445,435.2,435.0,435.2,4127133.0
2018-01-08 09:53:37.424751,435.2,435.0,435.2,4127133.0
2018-01-08 09:53:39.204742,435.2,435.0,435.2,4127133.0
2018-01-08 09:53:40.765255,435.4,435.4,435.6,4131933.0
2018-01-08 09:53:42.360479,435.6,435.4,435.6,4154933.0
2018-01-08 09:53:43.712845,435.6,435.4,435.6,4154933.0
2018-01-08 09:53:45.074449,435.6,435.4,435.6,4154933.0
2018-01-08 09:53:46.649676,435.6,435.4,435.6,4154933.0
2018-01-08 09:53:48.042160,435.4,435.4,435.8,4158533.0
2018-01-08 09:53:49.688595,435.4,435.4,435.8,4158533.0
2018-01-08 09:53:51.477560,435.4,435.4,435.8,4158533.0
2018-01-08 09:53:52.792242,435.4,435.4,435.8,4158533.0
2018-01-08 09:53:55.290881,435.4,435.4,435.8,4158533.0
2018-01-08 09:53:56.854803,435.4,435.4,435.8,4158533.0
2018-01-08 09:53:58.717090,435.4,435.4,435.8,4158533.0
2018-01-08 09:54:00.546123,435.4,435.4,435.8,4158533.0
2018-01-08 09:54:02.401569,435.6,435.6,435.8,4161933.0
2018-01-08 09:54:04.004603,435.6,435.6,435.8,4161933.0
2018-01-08 09:54:05.846846,435.8,435.6,435.8,4168733.0
2018-01-08 09:54:07.419230,435.8,435.6,435.8,4168733.0
2018-01-08 09:54:08.880710,435.8,435.6,435.8,4168733.0
2018-01-08 09:54:10.642771,435.8,435.6,435.8,4168733.0
2018-01-08 09:54:12.383824,435.8,435.6,435.8,4168733.0
2018-01-08 09:54:14.440204,435.8,435.6,435.8,4168733.0
2018-01-08 09:54:16.147532,435.8,435.6,435.8,4168733.0
2018-01-08 09:54:17.859714,435.8,435.6,435.8,4168733.0
2018-01-08 09:54:19.531834,436.0,435.8,436.0,4171133.0
2018-01-08 09:54:20.898418,436.0,435.8,436.0,4171133.0
2018-01-08 09:54:22.175437,435.6,435.6,435.8,4191933.0
2018-01-08 09:54:23.746764,435.6,435.6,435.8,4191933.0
2018-01-08 09:54:25.363399,435.6,435.6,435.8,4191933.0
2018-01-08 09:54:27.086149,435.6,435.4,435.8,4210333.0
2018-01-08 09:54:28.723741,435.6,435.4,435.8,4210333.0
2018-01-08 09:54:30.517964,435.6,435.4,435.8,4210333.0
2018-01-08 09:54:32.056440,435.6,435.4,435.8,4210333.0
2018-01-08 09:54:33.999711,435.6,435.4,435.8,4210333.0
2018-01-08 09:54:35.509844,435.4,435.4,435.6,4214633.0
2018-01-08 09:54:37.388838,435.4,435.4,435.6,4214633.0
2018-01-08 09:54:39.146269,435.4,435.4,435.6,4214633.0
2018-01-08 09:54:40.776048,435.6,435.4,435.8,4217833.0
2018-01-08 09:54:41.959022,435.6,435.4,435.8,4217833.0
2018-01-08 09:54:43.748376,435.6,435.4,435.8,4217833.0
2018-01-08 09:54:45.512807,435.6,435.4,435.8,4217833.0
2018-01-08 09:54:47.122402,435.6,435.4,435.8,4217833.0
2018-01-08 09:54:48.973965,435.6,435.4,435.8,4217833.0
2018-01-08 09:54:50.459076,435.6,435.4,435.8,4217833.0
2018-01-08 09:54:51.789374,435.6,435.4,435.8,4217833.0
2018-01-08 09:54:53.491007,435.6,435.6,435.8,4220233.0
2018-01-08 09:54:55.057257,435.6,435.6,435.8,4220233.0
2018-01-08 09:54:56.281244,435.6,435.6,435.8,4220233.0
2018-01-08 09:54:57.852352,435.6,435.6,435.8,4220233.0
2018-01-08 09:54:59.509920,435.6,435.6,435.8,4220233.0
2018-01-08 09:55:01.262392,435.6,435.6,435.8,4220233.0
2018-01-08 09:55:02.811854,435.6,435.6,435.8,4220233.0
2018-01-08 09:55:04.624441,435.6,435.6,435.8,4220233.0
2018-01-08 09:55:06.596630,435.6,435.6,435.8,4220233.0
2018-01-08 09:55:08.268390,435.6,435.6,435.8,4220233.0
2018-01-08 09:55:09.881648,435.6,435.6,435.8,4220233.0
2018-01-08 09:55:11.456276,435.6,435.6,435.8,4220233.0
2018-01-08 09:55:12.972619,435.6,435.6,435.8,4220233.0
2018-01-08 09:55:14.600585,435.4,435.4,435.6,4228648.0
2018-01-08 09:55:15.914489,435.4,435.4,435.6,4228648.0
2018-01-08 09:55:18.237404,435.4,435.4,435.6,4228648.0
2018-01-08 09:56:06.057967,435.6,435.4,435.6,4243848.0
2018-01-08 09:56:07.862370,435.6,435.4,435.6,4255148.0
2018-01-08 09:56:10.128358,435.6,435.4,435.6,4255148.0
2018-01-08 09:56:12.204735,435.6,435.4,435.6,4255148.0
2018-01-08 09:56:13.718167,435.6,435.4,435.6,4257948.0
2018-01-08 09:56:17.818179,435.6,435.4,435.6,4257948.0
2018-01-08 09:56:19.862711,435.6,435.4,435.6,4257948.0
2018-01-08 09:56:21.832213,435.6,435.4,435.6,4257948.0
2018-01-08 09:56:23.774692,435.6,435.4,435.6,4275848.0
2018-01-08 09:56:26.369532,435.6,435.4,435.6,4275848.0
2018-01-08 09:56:28.174426,435.6,435.4,435.6,4278448.0
2018-01-08 09:56:30.408139,435.6,435.4,435.8,4282548.0
2018-01-08 09:56:32.318478,435.6,435.4,435.8,4282548.0
2018-01-08 09:56:34.193892,435.6,435.4,435.8,4282548.0
2018-01-08 09:56:36.080050,435.6,435.6,435.8,4288948.0
2018-01-08 09:56:37.783749,435.6,435.6,435.8,4288948.0
2018-01-08 09:56:40.162748,435.6,435.6,435.8,4288948.0
2018-01-08 09:56:42.164590,435.6,435.6,435.8,4288948.0
2018-01-08 09:56:44.374869,435.6,435.6,435.8,4292748.0
2018-01-08 09:56:46.490095,435.6,435.6,435.8,4292748.0
2018-01-08 09:56:48.533327,435.6,435.6,435.8,4292748.0
2018-01-08 09:56:50.521856,435.6,435.4,435.6,4296648.0
2018-01-08 09:56:52.567169,435.6,435.4,435.6,4296648.0
2018-01-08 09:56:54.367629,435.6,435.4,435.6,4296648.0
2018-01-08 09:56:56.238212,435.6,435.6,435.8,4306448.0
2018-01-08 09:56:58.079403,435.6,435.6,435.8,4306448.0
2018-01-08 09:56:59.904783,435.6,435.6,435.8,4306448.0
2018-01-08 09:57:05.065270,435.8,435.6,435.8,4311048.0
2018-01-08 09:57:06.969004,435.8,435.6,435.8,4311048.0
2018-01-08 09:57:08.823094,435.8,435.6,435.8,4311048.0
2018-01-08 09:57:10.643718,435.8,435.6,435.8,4311048.0
2018-01-08 09:57:12.425893,435.8,435.6,435.8,4315848.0
2018-01-08 09:57:14.344843,435.8,435.6,435.8,4315848.0
2018-01-08 09:57:16.098859,435.8,435.6,435.8,4315848.0
2018-01-08 09:57:18.522515,435.8,435.6,435.8,4315848.0
2018-01-08 09:57:20.811873,435.8,435.6,435.8,4315848.0
2018-01-08 09:57:22.679374,435.6,435.6,435.8,4331748.0
2018-01-08 09:57:24.696731,435.6,435.6,435.8,4351648.0
2018-01-08 09:57:26.100132,435.6,435.6,435.8,4351648.0
2018-01-08 09:57:27.751364,435.6,435.6,435.8,4351648.0
2018-01-08 09:57:29.422140,435.6,435.6,435.8,4351648.0
2018-01-08 09:57:31.435428,435.6,435.6,435.8,4351648.0
2018-01-08 09:57:33.263515,435.6,435.4,435.6,4357048.0
2018-01-08 09:57:35.088927,435.6,435.4,435.6,4357048.0
2018-01-08 09:57:36.871541,435.6,435.4,435.6,4357048.0
2018-01-08 09:57:38.396695,435.6,435.4,435.6,4357048.0
2018-01-08 09:57:40.459644,435.6,435.4,435.6,4357048.0
2018-01-08 09:57:42.273393,435.6,435.4,435.6,4358748.0
2018-01-08 09:57:44.099672,435.6,435.4,435.6,4358748.0
2018-01-08 09:57:46.288855,435.6,435.4,435.6,4361648.0
2018-01-08 09:57:48.224220,435.6,435.4,435.6,4361648.0
2018-01-08 09:57:50.051671,435.6,435.4,435.6,4361648.0
2018-01-08 09:57:52.127302,435.6,435.4,435.6,4361648.0
2018-01-08 09:57:53.671574,435.6,435.4,435.8,4366048.0
2018-01-08 09:57:55.548479,435.6,435.4,435.8,4366048.0
2018-01-08 09:57:57.333174,435.6,435.4,435.8,4366048.0
2018-01-08 09:57:58.941037,435.8,435.6,435.8,4370648.0
2018-01-08 09:58:00.590693,435.8,435.6,435.8,4370648.0
2018-01-08 09:58:02.489608,435.8,435.6,435.8,4370648.0
2018-01-08 09:58:08.795887,435.8,435.6,435.8,4370648.0
2018-01-08 09:58:11.169836,435.8,435.6,435.8,4370648.0
2018-01-08 09:58:13.121577,435.6,435.4,435.6,4373148.0
2018-01-08 09:58:15.444247,435.6,435.4,435.6,4380248.0
2018-01-08 09:58:17.323675,435.6,435.4,435.6,4380248.0
2018-01-08 09:58:19.142976,435.6,435.4,435.6,4380248.0
2018-01-08 09:58:20.941198,435.6,435.4,435.6,4380248.0
2018-01-08 09:58:23.095455,435.6,435.4,435.6,4380248.0
2018-01-08 09:58:25.092659,435.6,435.4,435.6,4380248.0
2018-01-08 09:58:26.512882,435.6,435.4,435.6,4380248.0
2018-01-08 09:58:28.330498,435.6,435.4,435.6,4380248.0
2018-01-08 09:58:30.359857,435.6,435.4,435.6,4380248.0
2018-01-08 09:58:32.066935,435.6,435.4,435.6,4380248.0
2018-01-08 09:58:33.938713,435.6,435.4,435.6,4380248.0
2018-01-08 09:58:35.752070,435.6,435.4,435.6,4382348.0
2018-01-08 09:58:37.544120,435.6,435.4,435.6,4382348.0
2018-01-08 09:58:39.196887,435.6,435.4,435.6,4382348.0
2018-01-08 09:58:41.000344,435.6,435.4,435.6,4382348.0
2018-01-08 09:58:42.903400,435.4,435.4,435.8,4407648.0
2018-01-08 09:58:44.528991,435.4,435.4,435.8,4407648.0
2018-01-08 09:58:46.537466,435.4,435.4,435.8,4407648.0
2018-01-08 09:58:48.462413,435.4,435.4,435.8,4407648.0
2018-01-08 09:58:51.835360,435.4,435.4,435.8,4407648.0
2018-01-08 09:58:53.778943,435.4,435.4,435.8,4407648.0
2018-01-08 09:58:55.637310,435.4,435.4,435.8,4407648.0
2018-01-08 09:58:57.922116,435.4,435.4,435.8,4407648.0
2018-01-08 09:58:59.888945,435.6,435.6,435.8,4413948.0
2018-01-08 09:59:01.739423,435.6,435.6,435.8,4413948.0
2018-01-08 09:59:03.742258,435.6,435.6,435.8,4413948.0
2018-01-08 09:59:05.424083,435.6,435.6,435.8,4422148.0
2018-01-08 09:59:07.183667,435.6,435.6,435.8,4422148.0
2018-01-08 09:59:09.155150,435.6,435.6,435.8,4422148.0
2018-01-08 09:59:14.897745,435.6,435.6,435.8,4422148.0
2018-01-08 09:59:17.120157,435.6,435.6,435.8,4427948.0
2018-01-08 09:59:18.971979,435.6,435.6,435.8,4427948.0
2018-01-08 09:59:21.050129,435.6,435.6,435.8,4427948.0
2018-01-08 09:59:22.999206,435.6,435.6,435.8,4427948.0
2018-01-08 09:59:24.811477,435.6,435.6,435.8,4427948.0
2018-01-08 09:59:26.506555,435.6,435.6,435.8,4427948.0
2018-01-08 09:59:28.388513,435.6,435.6,435.8,4427948.0
2018-01-08 09:59:30.044192,435.6,435.6,435.8,4427948.0
2018-01-08 09:59:31.314299,435.6,435.6,435.8,4427948.0
2018-01-08 09:59:33.499176,435.6,435.6,435.8,4427948.0
2018-01-08 09:59:35.935767,435.8,435.6,435.8,4428921.0
2018-01-08 09:59:37.783493,435.8,435.6,435.8,4428921.0
2018-01-08 09:59:39.672364,435.8,435.6,435.8,4428921.0
2018-01-08 09:59:41.712405,435.8,435.6,435.8,4430821.0
2018-01-08 09:59:43.579653,435.8,435.6,435.8,4430821.0
2018-01-08 09:59:45.369779,435.8,435.6,435.8,4430821.0
2018-01-08 09:59:47.265420,435.8,435.6,435.8,4430821.0
2018-01-08 09:59:49.283397,435.6,435.6,435.8,4433821.0
2018-01-08 09:59:51.055364,435.6,435.6,435.8,4433821.0
2018-01-08 09:59:52.892377,435.6,435.6,435.8,4433821.0
2018-01-08 09:59:54.695831,435.6,435.6,435.8,4433821.0
2018-01-08 09:59:56.391021,435.6,435.6,435.8,4433821.0
2018-01-08 09:59:58.061499,435.6,435.6,435.8,4433821.0
2018-01-08 10:00:01.282417,435.6,435.6,435.8,4433821.0
2018-01-08 10:00:03.376397,435.8,435.6,435.8,4438331.0
2018-01-08 10:00:05.137941,435.8,435.6,435.8,4438331.0
2018-01-08 10:00:10.149654,435.8,435.6,435.8,4438331.0
2018-01-08 10:00:11.807928,435.8,435.6,435.8,4438331.0
2018-01-08 10:00:13.795562,435.8,435.6,435.8,4438331.0
2018-01-08 10:00:15.899493,435.8,435.6,435.8,4438331.0
2018-01-08 10:00:17.995919,435.8,435.6,435.8,4438331.0
2018-01-08 10:00:20.803352,435.8,435.6,435.8,4446731.0
2018-01-08 10:00:22.826291,435.8,435.8,436.0,4446731.0
2018-01-08 10:00:24.863656,435.8,435.8,436.0,4446731.0
2018-01-08 10:00:26.736519,435.8,435.8,436.0,4446731.0
2018-01-08 10:00:29.226332,435.8,435.8,436.0,4446731.0
2018-01-08 10:00:31.277149,435.8,435.8,436.0,4446731.0
2018-01-08 10:00:33.102504,435.8,435.8,436.0,4446731.0
2018-01-08 10:00:35.300814,435.8,435.8,436.0,4446731.0
2018-01-08 10:00:37.700021,435.8,435.8,436.0,4446731.0
2018-01-08 10:00:39.540993,435.8,435.8,436.0,4446731.0
2018-01-08 10:00:41.438126,435.8,435.8,436.0,4454831.0
2018-01-08 10:00:43.166399,435.8,435.8,436.0,4454831.0
2018-01-08 10:00:45.349988,435.8,435.8,436.0,4454831.0
2018-01-08 10:00:47.571411,435.8,435.8,436.0,4457531.0
2018-01-08 10:00:48.824504,435.8,435.8,436.0,4457531.0
2018-01-08 10:00:50.626296,435.8,435.8,436.0,4457531.0
2018-01-08 10:00:52.523114,435.8,435.8,436.0,4457531.0
2018-01-08 10:00:54.223013,435.8,435.8,436.0,4463231.0
2018-01-08 10:00:55.602156,435.8,435.8,436.0,4463231.0
2018-01-08 10:00:57.454964,435.8,435.8,436.0,4463231.0
2018-01-08 10:00:58.812214,435.8,435.8,436.0,4463231.0
2018-01-08 10:01:00.546366,435.8,435.8,436.0,4463231.0
2018-01-08 10:01:02.200340,435.8,435.8,436.0,4463231.0
2018-01-08 10:01:03.840724,435.8,435.8,436.0,4463231.0
2018-01-08 10:01:05.583895,435.8,435.8,436.0,4463231.0
2018-01-08 10:01:07.503362,435.8,435.8,436.0,4463231.0
2018-01-08 10:01:08.979754,435.8,435.8,436.0,4463231.0
2018-01-08 10:01:10.735379,435.8,435.8,436.0,4467331.0
2018-01-08 10:01:12.279616,435.8,435.8,436.0,4467331.0
2018-01-08 10:01:14.169431,435.8,435.8,436.0,4467331.0
2018-01-08 10:01:15.602656,435.8,435.8,436.0,4467331.0
2018-01-08 10:01:17.453178,435.8,435.8,436.0,4467331.0
2018-01-08 10:01:19.090341,435.8,435.8,436.0,4467331.0
2018-01-08 10:01:20.495124,435.8,435.8,436.0,4467331.0
2018-01-08 10:01:22.077972,435.8,435.8,436.0,4467331.0
2018-01-08 10:01:23.679311,435.8,435.8,436.0,4467331.0
2018-01-08 10:01:25.326226,435.8,435.8,436.0,4467331.0
2018-01-08 10:01:26.895170,435.8,435.8,436.0,4467331.0
2018-01-08 10:01:28.484413,435.8,435.8,436.0,4467331.0
2018-01-08 10:01:29.618740,435.8,435.8,436.0,4467331.0
2018-01-08 10:01:31.083755,435.8,435.8,436.0,4472831.0
2018-01-08 10:01:32.703808,435.8,435.8,436.0,4472831.0
2018-01-08 10:01:34.345162,435.8,435.8,436.0,4472831.0
2018-01-08 10:01:35.770823,435.8,435.8,436.0,4472831.0
2018-01-08 10:01:37.416650,435.8,435.8,436.0,4472831.0
2018-01-08 10:01:38.907430,435.8,435.8,436.0,4472831.0
2018-01-08 10:01:40.623337,435.8,435.6,435.8,4481331.0
2018-01-08 10:01:42.471972,435.8,435.6,435.8,4481331.0
2018-01-08 10:01:44.606620,435.8,435.6,435.8,4481331.0
2018-01-08 10:01:46.614821,435.8,435.6,435.8,4481331.0
2018-01-08 10:01:48.982878,435.8,435.6,435.8,4481331.0
2018-01-08 10:01:50.696648,435.8,435.6,435.8,4485631.0
2018-01-08 10:01:52.552900,435.8,435.6,435.8,4485631.0
2018-01-08 10:01:54.369687,435.8,435.6,435.8,4485631.0
2018-01-08 10:01:56.552072,435.8,435.6,435.8,4485631.0
2018-01-08 10:01:58.695602,435.6,435.6,435.8,4505031.0
2018-01-08 10:02:00.667518,435.6,435.4,435.6,4517731.0
2018-01-08 10:02:02.193806,435.6,435.4,435.6,4517731.0
2018-01-08 10:02:03.501845,435.6,435.4,435.6,4517731.0
2018-01-08 10:02:06.024864,435.6,435.4,435.6,4517731.0
2018-01-08 10:02:11.592921,435.4,435.4,435.6,4534931.0
2018-01-08 10:02:13.522223,435.4,435.4,435.6,4534931.0
2018-01-08 10:02:15.067464,435.4,435.4,435.6,4534931.0
2018-01-08 10:02:16.862890,435.2,435.2,435.4,4540031.0
2018-01-08 10:02:18.951854,435.2,435.2,435.4,4540031.0
2018-01-08 10:02:20.895680,435.2,435.2,435.4,4540031.0
2018-01-08 10:02:22.884412,435.2,435.2,435.4,4544131.0
2018-01-08 10:02:24.954457,435.2,435.2,435.4,4553631.0
2018-01-08 10:02:27.350643,435.2,435.2,435.4,4553631.0
2018-01-08 10:02:29.290514,435.2,435.2,435.4,4553631.0
2018-01-08 10:02:30.809287,435.2,435.2,435.4,4557731.0
2018-01-08 10:02:33.192592,435.2,435.2,435.4,4557731.0
2018-01-08 10:02:34.874139,435.2,435.2,435.4,4559231.0
2018-01-08 10:02:36.188753,435.2,435.2,435.4,4559231.0
2018-01-08 10:02:38.176358,435.2,435.2,435.4,4559231.0
2018-01-08 10:02:40.472520,435.2,435.2,435.4,4564731.0
2018-01-08 10:02:42.329785,435.2,435.2,435.4,4564731.0
2018-01-08 10:02:44.224191,435.2,435.2,435.4,4564731.0
2018-01-08 10:02:46.349676,435.2,435.2,435.4,4564731.0
2018-01-08 10:02:48.346227,435.4,435.2,435.4,4571931.0
2018-01-08 10:02:50.317561,435.4,435.2,435.4,4571931.0
2018-01-08 10:02:52.824987,435.4,435.2,435.4,4571931.0
2018-01-08 10:02:54.648419,435.4,435.2,435.4,4571931.0
2018-01-08 10:02:56.502405,435.4,435.2,435.4,4571931.0
2018-01-08 10:03:03.032380,435.4,435.2,435.4,4571931.0
2018-01-08 10:03:04.838476,435.4,435.2,435.4,4592931.0
2018-01-08 10:03:06.356802,435.4,435.2,435.4,4592931.0
2018-01-08 10:03:08.031424,435.4,435.2,435.4,4592931.0
2018-01-08 10:03:09.524432,435.4,435.2,435.4,4592931.0
2018-01-08 10:03:11.094752,435.4,435.2,435.4,4592931.0
2018-01-08 10:03:12.810622,435.4,435.4,435.6,4606331.0
2018-01-08 10:03:15.243605,435.4,435.4,435.6,4606331.0
2018-01-08 10:03:16.830004,435.4,435.4,435.6,4606331.0
2018-01-08 10:03:18.379768,435.4,435.4,435.6,4606331.0
2018-01-08 10:03:19.478977,435.4,435.4,435.6,4606331.0
2018-01-08 10:03:20.940702,435.4,435.4,435.6,4606331.0
2018-01-08 10:03:23.056866,435.4,435.4,435.6,4606331.0
2018-01-08 10:03:24.631143,435.4,435.4,435.6,4606331.0
2018-01-08 10:03:26.404246,435.4,435.4,435.6,4606331.0
2018-01-08 10:03:27.941570,435.4,435.4,435.6,4606331.0
2018-01-08 10:03:30.028814,435.4,435.4,435.6,4606331.0
2018-01-08 10:03:31.383543,435.4,435.4,435.6,4606331.0
2018-01-08 10:03:33.288558,435.4,435.4,435.6,4606331.0
2018-01-08 10:03:34.875427,435.4,435.4,435.6,4606331.0
2018-01-08 10:03:36.364178,435.4,435.4,435.6,4606331.0
2018-01-08 10:03:37.863838,435.4,435.4,435.6,4606331.0
2018-01-08 10:03:39.389393,435.4,435.4,435.6,4606331.0
2018-01-08 10:03:41.294888,435.4,435.4,435.6,4606331.0
2018-01-08 10:03:42.952331,435.6,435.4,435.6,4609438.0
2018-01-08 10:03:45.029760,435.6,435.4,435.6,4609438.0
2018-01-08 10:03:47.148761,435.6,435.4,435.6,4609438.0
2018-01-08 10:03:48.482949,435.6,435.4,435.6,4620038.0
2018-01-08 10:03:49.857348,435.6,435.4,435.6,4620038.0
2018-01-08 10:03:51.729390,435.4,435.2,435.4,4640938.0
2018-01-08 10:03:53.058388,435.4,435.2,435.4,4640938.0
2018-01-08 10:03:54.638214,435.4,435.2,435.4,4640938.0
2018-01-08 10:03:56.338333,435.4,435.2,435.4,4640938.0
2018-01-08 10:03:57.835815,435.4,435.2,435.4,4640938.0
2018-01-08 10:03:59.496074,435.4,435.2,435.4,4640938.0
2018-01-08 10:04:01.051030,435.4,435.2,435.4,4640938.0
2018-01-08 10:04:02.920526,435.4,435.2,435.4,4640938.0
2018-01-08 10:04:04.428004,435.4,435.2,435.4,4640938.0
2018-01-08 10:04:06.693641,435.4,435.2,435.4,4640938.0
2018-01-08 10:04:08.403924,435.2,435.2,435.4,4647438.0
2018-01-08 10:04:10.191520,435.2,435.2,435.4,4647438.0
2018-01-08 10:04:11.856061,435.2,435.2,435.4,4647438.0
2018-01-08 10:04:13.707823,435.2,435.2,435.4,4649938.0
2018-01-08 10:04:15.126964,435.2,435.2,435.4,4649938.0
2018-01-08 10:04:17.049139,435.2,435.2,435.4,4649938.0
2018-01-08 10:04:18.506362,435.2,435.2,435.4,4649938.0
2018-01-08 10:04:20.525724,435.2,435.0,435.2,4655438.0
2018-01-08 10:04:21.996983,435.2,435.0,435.2,4656938.0
2018-01-08 10:04:23.502404,435.2,435.0,435.2,4656938.0
2018-01-08 10:04:25.115670,435.2,435.0,435.2,4656938.0
2018-01-08 10:04:26.662431,435.2,435.0,435.2,4656938.0
2018-01-08 10:04:28.249435,435.2,435.0,435.2,4656938.0
2018-01-08 10:04:29.992865,435.2,435.0,435.2,4656938.0
2018-01-08 10:04:31.584953,435.2,435.0,435.2,4656938.0
2018-01-08 10:04:33.370483,435.2,435.0,435.2,4664138.0
2018-01-08 10:04:36.235988,435.2,435.0,435.2,4664138.0
2018-01-08 10:04:37.720710,435.2,435.0,435.2,4664138.0
2018-01-08 10:04:38.838803,435.2,435.0,435.2,4664138.0
2018-01-08 10:04:40.204383,435.2,435.0,435.2,4664138.0
2018-01-08 10:04:41.920990,435.2,435.0,435.2,4664138.0
2018-01-08 10:04:48.310722,435.2,435.0,435.2,4664138.0
2018-01-08 10:04:49.902838,435.2,435.0,435.2,4664138.0
2018-01-08 10:04:51.417056,435.2,435.0,435.2,4664138.0
2018-01-08 10:04:53.314942,435.2,435.0,435.2,4664138.0
2018-01-08 10:04:54.708891,435.2,435.0,435.2,4664138.0
2018-01-08 10:04:56.481587,435.2,435.0,435.2,4664138.0
2018-01-08 10:04:58.277639,435.2,435.0,435.2,4664138.0
2018-01-08 10:04:59.718782,435.2,435.0,435.2,4664138.0
2018-01-08 10:05:01.218243,435.2,435.0,435.2,4664138.0
2018-01-08 10:05:03.019149,435.2,435.0,435.2,4664138.0
2018-01-08 10:05:04.335687,435.0,435.0,435.2,4672638.0
2018-01-08 10:05:07.472067,435.0,435.0,435.2,4672638.0
2018-01-08 10:05:09.035125,435.0,435.0,435.2,4672638.0
2018-01-08 10:05:10.761949,435.0,435.0,435.2,4672638.0
2018-01-08 10:05:12.293539,435.0,435.0,435.2,4672638.0
2018-01-08 10:05:14.122658,435.0,435.0,435.2,4672638.0
2018-01-08 10:05:15.654513,435.2,435.0,435.2,4675138.0
2018-01-08 10:05:17.216440,435.2,435.0,435.2,4675138.0
2018-01-08 10:05:19.068788,435.2,435.0,435.2,4675138.0
2018-01-08 10:05:20.522502,435.2,435.0,435.2,4675138.0
2018-01-08 10:05:24.974944,435.2,435.0,435.2,4675138.0
2018-01-08 10:05:26.782750,435.0,435.0,435.2,4681673.0
2018-01-08 10:05:28.689088,435.0,435.0,435.2,4681673.0
2018-01-08 10:05:30.174042,435.0,435.0,435.2,4681673.0
2018-01-08 10:05:31.976857,435.0,435.0,435.2,4681673.0
2018-01-08 10:05:34.206180,435.0,435.0,435.2,4681673.0
2018-01-08 10:05:35.709809,435.0,435.0,435.2,4681673.0
2018-01-08 10:05:37.841410,435.0,435.0,435.2,4681673.0
2018-01-08 10:05:39.670829,435.0,435.0,435.2,4681673.0
2018-01-08 10:05:41.934924,435.0,435.0,435.2,4681673.0
2018-01-08 10:05:43.517217,435.0,435.0,435.2,4681673.0
2018-01-08 10:05:45.255951,435.0,435.0,435.2,4682473.0
2018-01-08 10:05:46.871398,435.0,435.0,435.2,4682473.0
2018-01-08 10:05:48.431991,435.0,435.0,435.2,4682473.0
2018-01-08 10:05:50.037002,435.0,435.0,435.2,4682473.0
2018-01-08 10:05:51.720387,435.0,435.0,435.2,4682473.0
2018-01-08 10:05:53.358406,435.0,435.0,435.2,4682473.0
2018-01-08 10:05:54.403721,435.0,435.0,435.2,4684473.0
2018-01-08 10:05:58.672856,435.0,435.0,435.2,4684473.0
2018-01-08 10:06:00.254421,435.0,435.0,435.2,4684473.0
2018-01-08 10:06:01.381380,435.0,435.0,435.2,4713073.0
2018-01-08 10:06:02.926198,435.0,435.0,435.2,4713073.0
2018-01-08 10:06:04.657171,435.0,435.0,435.2,4713073.0
2018-01-08 10:06:06.386678,435.0,435.0,435.2,4713073.0
2018-01-08 10:06:08.066106,435.0,435.0,435.2,4713073.0
2018-01-08 10:06:09.384217,435.0,435.0,435.2,4713073.0
2018-01-08 10:06:14.636714,435.0,435.0,435.2,4713073.0
2018-01-08 10:06:16.247224,435.2,435.0,435.2,4724573.0
2018-01-08 10:06:17.510413,435.2,435.0,435.2,4724573.0
2018-01-08 10:06:19.249491,435.2,435.0,435.2,4724573.0
2018-01-08 10:06:24.159419,435.2,435.0,435.2,4724573.0
2018-01-08 10:06:25.849030,435.0,435.0,435.2,4730373.0
2018-01-08 10:06:27.502034,435.0,435.0,435.2,4730373.0
2018-01-08 10:06:29.409403,435.0,435.0,435.2,4730373.0
2018-01-08 10:06:31.022952,435.0,435.0,435.2,4730373.0
2018-01-08 10:06:32.645904,435.0,435.0,435.2,4730373.0
2018-01-08 10:06:34.327267,435.0,435.0,435.2,4730373.0
2018-01-08 10:06:36.137245,435.0,435.0,435.2,4730373.0
2018-01-08 10:06:37.823380,435.0,434.8,435.2,4781473.0
2018-01-08 10:06:39.601821,435.0,434.8,435.2,4781473.0
2018-01-08 10:06:41.125107,435.0,434.8,435.2,4781473.0
2018-01-08 10:06:42.453914,435.0,434.8,435.0,4789173.0
2018-01-08 10:06:44.200635,435.0,434.8,435.0,4789173.0
2018-01-08 10:06:45.848604,435.0,434.8,435.0,4789173.0
2018-01-08 10:06:47.325955,435.0,434.8,435.0,4789173.0
2018-01-08 10:06:49.058696,435.0,434.8,435.0,4789173.0
2018-01-08 10:06:50.610765,435.0,434.8,435.0,4789173.0
2018-01-08 10:06:52.183573,435.0,434.8,435.0,4789173.0
2018-01-08 10:06:53.968053,435.0,434.8,435.0,4789173.0
2018-01-08 10:06:55.591666,435.0,434.8,435.0,4789173.0
2018-01-08 10:06:57.002482,435.0,434.8,435.0,4789173.0
2018-01-08 10:06:58.393309,434.8,434.8,435.0,4791673.0
2018-01-08 10:07:00.773967,434.8,434.8,435.0,4791673.0
2018-01-08 10:07:02.358788,434.8,434.8,435.0,4791673.0
2018-01-08 10:07:04.193699,434.8,434.8,435.0,4791673.0
2018-01-08 10:07:05.673839,434.8,434.8,435.0,4791673.0
2018-01-08 10:07:07.571138,434.8,434.8,435.0,4791673.0
2018-01-08 10:07:09.410100,435.0,434.8,435.0,4793373.0
2018-01-08 10:07:11.179802,434.8,434.6,435.0,4827373.0
2018-01-08 10:07:12.849281,434.6,434.6,434.8,4852073.0
2018-01-08 10:07:14.534096,434.8,434.8,435.0,4859073.0
2018-01-08 10:07:16.226717,434.6,434.4,434.6,4871973.0
2018-01-08 10:07:18.088482,434.6,434.4,434.6,4871973.0
2018-01-08 10:07:19.599729,434.6,434.4,434.6,4875242.0
2018-01-08 10:07:21.307318,434.6,434.4,434.6,4875242.0
2018-01-08 10:07:22.584155,434.6,434.4,434.6,4875242.0
2018-01-08 10:07:24.721442,434.6,434.4,434.6,4875242.0
2018-01-08 10:07:26.734902,434.6,434.4,434.6,4875242.0
2018-01-08 10:07:28.502414,434.6,434.4,434.6,4875242.0
2018-01-08 10:07:30.162537,434.6,434.4,434.6,4875242.0
2018-01-08 10:07:32.156524,434.6,434.4,434.6,4875242.0
2018-01-08 10:07:33.885997,434.6,434.4,434.6,4875242.0
2018-01-08 10:07:35.940550,434.6,434.4,434.6,4875242.0
2018-01-08 10:07:37.909599,434.6,434.4,434.6,4875242.0
2018-01-08 10:07:39.989791,434.6,434.4,434.6,4875242.0
2018-01-08 10:07:41.387051,434.4,434.4,434.6,4876673.0
2018-01-08 10:07:43.203903,434.4,434.2,434.6,4890173.0
2018-01-08 10:07:44.880228,434.4,434.2,434.6,4890173.0
2018-01-08 10:07:46.377174,434.4,434.2,434.6,4890173.0
2018-01-08 10:07:48.247509,434.4,434.4,434.6,4893473.0
2018-01-08 10:07:49.942403,434.4,434.4,434.6,4893473.0
2018-01-08 10:07:52.328902,434.4,434.4,434.6,4893473.0
2018-01-08 10:07:54.109933,434.6,434.4,434.6,4900875.0
2018-01-08 10:07:55.495443,434.4,434.2,434.4,4927075.0
2018-01-08 10:07:57.134538,434.2,434.2,434.6,4978875.0
2018-01-08 10:07:59.506649,434.0,433.8,434.0,5027175.0
2018-01-08 10:08:02.770711,434.0,433.8,434.0,5027175.0
2018-01-08 10:08:04.711850,434.0,434.0,434.4,5038675.0
2018-01-08 10:08:06.647546,434.0,434.0,434.4,5038675.0
2018-01-08 10:08:09.206209,434.0,434.0,434.4,5038675.0
2018-01-08 10:08:11.278271,434.0,434.0,434.4,5038675.0
2018-01-08 10:08:13.090001,434.0,434.0,434.4,5038675.0
2018-01-08 10:08:15.128713,434.0,434.0,434.2,5040175.0
2018-01-08 10:08:16.385845,434.0,434.0,434.2,5040175.0
2018-01-08 10:08:18.277206,434.0,434.0,434.2,5040175.0
2018-01-08 10:08:20.065559,434.0,434.0,434.2,5040175.0
2018-01-08 10:08:22.229049,434.0,434.0,434.2,5051975.0
2018-01-08 10:08:24.149477,434.0,434.0,434.2,5051975.0
2018-01-08 10:08:25.537395,434.0,434.0,434.2,5051975.0
2018-01-08 10:08:27.354687,434.0,434.0,434.2,5051975.0
2018-01-08 10:08:29.266255,434.0,434.0,434.2,5051975.0
2018-01-08 10:08:31.410836,434.0,434.0,434.2,5051975.0
2018-01-08 10:08:33.018346,434.0,434.0,434.2,5051975.0
2018-01-08 10:08:34.974087,433.8,433.8,434.2,5058875.0
2018-01-08 10:08:36.656451,433.8,433.8,434.2,5058875.0
2018-01-08 10:08:38.667727,433.8,433.8,434.2,5058875.0
2018-01-08 10:08:40.870058,433.8,433.8,434.2,5058875.0
2018-01-08 10:08:42.681327,433.8,433.8,434.2,5058875.0
2018-01-08 10:08:44.025348,433.8,433.8,434.2,5058875.0
2018-01-08 10:08:45.967645,433.8,433.8,434.2,5058875.0
2018-01-08 10:08:47.873190,433.8,433.8,434.2,5058875.0
2018-01-08 10:08:49.807708,433.8,433.8,434.2,5058875.0
2018-01-08 10:08:51.485455,434.0,434.0,434.2,5069775.0
2018-01-08 10:08:53.403479,434.0,434.0,434.2,5069775.0
2018-01-08 10:08:54.938814,434.0,434.0,434.2,5069775.0
2018-01-08 10:08:56.704538,434.0,434.0,434.2,5069775.0
2018-01-08 10:08:58.800547,434.0,434.0,434.2,5069775.0
2018-01-08 10:09:00.678094,434.0,434.0,434.2,5072175.0
2018-01-08 10:09:04.845607,434.0,434.0,434.2,5072175.0
2018-01-08 10:09:06.613670,434.0,434.0,434.2,5072175.0
2018-01-08 10:09:08.667833,434.0,434.0,434.2,5072175.0
2018-01-08 10:09:10.385000,434.0,434.0,434.2,5072175.0
2018-01-08 10:09:12.409601,434.0,434.0,434.2,5073775.0
2018-01-08 10:09:14.361379,434.0,434.0,434.2,5073775.0
2018-01-08 10:09:16.379196,434.0,434.0,434.2,5073775.0
2018-01-08 10:09:18.185085,434.0,434.0,434.2,5073775.0
2018-01-08 10:09:20.140219,434.0,434.0,434.2,5076275.0
2018-01-08 10:09:22.078233,434.0,434.0,434.2,5076275.0
2018-01-08 10:09:24.880459,434.0,434.0,434.2,5076275.0
2018-01-08 10:09:26.831954,434.0,434.0,434.2,5082075.0
2018-01-08 10:09:28.767780,434.0,434.0,434.2,5082075.0
2018-01-08 10:09:31.063242,434.0,434.0,434.2,5086675.0
2018-01-08 10:09:32.748729,434.0,434.0,434.2,5086675.0
2018-01-08 10:09:34.755964,434.0,434.0,434.2,5086675.0
2018-01-08 10:09:36.754734,434.0,434.0,434.2,5086675.0
2018-01-08 10:09:38.914536,434.0,434.0,434.2,5090575.0
2018-01-08 10:09:40.986612,434.0,434.0,434.2,5090575.0
2018-01-08 10:09:42.921075,434.0,434.0,434.2,5090575.0
2018-01-08 10:09:44.887907,434.0,434.0,434.2,5090575.0
2018-01-08 10:09:46.901946,433.8,433.8,434.0,5094075.0
2018-01-08 10:09:48.952020,433.8,433.8,434.0,5094075.0
2018-01-08 10:09:50.797876,433.8,433.8,434.0,5094075.0
2018-01-08 10:09:52.772624,433.8,433.8,434.0,5094075.0
2018-01-08 10:09:55.006495,433.8,433.8,434.0,5094075.0
2018-01-08 10:09:57.400478,433.8,433.8,434.0,5094075.0
2018-01-08 10:09:59.328404,434.0,433.8,434.0,5101075.0
2018-01-08 10:10:01.384561,434.0,433.8,434.0,5101075.0
2018-01-08 10:10:03.809012,434.0,433.8,434.0,5105175.0
2018-01-08 10:10:05.472288,434.0,433.8,434.0,5117575.0
2018-01-08 10:10:08.443234,434.0,433.8,434.0,5117575.0
2018-01-08 10:10:09.975857,434.0,433.8,434.0,5117575.0
2018-01-08 10:10:11.948864,434.2,434.0,434.2,5120775.0
2018-01-08 10:10:13.688129,434.2,434.0,434.2,5120775.0
2018-01-08 10:10:15.508408,434.2,434.0,434.2,5120775.0
2018-01-08 10:10:16.924376,434.2,434.0,434.2,5120775.0
2018-01-08 10:10:18.888090,434.2,434.0,434.2,5120775.0
2018-01-08 10:10:20.694430,434.2,434.0,434.2,5120775.0
2018-01-08 10:10:22.245005,434.2,434.0,434.2,5120775.0
2018-01-08 10:10:23.554202,434.2,434.0,434.2,5123675.0
2018-01-08 10:10:25.343681,434.2,434.0,434.2,5123675.0
2018-01-08 10:10:27.186683,434.2,434.0,434.2,5123675.0
2018-01-08 10:10:28.417590,434.2,434.0,434.2,5126975.0
2018-01-08 10:10:29.704554,434.2,434.0,434.2,5126975.0
2018-01-08 10:10:31.484742,434.2,434.0,434.2,5126975.0
2018-01-08 10:10:33.319442,434.2,434.0,434.2,5126975.0
2018-01-08 10:10:35.187317,434.2,434.0,434.2,5126975.0
2018-01-08 10:10:37.160157,434.2,434.0,434.2,5126975.0
2018-01-08 10:10:38.549903,434.2,434.0,434.2,5126975.0
2018-01-08 10:10:40.263633,434.2,434.0,434.2,5126975.0
2018-01-08 10:10:42.053594,434.2,434.0,434.2,5139175.0
2018-01-08 10:10:43.802540,434.2,434.0,434.2,5139175.0
2018-01-08 10:10:45.499696,434.2,434.0,434.2,5139175.0
2018-01-08 10:10:47.393718,434.2,434.0,434.2,5139175.0
2018-01-08 10:10:48.700723,434.0,434.0,434.2,5141975.0
2018-01-08 10:10:50.380747,434.0,434.0,434.2,5141975.0
2018-01-08 10:10:52.033215,434.0,434.0,434.2,5141975.0
2018-01-08 10:10:53.427386,434.2,434.0,434.4,5153375.0
2018-01-08 10:10:55.147218,434.2,434.0,434.4,5153375.0
2018-01-08 10:10:57.350202,434.2,434.2,434.4,5155275.0
2018-01-08 10:10:59.198054,434.2,434.0,434.4,5163975.0
2018-01-08 10:11:05.584923,434.2,434.0,434.4,5163975.0
2018-01-08 10:11:07.144396,434.2,434.0,434.4,5163975.0
2018-01-08 10:11:08.658774,434.2,434.0,434.2,5166175.0
2018-01-08 10:11:10.415433,434.2,434.0,434.2,5166175.0
2018-01-08 10:11:12.364738,434.2,434.0,434.2,5166175.0
2018-01-08 10:11:14.193363,434.2,434.0,434.2,5166175.0
2018-01-08 10:11:16.003686,434.2,434.0,434.2,5170175.0
2018-01-08 10:11:17.890513,434.2,434.0,434.2,5170175.0
2018-01-08 10:11:19.813731,434.2,434.0,434.2,5170175.0
2018-01-08 10:11:21.069606,434.0,433.8,434.0,5179175.0
2018-01-08 10:11:23.083805,434.0,433.8,434.0,5179175.0
2018-01-08 10:11:24.640826,434.0,433.8,434.0,5179175.0
2018-01-08 10:11:25.930675,434.0,433.8,434.0,5179175.0
2018-01-08 10:11:27.739304,434.0,433.8,434.0,5179175.0
2018-01-08 10:11:29.248525,434.0,434.0,434.2,5185475.0
2018-01-08 10:11:31.193872,434.0,434.0,434.2,5185475.0
2018-01-08 10:11:33.041142,434.0,434.0,434.2,5185475.0
2018-01-08 10:11:34.954826,434.0,434.0,434.2,5185475.0
2018-01-08 10:11:36.904177,434.0,434.0,434.2,5185475.0
2018-01-08 10:11:38.705650,434.2,434.0,434.2,5189175.0
2018-01-08 10:11:40.305868,434.2,434.0,434.2,5189175.0
2018-01-08 10:11:42.035500,434.2,434.0,434.2,5189175.0
2018-01-08 10:11:43.541174,434.2,434.0,434.2,5189175.0
2018-01-08 10:11:45.067020,434.2,434.0,434.2,5189175.0
2018-01-08 10:11:46.428217,434.2,434.0,434.2,5191675.0
2018-01-08 10:11:47.858461,434.2,434.0,434.2,5191675.0
2018-01-08 10:11:49.561882,434.0,434.0,434.2,5197885.0
2018-01-08 10:11:51.208284,434.0,434.0,434.2,5197885.0
2018-01-08 10:11:52.849017,434.0,434.0,434.2,5197885.0
2018-01-08 10:11:54.790517,434.0,434.0,434.2,5197885.0
2018-01-08 10:11:56.599580,434.0,434.0,434.2,5197885.0
2018-01-08 10:11:58.169194,434.2,434.0,434.2,5203502.0
2018-01-08 10:11:59.660623,434.2,434.0,434.2,5203502.0
2018-01-08 10:12:01.436528,434.2,434.0,434.2,5203502.0
2018-01-08 10:12:03.370109,434.2,434.0,434.2,5203502.0
2018-01-08 10:12:05.062919,434.2,434.0,434.2,5203502.0
2018-01-08 10:12:06.849855,434.2,434.0,434.2,5203502.0
2018-01-08 10:12:08.347359,434.2,434.0,434.2,5203502.0
2018-01-08 10:12:10.101849,434.2,434.0,434.2,5203502.0
2018-01-08 10:12:11.828500,434.2,434.2,434.4,5206102.0
2018-01-08 10:12:13.529350,434.2,434.2,434.4,5206102.0
2018-01-08 10:12:15.689997,434.2,434.2,434.4,5206102.0
2018-01-08 10:12:17.066217,434.2,434.2,434.4,5206102.0
2018-01-08 10:12:18.516322,434.2,434.2,434.4,5207802.0
2018-01-08 10:12:20.321915,434.2,434.2,434.4,5207802.0
2018-01-08 10:12:21.743764,434.2,434.2,434.4,5207802.0
2018-01-08 10:12:23.147579,434.2,434.2,434.4,5207802.0
2018-01-08 10:12:24.708319,434.4,434.2,434.4,5218302.0
2018-01-08 10:12:26.312880,434.4,434.2,434.4,5218302.0
2018-01-08 10:12:27.868597,434.4,434.2,434.4,5231702.0
2018-01-08 10:12:29.838237,434.4,434.2,434.4,5231702.0
2018-01-08 10:12:31.506750,434.4,434.2,434.4,5231702.0
2018-01-08 10:12:32.759742,434.4,434.2,434.4,5231702.0
2018-01-08 10:12:34.256668,434.4,434.2,434.4,5231702.0
2018-01-08 10:12:35.974684,434.4,434.2,434.4,5231702.0
2018-01-08 10:12:37.796036,434.4,434.4,434.6,5234502.0
2018-01-08 10:12:39.440504,434.4,434.4,434.6,5234502.0
2018-01-08 10:12:40.943211,434.4,434.4,434.6,5234502.0
2018-01-08 10:12:42.762499,434.4,434.4,434.6,5234502.0
2018-01-08 10:12:44.537106,434.4,434.4,434.6,5234502.0
2018-01-08 10:12:46.270459,434.4,434.4,434.6,5234502.0
2018-01-08 10:12:47.738961,434.4,434.4,434.6,5234502.0
2018-01-08 10:12:48.913967,434.4,434.4,434.6,5234502.0
2018-01-08 10:12:50.193298,434.4,434.4,434.6,5234502.0
2018-01-08 10:12:51.327038,434.4,434.4,434.6,5234502.0
2018-01-08 10:12:53.127148,434.4,434.4,434.6,5234502.0
2018-01-08 10:12:54.367207,434.6,434.6,434.8,5237702.0
2018-01-08 10:12:56.159138,434.6,434.6,434.8,5237702.0
2018-01-08 10:12:58.042147,434.6,434.6,434.8,5237702.0
2018-01-08 10:12:59.347039,434.6,434.6,434.8,5237702.0
2018-01-08 10:13:00.450110,434.6,434.6,434.8,5237702.0
2018-01-08 10:13:01.612015,434.6,434.6,434.8,5237702.0
2018-01-08 10:13:07.010030,434.6,434.6,434.8,5237702.0
2018-01-08 10:13:08.439173,434.8,434.6,434.8,5239202.0
2018-01-08 10:13:10.227390,434.8,434.6,434.8,5239202.0
2018-01-08 10:13:12.011277,434.8,434.6,434.8,5242402.0
2018-01-08 10:13:13.483933,434.6,434.6,434.8,5279902.0
2018-01-08 10:13:15.330731,434.4,434.4,434.8,5297902.0
2018-01-08 10:13:16.911331,434.4,434.4,434.8,5297902.0
2018-01-08 10:13:19.215536,434.4,434.4,434.8,5297902.0
2018-01-08 10:13:20.998925,434.4,434.4,434.8,5297902.0
2018-01-08 10:13:22.688443,434.4,434.4,434.6,5303202.0
2018-01-08 10:13:24.381994,434.4,434.4,434.6,5303202.0
2018-01-08 10:13:25.666387,434.4,434.4,434.6,5313002.0
2018-01-08 10:13:27.500078,434.4,434.4,434.6,5313002.0
2018-01-08 10:13:29.371488,434.4,434.4,434.6,5321703.0
2018-01-08 10:13:30.979750,434.4,434.2,434.6,5334203.0
2018-01-08 10:13:32.215395,434.4,434.2,434.6,5334203.0
2018-01-08 10:13:33.947824,434.4,434.2,434.6,5334203.0
2018-01-08 10:13:35.811287,434.4,434.2,434.6,5334203.0
2018-01-08 10:13:37.562437,434.4,434.2,434.6,5334203.0
2018-01-08 10:13:39.589591,434.4,434.2,434.6,5334203.0
2018-01-08 10:13:41.671538,434.4,434.2,434.6,5334203.0
2018-01-08 10:13:43.269185,434.4,434.2,434.6,5334203.0
2018-01-08 10:13:44.704554,434.4,434.4,434.6,5339503.0
2018-01-08 10:13:46.560977,434.4,434.4,434.6,5339503.0
2018-01-08 10:13:48.391500,434.4,434.4,434.6,5339503.0
2018-01-08 10:13:50.224231,434.4,434.4,434.6,5339503.0
2018-01-08 10:13:51.794476,434.4,434.4,434.6,5339503.0
2018-01-08 10:13:53.110249,434.4,434.4,434.6,5339503.0
2018-01-08 10:13:54.916397,434.4,434.4,434.6,5342603.0
2018-01-08 10:13:56.442562,434.4,434.4,434.6,5342603.0
2018-01-08 10:13:58.147642,434.4,434.4,434.6,5342603.0
2018-01-08 10:13:59.454321,434.4,434.4,434.6,5342603.0
2018-01-08 10:14:01.129283,434.4,434.4,434.6,5342603.0
2018-01-08 10:14:02.566344,434.4,434.4,434.6,5342603.0
2018-01-08 10:14:04.057915,434.4,434.4,434.6,5342603.0
2018-01-08 10:14:05.674489,434.4,434.4,434.6,5342603.0
2018-01-08 10:14:07.034945,434.6,434.4,434.6,5346003.0
2018-01-08 10:14:08.748646,434.6,434.4,434.6,5346003.0
2018-01-08 10:14:10.358157,434.6,434.4,434.6,5346003.0
2018-01-08 10:14:11.970229,434.6,434.4,434.6,5346003.0
2018-01-08 10:14:14.260695,434.6,434.4,434.6,5346003.0
2018-01-08 10:14:16.064456,434.6,434.6,434.8,5347903.0
2018-01-08 10:14:17.908460,434.6,434.6,434.8,5347903.0
2018-01-08 10:14:19.383166,434.6,434.6,434.8,5347903.0
2018-01-08 10:14:21.029505,434.6,434.6,434.8,5347903.0
2018-01-08 10:14:22.890911,434.6,434.6,434.8,5354503.0
2018-01-08 10:14:24.841875,434.6,434.6,434.8,5354503.0
2018-01-08 10:14:26.855482,434.4,434.2,434.6,5361103.0
2018-01-08 10:14:28.663318,434.4,434.2,434.6,5361103.0
2018-01-08 10:14:30.220813,434.4,434.2,434.6,5361103.0
2018-01-08 10:14:32.289241,434.4,434.2,434.6,5361103.0
2018-01-08 10:14:34.188852,434.4,434.2,434.6,5361103.0
2018-01-08 10:14:35.962155,434.4,434.2,434.6,5361103.0
2018-01-08 10:14:37.484245,434.4,434.4,434.6,5363703.0
2018-01-08 10:14:39.115219,434.4,434.4,434.6,5363703.0
2018-01-08 10:14:40.765703,434.4,434.4,434.6,5363703.0
2018-01-08 10:14:42.632106,434.4,434.4,434.6,5363703.0
2018-01-08 10:14:44.771345,434.4,434.4,434.6,5363703.0
2018-01-08 10:14:46.336116,434.4,434.4,434.6,5365503.0
2018-01-08 10:14:48.023040,434.4,434.4,434.6,5365503.0
2018-01-08 10:14:49.601560,434.4,434.4,434.6,5365503.0
2018-01-08 10:14:51.366129,434.4,434.4,434.6,5365503.0
2018-01-08 10:14:53.053892,434.4,434.4,434.6,5365503.0
2018-01-08 10:14:54.662667,434.4,434.4,434.6,5365503.0
2018-01-08 10:14:55.955700,434.4,434.4,434.6,5365503.0
2018-01-08 10:14:57.906383,434.4,434.4,434.6,5366803.0
2018-01-08 10:14:59.825101,434.4,434.4,434.6,5366803.0
2018-01-08 10:15:01.537142,434.4,434.4,434.6,5366803.0
2018-01-08 10:15:02.920186,434.4,434.4,434.6,5372003.0
2018-01-08 10:15:04.392023,434.4,434.4,434.6,5372003.0
2018-01-08 10:15:05.711170,434.4,434.4,434.6,5372003.0
2018-01-08 10:15:07.283786,434.4,434.4,434.6,5372003.0
2018-01-08 10:15:08.908861,434.4,434.4,434.6,5372003.0
2018-01-08 10:15:10.544393,434.4,434.4,434.6,5372003.0
2018-01-08 10:15:12.143833,434.4,434.2,434.4,5374403.0
2018-01-08 10:15:13.643150,434.4,434.2,434.4,5374403.0
2018-01-08 10:15:14.985308,434.4,434.2,434.4,5374403.0
2018-01-08 10:15:16.264651,434.4,434.2,434.4,5378303.0
2018-01-08 10:15:17.632142,434.4,434.2,434.4,5378303.0
2018-01-08 10:15:19.266749,434.4,434.2,434.4,5378303.0
2018-01-08 10:15:20.824068,434.4,434.2,434.4,5378303.0
2018-01-08 10:15:22.484517,434.4,434.2,434.4,5378303.0
2018-01-08 10:15:23.647280,434.6,434.2,434.8,5385603.0
2018-01-08 10:15:25.048013,434.6,434.2,434.8,5385603.0
2018-01-08 10:15:26.911733,434.6,434.2,434.8,5385603.0
2018-01-08 10:15:28.489298,434.6,434.2,434.8,5385603.0
2018-01-08 10:15:29.924281,434.6,434.6,434.8,5388403.0
2018-01-08 10:15:31.129346,434.6,434.6,434.8,5388403.0
2018-01-08 10:15:33.000627,434.4,434.2,434.4,5392103.0
2018-01-08 10:15:34.729189,434.4,434.2,434.4,5392103.0
2018-01-08 10:15:36.043374,434.4,434.2,434.4,5392103.0
2018-01-08 10:15:37.694090,434.4,434.2,434.4,5392103.0
2018-01-08 10:15:39.614024,434.4,434.2,434.4,5392103.0
2018-01-08 10:15:41.383869,434.4,434.2,434.6,5396703.0
2018-01-08 10:15:42.478584,434.4,434.2,434.6,5398103.0
2018-01-08 10:15:43.532391,434.4,434.2,434.6,5398103.0
2018-01-08 10:15:44.941037,434.4,434.2,434.6,5398103.0
2018-01-08 10:15:47.035566,434.4,434.2,434.6,5398103.0
2018-01-08 10:15:48.705616,434.4,434.2,434.6,5398103.0
2018-01-08 10:17:47.078179,434.8,434.4,434.8,5410423.0
2018-01-08 10:17:49.013926,434.8,434.6,434.8,5450123.0
2018-01-08 10:17:51.013660,434.8,434.6,434.8,5450123.0
2018-01-08 10:17:52.529425,434.8,434.6,434.8,5450123.0
2018-01-08 10:17:54.224284,434.8,434.6,434.8,5450123.0
2018-01-08 10:17:56.156003,434.6,434.6,435.0,5460523.0
2018-01-08 10:17:58.234981,434.6,434.6,435.0,5460523.0
2018-01-08 10:18:00.249822,434.6,434.6,435.0,5460523.0
2018-01-08 10:18:02.250680,434.6,434.6,435.0,5460523.0
2018-01-08 10:18:04.590336,434.6,434.6,435.0,5460523.0
2018-01-08 10:18:06.559439,434.6,434.6,435.0,5460523.0
2018-01-08 10:18:08.066908,434.6,434.6,435.0,5460523.0
2018-01-08 10:18:09.981809,435.0,434.8,435.0,5465223.0
2018-01-08 10:18:11.899860,435.0,434.8,435.0,5465223.0
2018-01-08 10:18:13.635022,435.0,434.8,435.0,5465223.0
2018-01-08 10:18:15.633765,435.0,434.8,435.0,5465223.0
2018-01-08 10:18:17.465544,434.8,434.8,435.0,5466423.0
2018-01-08 10:18:19.185775,434.8,434.8,435.0,5466423.0
2018-01-08 10:18:21.143495,434.8,434.8,435.0,5466423.0
2018-01-08 10:18:22.780724,434.8,434.8,435.0,5466423.0
2018-01-08 10:18:25.274072,434.8,434.6,434.8,5471323.0
2018-01-08 10:18:27.122111,434.8,434.6,434.8,5471323.0
2018-01-08 10:18:28.935360,434.8,434.6,434.8,5471323.0
2018-01-08 10:18:30.389463,434.8,434.6,435.0,5476223.0
2018-01-08 10:18:32.210137,434.8,434.6,435.0,5476223.0
2018-01-08 10:18:33.606679,434.8,434.6,435.0,5476223.0
2018-01-08 10:18:35.180575,434.8,434.6,435.0,5476223.0
2018-01-08 10:18:36.822711,434.8,434.6,435.0,5476223.0
2018-01-08 10:18:38.833996,434.8,434.6,435.0,5476223.0
2018-01-08 10:18:40.811465,434.8,434.6,435.0,5476223.0
2018-01-08 10:18:42.666506,434.8,434.6,435.0,5476223.0
2018-01-08 10:18:44.624355,434.8,434.6,435.0,5476223.0
2018-01-08 10:18:46.500246,434.8,434.6,435.0,5476223.0
2018-01-08 10:18:47.907304,434.8,434.6,435.0,5476223.0
2018-01-08 10:18:49.748667,434.8,434.6,435.0,5476223.0
2018-01-08 10:18:50.766700,434.8,434.6,435.0,5476223.0
2018-01-08 10:18:52.572776,434.8,434.6,435.0,5476223.0
2018-01-08 10:18:54.647686,435.0,434.8,435.0,5478623.0
2018-01-08 10:18:56.208143,435.0,434.8,435.0,5478623.0
2018-01-08 10:18:58.778579,435.0,434.8,435.0,5478623.0
2018-01-08 10:19:01.307818,435.0,434.8,435.0,5478623.0
2018-01-08 10:19:05.222898,434.8,434.8,435.0,5480123.0
2018-01-08 10:19:07.174818,434.8,434.8,435.0,5483523.0
2018-01-08 10:19:10.331650,434.8,434.8,435.0,5483523.0
2018-01-08 10:19:16.244625,435.0,434.8,435.0,5485823.0
2018-01-08 10:19:17.829825,435.0,434.8,435.0,5485823.0
2018-01-08 10:19:19.432762,435.0,434.8,435.0,5485823.0
2018-01-08 10:19:21.120561,435.0,434.8,435.0,5485823.0
2018-01-08 10:19:22.887110,435.0,434.8,435.0,5485823.0
2018-01-08 10:19:24.938655,435.0,434.8,435.0,5485823.0
2018-01-08 10:19:27.051828,435.0,434.8,435.0,5485823.0
2018-01-08 10:19:29.003532,435.0,434.8,435.0,5485823.0
2018-01-08 10:19:30.940254,435.0,434.8,435.0,5485823.0
2018-01-08 10:19:32.974384,435.0,434.8,435.0,5485823.0
2018-01-08 10:19:35.103139,435.0,434.8,435.0,5499823.0
2018-01-08 10:19:37.027902,435.0,434.8,435.0,5499823.0
2018-01-08 10:19:38.941819,435.0,434.8,435.0,5499823.0
2018-01-08 10:19:40.882948,435.0,434.8,435.0,5499823.0
2018-01-08 10:19:43.096001,435.0,434.8,435.0,5499823.0
2018-01-08 10:19:45.103242,435.0,434.8,435.0,5499823.0
2018-01-08 10:19:46.417122,435.0,434.8,435.0,5499823.0
2018-01-08 10:19:47.682506,435.0,434.8,435.0,5499823.0
2018-01-08 10:19:49.539074,435.0,434.8,435.0,5499823.0
2018-01-08 10:19:51.678293,435.0,434.8,435.0,5499823.0
2018-01-08 10:19:53.532842,435.0,434.8,435.2,5531623.0
2018-01-08 10:19:55.056701,435.0,434.8,435.2,5531623.0
2018-01-08 10:19:57.417202,435.0,434.8,435.2,5531623.0
2018-01-08 10:19:59.249201,435.0,434.8,435.2,5531623.0
2018-01-08 10:20:00.947123,435.0,434.8,435.2,5531623.0
2018-01-08 10:20:04.632483,435.0,434.8,435.2,5531623.0
2018-01-08 10:20:06.514424,435.0,434.8,435.2,5531623.0
2018-01-08 10:20:08.738577,435.0,434.8,435.2,5531623.0
2018-01-08 10:20:10.597350,435.0,434.8,435.2,5531623.0
2018-01-08 10:20:12.200729,435.0,434.8,435.2,5531623.0
2018-01-08 10:20:15.026496,435.0,434.8,435.2,5531623.0
2018-01-08 10:20:16.598685,435.0,434.8,435.2,5531623.0
2018-01-08 10:20:18.655725,435.0,434.8,435.2,5531623.0
2018-01-08 10:20:20.093382,435.2,435.0,435.2,5550323.0
2018-01-08 10:20:22.350851,435.2,435.0,435.2,5550323.0
2018-01-08 10:20:24.819132,435.2,435.2,435.4,5562423.0
2018-01-08 10:20:26.777722,435.2,435.2,435.4,5562423.0
2018-01-08 10:20:29.055796,435.2,435.2,435.4,5562423.0
2018-01-08 10:20:30.858005,435.2,435.2,435.4,5562423.0
2018-01-08 10:20:33.104254,435.2,435.2,435.4,5562423.0
2018-01-08 10:20:35.084157,435.2,435.2,435.4,5564223.0
2018-01-08 10:20:37.123039,435.2,435.2,435.4,5564223.0
2018-01-08 10:20:39.172777,435.2,435.2,435.4,5564223.0
2018-01-08 10:20:41.324421,435.2,435.2,435.4,5564223.0
2018-01-08 10:20:43.055347,435.4,435.2,435.4,5567123.0
2018-01-08 10:20:44.532465,435.4,435.2,435.4,5567123.0
2018-01-08 10:20:46.686612,435.4,435.2,435.4,5567123.0
2018-01-08 10:20:48.480844,435.4,435.2,435.4,5567123.0
2018-01-08 10:20:50.717017,435.4,435.2,435.4,5567123.0
2018-01-08 10:20:52.546803,435.4,435.2,435.4,5567123.0
2018-01-08 10:20:54.480285,435.4,435.2,435.4,5567123.0
2018-01-08 10:20:56.209173,435.4,435.2,435.4,5567123.0
2018-01-08 10:20:59.255046,435.4,435.2,435.4,5585423.0
2018-01-08 10:21:01.048563,435.4,435.2,435.4,5585423.0
2018-01-08 10:21:02.728734,435.4,435.2,435.4,5585423.0
2018-01-08 10:21:04.799219,435.4,435.2,435.4,5585423.0
2018-01-08 10:21:06.766259,435.4,435.2,435.4,5585423.0
2018-01-08 10:21:08.731993,435.4,435.2,435.4,5585423.0
2018-01-08 10:21:10.716857,435.4,435.2,435.4,5585423.0
2018-01-08 10:21:12.822689,435.4,435.2,435.4,5585423.0
2018-01-08 10:21:15.865679,435.4,435.2,435.4,5585423.0
2018-01-08 10:21:17.457935,435.4,435.2,435.4,5585423.0
2018-01-08 10:21:19.425803,435.4,435.2,435.4,5585423.0
2018-01-08 10:21:21.303869,435.4,435.4,435.6,5597523.0
2018-01-08 10:21:23.388080,435.4,435.4,435.6,5597523.0
2018-01-08 10:21:24.906296,435.4,435.4,435.6,5597523.0
2018-01-08 10:21:27.299853,435.4,435.4,435.6,5597523.0
2018-01-08 10:21:28.701045,435.4,435.4,435.6,5611923.0
2018-01-08 10:21:30.845122,435.4,435.4,435.6,5611923.0
2018-01-08 10:21:32.187298,435.4,435.4,435.6,5611923.0
2018-01-08 10:21:33.735978,435.4,435.4,435.6,5611923.0
2018-01-08 10:21:34.977483,435.4,435.4,435.6,5611923.0
2018-01-08 10:21:37.040121,435.4,435.4,435.6,5611923.0
2018-01-08 10:21:38.750841,435.4,435.4,435.6,5611923.0
2018-01-08 10:21:40.368643,435.2,435.2,435.4,5615023.0
2018-01-08 10:21:42.166893,435.2,435.2,435.4,5615023.0
2018-01-08 10:21:44.086101,435.2,435.2,435.4,5615023.0
2018-01-08 10:21:46.350069,435.2,435.2,435.4,5615023.0
2018-01-08 10:21:48.267706,435.2,435.2,435.4,5615023.0
2018-01-08 10:21:50.103868,435.2,435.2,435.4,5615023.0
2018-01-08 10:21:52.039762,435.2,435.2,435.4,5615023.0
2018-01-08 10:21:53.748359,435.2,435.2,435.4,5615023.0
2018-01-08 10:21:55.491487,435.2,435.2,435.4,5615023.0
2018-01-08 10:21:56.675739,435.4,435.4,435.6,5618823.0
2018-01-08 10:21:59.665556,435.4,435.4,435.6,5618823.0
2018-01-08 10:22:04.217180,435.4,435.4,435.6,5618823.0
2018-01-08 10:22:06.037438,435.4,435.4,435.6,5618823.0
2018-01-08 10:22:07.724832,435.4,435.4,435.6,5618823.0
2018-01-08 10:22:09.542191,435.4,435.4,435.6,5618823.0
2018-01-08 10:22:11.295589,435.4,435.4,435.6,5618823.0
2018-01-08 10:22:13.372331,435.4,435.4,435.6,5618823.0
2018-01-08 10:22:15.003118,435.4,435.4,435.6,5618823.0
2018-01-08 10:22:17.053125,435.4,435.4,435.6,5618823.0
2018-01-08 10:22:18.985854,435.4,435.4,435.6,5618823.0
2018-01-08 10:22:21.057448,435.4,435.4,435.6,5618823.0
2018-01-08 10:22:22.977376,435.4,435.4,435.6,5618823.0
2018-01-08 10:22:25.018090,435.4,435.4,435.6,5618823.0
2018-01-08 10:22:26.793022,435.4,435.4,435.6,5618823.0
2018-01-08 10:22:28.756434,435.4,435.4,435.6,5618823.0
2018-01-08 10:22:30.318778,435.4,435.4,435.6,5618823.0
2018-01-08 10:22:32.658111,435.4,435.4,435.6,5618823.0
2018-01-08 10:22:34.742796,435.4,435.4,435.6,5622223.0
2018-01-08 10:22:36.554419,435.4,435.4,435.6,5622223.0
2018-01-08 10:22:38.590875,435.4,435.4,435.6,5622223.0
2018-01-08 10:22:40.358876,435.4,435.4,435.6,5622223.0
2018-01-08 10:22:41.851741,435.4,435.4,435.6,5654723.0
2018-01-08 10:22:43.348370,435.4,435.4,435.6,5654723.0
2018-01-08 10:22:45.312514,435.4,435.2,435.4,5659623.0
2018-01-08 10:22:47.721240,435.4,435.2,435.4,5659623.0
2018-01-08 10:22:49.833591,435.4,435.2,435.4,5659623.0
2018-01-08 10:22:51.889174,435.4,435.2,435.4,5659623.0
2018-01-08 10:22:54.084779,435.4,435.2,435.4,5659623.0
2018-01-08 10:22:55.974192,435.4,435.2,435.4,5659623.0
2018-01-08 10:22:57.628130,435.2,435.2,435.6,5671923.0
2018-01-08 10:23:02.307016,435.2,435.2,435.6,5671923.0
2018-01-08 10:23:04.182913,435.2,435.2,435.6,5671923.0
2018-01-08 10:23:06.107933,435.2,435.2,435.6,5671923.0
2018-01-08 10:23:07.904647,435.2,435.2,435.6,5671923.0
2018-01-08 10:23:10.117395,435.2,435.2,435.6,5671923.0
2018-01-08 10:23:11.927791,435.2,435.2,435.4,5673123.0
2018-01-08 10:23:13.679307,435.2,435.2,435.4,5673123.0
2018-01-08 10:23:15.872007,435.2,435.2,435.4,5673123.0
2018-01-08 10:23:17.613826,435.2,435.2,435.4,5673123.0
2018-01-08 10:23:19.893262,435.2,435.2,435.4,5673123.0
2018-01-08 10:23:22.163702,435.2,435.2,435.4,5673123.0
2018-01-08 10:23:24.364747,435.6,435.2,435.6,5676823.0
2018-01-08 10:23:26.251363,435.6,435.2,435.6,5676823.0
2018-01-08 10:23:27.796019,435.6,435.2,435.6,5677823.0
2018-01-08 10:23:29.760668,435.6,435.2,435.6,5677823.0
2018-01-08 10:23:31.384517,435.6,435.2,435.6,5677823.0
2018-01-08 10:23:33.246792,435.6,435.2,435.6,5677823.0
2018-01-08 10:23:35.693037,435.6,435.2,435.6,5677823.0
2018-01-08 10:23:37.473261,435.6,435.2,435.6,5677823.0
2018-01-08 10:23:39.362201,435.6,435.2,435.6,5677823.0
2018-01-08 10:23:41.040751,435.6,435.2,435.6,5677823.0
2018-01-08 10:23:42.772476,435.6,435.2,435.6,5677823.0
2018-01-08 10:23:44.695038,435.4,435.2,435.4,5679123.0
2018-01-08 10:23:46.538371,435.4,435.2,435.4,5679123.0
2018-01-08 10:23:48.582801,435.4,435.2,435.4,5679123.0
2018-01-08 10:23:50.496748,435.4,435.2,435.4,5679123.0
2018-01-08 10:23:52.106647,435.4,435.2,435.4,5679123.0
2018-01-08 10:23:53.404914,435.4,435.2,435.4,5679123.0
2018-01-08 10:23:55.311933,435.4,435.2,435.4,5679123.0
2018-01-08 10:23:57.184501,435.4,435.2,435.4,5679123.0
2018-01-08 10:23:59.788925,435.4,435.2,435.4,5679123.0
2018-01-08 10:24:05.083355,435.4,435.2,435.4,5679123.0
2018-01-08 10:24:06.806056,435.4,435.2,435.4,5679123.0
2018-01-08 10:24:08.180652,435.4,435.2,435.4,5679123.0
2018-01-08 10:24:10.215578,435.4,435.2,435.6,5682823.0
2018-01-08 10:24:12.438615,435.4,435.2,435.6,5682823.0
2018-01-08 10:24:13.955090,435.4,435.2,435.6,5682823.0
2018-01-08 10:24:15.941548,435.4,435.2,435.6,5682823.0
2018-01-08 10:24:17.962166,435.4,435.2,435.6,5682823.0
2018-01-08 10:24:19.907727,435.4,435.2,435.6,5682823.0
2018-01-08 10:24:21.680675,435.4,435.2,435.6,5682823.0
2018-01-08 10:24:23.615623,435.4,435.2,435.4,5688223.0
2018-01-08 10:24:25.602329,435.4,435.2,435.4,5688223.0
2018-01-08 10:24:27.561383,435.2,435.2,435.4,5695623.0
2018-01-08 10:24:30.330015,435.2,435.2,435.4,5695623.0
2018-01-08 10:24:32.202409,435.2,435.2,435.4,5695623.0
2018-01-08 10:24:34.012746,435.2,435.2,435.4,5700523.0
2018-01-08 10:24:35.720501,435.4,435.2,435.4,5705323.0
2018-01-08 10:24:37.371554,435.2,435.2,435.4,5725423.0
2018-01-08 10:24:39.086162,435.2,435.2,435.4,5725423.0
2018-01-08 10:24:40.918817,435.2,435.2,435.4,5725423.0
2018-01-08 10:24:42.629814,435.2,435.2,435.4,5725423.0
2018-01-08 10:24:44.277353,435.4,435.2,435.4,5727523.0
2018-01-08 10:24:45.874958,435.2,435.2,435.4,5730823.0
2018-01-08 10:24:47.622042,435.2,435.2,435.4,5730823.0
2018-01-08 10:24:49.193713,435.2,435.2,435.4,5732523.0
2018-01-08 10:24:50.962709,435.2,435.2,435.4,5732523.0
2018-01-08 10:24:52.423109,435.2,435.2,435.4,5732523.0
2018-01-08 10:24:55.539367,435.2,435.2,435.4,5732523.0
2018-01-08 10:24:56.931714,435.2,435.0,435.2,5739023.0
2018-01-08 10:24:58.502326,435.2,435.0,435.2,5739023.0
2018-01-08 10:24:59.858380,435.2,435.0,435.2,5739023.0
2018-01-08 10:25:01.182342,435.2,435.0,435.2,5739023.0
2018-01-08 10:25:02.251971,435.2,435.0,435.2,5739023.0
2018-01-08 10:25:04.689670,435.2,435.0,435.2,5739023.0
2018-01-08 10:25:08.770054,435.2,435.0,435.2,5739023.0
2018-01-08 10:25:13.608811,435.2,435.0,435.2,5739023.0
2018-01-08 10:25:15.573157,435.0,435.0,435.2,5742223.0
2018-01-08 10:25:17.226853,435.0,435.0,435.2,5742223.0
2018-01-08 10:25:19.190457,435.0,435.0,435.2,5742223.0
2018-01-08 10:25:21.042804,435.0,435.0,435.2,5742223.0
2018-01-08 10:25:22.842378,435.0,435.0,435.2,5742223.0
2018-01-08 10:25:24.195558,435.0,435.0,435.2,5742223.0
2018-01-08 10:25:25.860037,435.0,435.0,435.2,5742223.0
2018-01-08 10:25:27.252338,435.0,435.0,435.2,5742223.0
2018-01-08 10:25:29.156793,435.0,435.0,435.2,5742223.0
2018-01-08 10:25:30.975807,435.0,435.0,435.2,5742223.0
2018-01-08 10:25:33.338867,435.0,435.0,435.2,5742223.0
2018-01-08 10:25:35.165715,435.0,435.0,435.2,5742223.0
2018-01-08 10:25:37.138939,435.0,435.0,435.2,5742223.0
2018-01-08 10:25:39.248451,435.2,435.0,435.2,5747723.0
2018-01-08 10:25:41.107839,435.2,435.0,435.2,5747723.0
2018-01-08 10:25:42.987821,435.2,435.0,435.2,5747723.0
2018-01-08 10:25:44.907538,435.2,435.0,435.2,5747723.0
2018-01-08 10:25:46.650355,435.0,435.0,435.2,5748923.0
2018-01-08 10:25:48.650066,435.2,435.0,435.2,5751023.0
2018-01-08 10:25:50.685831,435.2,435.0,435.2,5751023.0
2018-01-08 10:25:51.946124,435.0,435.0,435.2,5754123.0
2018-01-08 10:25:53.515448,435.0,435.0,435.2,5754123.0
2018-01-08 10:25:54.651214,435.0,435.0,435.2,5754123.0
2018-01-08 10:25:56.458953,435.0,435.0,435.2,5754123.0
2018-01-08 10:25:58.150439,435.0,435.0,435.2,5754123.0
2018-01-08 10:25:59.592264,435.0,435.0,435.2,5754123.0
2018-01-08 10:26:01.280487,435.0,435.0,435.2,5754123.0
2018-01-08 10:26:02.535868,435.0,435.0,435.2,5754123.0
2018-01-08 10:26:03.849351,435.0,435.0,435.2,5754123.0
2018-01-08 10:26:06.080942,435.0,435.0,435.2,5754123.0
2018-01-08 10:26:07.881798,435.2,435.0,435.2,5765123.0
2018-01-08 10:26:09.168161,435.2,435.0,435.2,5765123.0
2018-01-08 10:26:10.784079,435.2,435.0,435.2,5765123.0
2018-01-08 10:26:11.981483,435.2,435.0,435.2,5765123.0
2018-01-08 10:26:13.678621,435.2,435.0,435.2,5765123.0
2018-01-08 10:26:14.750090,435.2,435.0,435.2,5765123.0
2018-01-08 10:26:16.568386,435.2,435.0,435.2,5765123.0
2018-01-08 10:26:17.937063,435.2,435.0,435.2,5765123.0
2018-01-08 10:26:19.677921,435.2,435.0,435.2,5765123.0
2018-01-08 10:26:21.534679,435.2,435.0,435.2,5765123.0
2018-01-08 10:26:23.279484,435.2,435.0,435.2,5765123.0
2018-01-08 10:26:24.465620,435.2,435.0,435.2,5765123.0
2018-01-08 10:26:26.230616,435.2,435.0,435.2,5765123.0
2018-01-08 10:26:27.649311,435.2,435.2,435.4,5767623.0
2018-01-08 10:26:30.025720,435.2,435.2,435.4,5767623.0
2018-01-08 10:26:32.008749,435.2,435.2,435.4,5767623.0
2018-01-08 10:26:34.091772,435.2,435.2,435.4,5767623.0
2018-01-08 10:26:36.310795,435.2,435.2,435.4,5767623.0
2018-01-08 10:26:38.144451,435.2,435.2,435.4,5767623.0
2018-01-08 10:26:40.212066,435.2,435.2,435.4,5767623.0
2018-01-08 10:26:42.229134,435.2,435.2,435.4,5767623.0
2018-01-08 10:26:44.303588,435.2,435.2,435.4,5767623.0
2018-01-08 10:26:46.395862,435.2,435.2,435.4,5768423.0
2018-01-08 10:26:48.111369,435.2,435.2,435.4,5768423.0
2018-01-08 10:26:50.262681,435.2,435.2,435.4,5768423.0
2018-01-08 10:26:52.096345,435.2,435.2,435.4,5768423.0
2018-01-08 10:26:54.122857,435.2,435.2,435.4,5768423.0
2018-01-08 10:26:56.155962,435.2,435.2,435.4,5774323.0
2018-01-08 10:26:57.711771,435.2,435.2,435.4,5774323.0
2018-01-08 10:26:59.418798,435.2,435.2,435.4,5774323.0
2018-01-08 10:27:01.595496,435.2,435.2,435.4,5774323.0
2018-01-08 10:27:02.971465,435.2,435.2,435.4,5774323.0
2018-01-08 10:27:05.933307,435.2,435.2,435.4,5774323.0
2018-01-08 10:27:08.523048,435.4,435.2,435.6,5786123.0
2018-01-08 10:27:10.505220,435.4,435.2,435.6,5786123.0
2018-01-08 10:27:12.415620,435.4,435.4,435.6,5790323.0
2018-01-08 10:27:14.239908,435.4,435.4,435.6,5790323.0
2018-01-08 10:27:16.177272,435.4,435.4,435.6,5790323.0
2018-01-08 10:27:18.190829,435.4,435.4,435.6,5790323.0
2018-01-08 10:27:19.829523,435.4,435.4,435.6,5790323.0
2018-01-08 10:27:21.069083,435.4,435.4,435.6,5790323.0
2018-01-08 10:27:23.077091,435.4,435.4,435.6,5790323.0
2018-01-08 10:27:24.806597,435.4,435.4,435.6,5790323.0
2018-01-08 10:27:26.126416,435.4,435.4,435.6,5790323.0
2018-01-08 10:27:27.829871,435.4,435.4,435.6,5790323.0
2018-01-08 10:27:29.281858,435.4,435.4,435.6,5790323.0
2018-01-08 10:27:31.011767,435.4,435.4,435.6,5790323.0
2018-01-08 10:27:32.901372,435.4,435.4,435.6,5790323.0
2018-01-08 10:27:34.649885,435.4,435.4,435.6,5790323.0
2018-01-08 10:27:36.352529,435.4,435.4,435.6,5790323.0
2018-01-08 10:27:38.334399,435.6,435.4,435.6,5835723.0
2018-01-08 10:27:40.289023,435.6,435.4,435.6,5835723.0
2018-01-08 10:27:41.586157,435.6,435.4,435.6,5835723.0
2018-01-08 10:27:43.321636,435.4,435.4,435.6,5841323.0
2018-01-08 10:27:45.260177,435.4,435.4,435.6,5841323.0
2018-01-08 10:27:47.184312,435.4,435.4,435.6,5848023.0
2018-01-08 10:27:49.348113,435.4,435.4,435.6,5848023.0
2018-01-08 10:27:51.196369,435.4,435.4,435.6,5848023.0
2018-01-08 10:27:53.172776,435.4,435.4,435.6,5848023.0
2018-01-08 10:27:54.770548,435.4,435.4,435.6,5848023.0
2018-01-08 10:27:56.842496,435.4,435.4,435.6,5848023.0
2018-01-08 10:27:58.943561,435.4,435.4,435.6,5851923.0
2018-01-08 10:28:01.062484,435.4,435.4,435.6,5851923.0
2018-01-08 10:28:03.049300,435.4,435.4,435.6,5851923.0
2018-01-08 10:28:06.553747,435.4,435.4,435.6,5851923.0
2018-01-08 10:28:08.464362,435.4,435.4,435.6,5851923.0
2018-01-08 10:28:10.464174,435.4,435.4,435.6,5851923.0
2018-01-08 10:28:12.821064,435.4,435.4,435.6,5851923.0
2018-01-08 10:28:16.605672,435.4,435.4,435.6,5852823.0
2018-01-08 10:28:17.952960,435.4,435.2,435.4,5869889.0
2018-01-08 10:28:19.787348,435.4,435.2,435.4,5869889.0
2018-01-08 10:28:21.816378,435.4,435.2,435.4,5869889.0
2018-01-08 10:28:23.695153,435.4,435.2,435.4,5869889.0
2018-01-08 10:28:25.632218,435.4,435.2,435.4,5869889.0
2018-01-08 10:28:27.645558,435.4,435.2,435.4,5869889.0
2018-01-08 10:28:29.160943,435.4,435.2,435.4,5869889.0
2018-01-08 10:28:31.039007,435.4,435.2,435.4,5869889.0
2018-01-08 10:28:32.946873,435.4,435.2,435.4,5869889.0
2018-01-08 10:28:34.379092,435.4,435.2,435.4,5869889.0
2018-01-08 10:28:36.319628,435.4,435.2,435.4,5869889.0
2018-01-08 10:28:37.606681,435.2,435.2,435.4,5872389.0
2018-01-08 10:28:39.612506,435.2,435.2,435.4,5872389.0
2018-01-08 10:28:41.835317,435.2,435.2,435.4,5872389.0
2018-01-08 10:28:43.643896,435.2,435.2,435.4,5872389.0
2018-01-08 10:28:45.354097,435.2,435.2,435.4,5872389.0
2018-01-08 10:28:47.205822,435.2,435.2,435.4,5872389.0
2018-01-08 10:28:49.210289,435.2,435.2,435.4,5872389.0
2018-01-08 10:28:51.168527,435.2,435.2,435.4,5872389.0
2018-01-08 10:28:52.723230,435.2,435.2,435.4,5872389.0
2018-01-08 10:28:54.747644,435.2,435.2,435.4,5872389.0
2018-01-08 10:28:56.946936,435.2,435.2,435.4,5872389.0
2018-01-08 10:28:59.679527,435.4,435.2,435.4,5877689.0
2018-01-08 10:29:01.390763,435.4,435.2,435.4,5877689.0
2018-01-08 10:29:03.238703,435.4,435.2,435.4,5877689.0
2018-01-08 10:29:05.290940,435.2,435.2,435.4,5879389.0
2018-01-08 10:29:07.098548,435.2,435.2,435.4,5879389.0
2018-01-08 10:29:09.059142,435.2,435.2,435.4,5879389.0
2018-01-08 10:29:10.950004,435.2,435.2,435.4,5879389.0
2018-01-08 10:29:13.685616,435.2,435.2,435.4,5879389.0
2018-01-08 10:29:15.800763,435.2,435.2,435.4,5879389.0
2018-01-08 10:29:17.750155,435.2,435.2,435.4,5879389.0
2018-01-08 10:29:19.634932,435.2,435.2,435.4,5879389.0
2018-01-08 10:29:21.698923,435.2,435.2,435.4,5879389.0
2018-01-08 10:29:23.156062,435.2,435.2,435.4,5880789.0
2018-01-08 10:29:24.789331,435.2,435.2,435.4,5880789.0
2018-01-08 10:29:26.890701,435.2,435.2,435.4,5880789.0
2018-01-08 10:29:28.595075,435.2,435.2,435.4,5880789.0
2018-01-08 10:29:30.541583,435.2,435.2,435.4,5882089.0
2018-01-08 10:29:32.203693,435.2,435.2,435.4,5882089.0
2018-01-08 10:29:34.041355,435.2,435.2,435.4,5882089.0
2018-01-08 10:29:35.746827,435.2,435.2,435.4,5882089.0
2018-01-08 10:29:37.707259,435.2,435.2,435.4,5882089.0
2018-01-08 10:29:39.258263,435.2,435.2,435.4,5882089.0
2018-01-08 10:29:41.124841,435.2,435.2,435.4,5882089.0
2018-01-08 10:29:43.184681,435.4,435.2,435.4,5883189.0
2018-01-08 10:29:44.549834,435.4,435.2,435.4,5883189.0
2018-01-08 10:29:46.948423,435.4,435.2,435.4,5883189.0
2018-01-08 10:29:48.968034,435.4,435.2,435.4,5883189.0
2018-01-08 10:29:50.937387,435.4,435.2,435.4,5883189.0
2018-01-08 10:29:53.249833,435.4,435.2,435.4,5883189.0
2018-01-08 10:29:55.185510,435.4,435.2,435.4,5883189.0
2018-01-08 10:29:57.963787,435.4,435.2,435.4,5883189.0
2018-01-08 10:29:59.299465,435.4,435.2,435.4,5883189.0
2018-01-08 10:30:01.363545,435.4,435.2,435.4,5883189.0
2018-01-08 10:30:03.298123,435.4,435.2,435.4,5883189.0
2018-01-08 10:30:06.871292,435.2,435.2,435.4,5885439.0
2018-01-08 10:30:08.765650,435.2,435.2,435.4,5885439.0
2018-01-08 10:30:12.199786,435.2,435.2,435.4,5885439.0
2018-01-08 10:30:15.597811,435.2,435.2,435.4,5885439.0
2018-01-08 10:30:17.320897,435.2,435.2,435.4,5885439.0
2018-01-08 10:30:19.275695,435.2,435.2,435.4,5885439.0
2018-01-08 10:30:20.950602,435.2,435.2,435.4,5885439.0
2018-01-08 10:30:22.529299,435.2,435.2,435.4,5885439.0
2018-01-08 10:30:24.129039,435.4,435.2,435.4,5887139.0
2018-01-08 10:30:26.789880,435.4,435.2,435.4,5887139.0
2018-01-08 10:30:29.340102,435.4,435.2,435.4,5887139.0
2018-01-08 10:30:31.076882,435.4,435.2,435.4,5891439.0
2018-01-08 10:30:32.640821,435.4,435.2,435.4,5893939.0
2018-01-08 10:30:34.171714,435.4,435.2,435.4,5893939.0
2018-01-08 10:30:36.104921,435.4,435.2,435.4,5893939.0
2018-01-08 10:30:37.636986,435.4,435.2,435.4,5893939.0
2018-01-08 10:30:39.479508,435.4,435.2,435.4,5893939.0
2018-01-08 10:30:41.483088,435.4,435.2,435.4,5896139.0
2018-01-08 10:30:43.312034,435.4,435.2,435.4,5896139.0
2018-01-08 10:30:45.090335,435.4,435.2,435.4,5896139.0
2018-01-08 10:30:47.098655,435.2,435.0,435.2,5925539.0
2018-01-08 10:30:49.588138,435.2,435.0,435.2,5925539.0
2018-01-08 10:30:51.060250,435.2,435.0,435.2,5925539.0
2018-01-08 10:30:52.732079,435.2,435.0,435.2,5925539.0
2018-01-08 10:30:54.656354,435.2,435.0,435.2,5925539.0
2018-01-08 10:30:56.320175,435.2,435.0,435.2,5925539.0
2018-01-08 10:30:58.435027,435.2,435.0,435.2,5925539.0
2018-01-08 10:31:00.565854,435.2,435.2,435.4,5934939.0
2018-01-08 10:31:02.367533,435.2,435.2,435.4,5934939.0
2018-01-08 10:31:08.495254,435.2,435.2,435.4,5934939.0
2018-01-08 10:31:11.612442,435.2,435.2,435.4,5934939.0
2018-01-08 10:31:13.464699,435.2,435.2,435.4,5934939.0
2018-01-08 10:31:15.405519,435.2,435.2,435.4,5934939.0
2018-01-08 10:31:17.207309,435.2,435.2,435.4,5934939.0
2018-01-08 10:31:19.006209,435.2,435.2,435.4,5934939.0
2018-01-08 10:31:20.964221,435.2,435.2,435.4,5934939.0
2018-01-08 10:31:22.914540,435.2,435.0,435.2,5940739.0
2018-01-08 10:31:24.859791,435.2,435.0,435.2,5940739.0
2018-01-08 10:31:26.553399,435.2,435.0,435.2,5940739.0
2018-01-08 10:31:28.090486,435.2,435.0,435.2,5940739.0
2018-01-08 10:31:29.541974,435.2,435.2,435.4,5947839.0
2018-01-08 10:31:31.227590,435.4,435.4,435.6,5959639.0
2018-01-08 10:31:32.808460,435.4,435.4,435.6,5959639.0
2018-01-08 10:31:34.402471,435.4,435.2,435.6,5962639.0
2018-01-08 10:31:36.079615,435.4,435.2,435.6,5962639.0
2018-01-08 10:31:37.674472,435.4,435.2,435.4,5965339.0
2018-01-08 10:31:39.299309,435.4,435.2,435.4,5965339.0
2018-01-08 10:31:40.828296,435.4,435.2,435.4,5965339.0
2018-01-08 10:31:42.584125,435.6,435.2,435.6,5971339.0
2018-01-08 10:31:44.281621,435.4,435.2,435.6,6009139.0
2018-01-08 10:31:46.124929,435.4,435.2,435.6,6009139.0
2018-01-08 10:31:47.640788,435.4,435.2,435.6,6009139.0
2018-01-08 10:31:49.388580,435.4,435.2,435.6,6009139.0
2018-01-08 10:31:50.970065,435.4,435.2,435.6,6009139.0
2018-01-08 10:31:52.438320,435.4,435.2,435.4,6012539.0
2018-01-08 10:31:54.374545,435.4,435.2,435.4,6012539.0
2018-01-08 10:31:56.047126,435.4,435.2,435.4,6012539.0
2018-01-08 10:31:57.348425,435.4,435.2,435.4,6012539.0
2018-01-08 10:31:58.884287,435.4,435.2,435.4,6012539.0
2018-01-08 10:32:00.639372,435.4,435.2,435.4,6012539.0
2018-01-08 10:32:02.318670,435.4,435.2,435.4,6014439.0
2018-01-08 10:32:03.979933,435.4,435.2,435.4,6014439.0
2018-01-08 10:32:05.364881,435.4,435.2,435.4,6014439.0
2018-01-08 10:32:06.459803,435.4,435.2,435.4,6014439.0
2018-01-08 10:32:07.788838,435.4,435.2,435.6,6022039.0
2018-01-08 10:32:09.619475,435.4,435.2,435.6,6022039.0
2018-01-08 10:32:10.896394,435.4,435.2,435.6,6022039.0
2018-01-08 10:32:12.728125,435.4,435.2,435.6,6022039.0
2018-01-08 10:32:15.847323,435.4,435.2,435.4,6030139.0
2018-01-08 10:32:17.557689,435.4,435.2,435.4,6030139.0
2018-01-08 10:32:19.335068,435.4,435.2,435.4,6030139.0
2018-01-08 10:32:20.820335,435.4,435.2,435.4,6030139.0
2018-01-08 10:32:22.531140,435.4,435.2,435.4,6030139.0
2018-01-08 10:32:24.451578,435.4,435.2,435.4,6030139.0
2018-01-08 10:32:25.867038,435.4,435.2,435.4,6030139.0
2018-01-08 10:32:27.670686,435.4,435.2,435.4,6030139.0
2018-01-08 10:32:29.419325,435.4,435.2,435.4,6030139.0
2018-01-08 10:32:31.482610,435.4,435.2,435.4,6030139.0
2018-01-08 10:32:32.831717,435.4,435.2,435.4,6030139.0
2018-01-08 10:32:34.677017,435.4,435.2,435.4,6030139.0
2018-01-08 10:32:36.064003,435.4,435.2,435.4,6030139.0
2018-01-08 10:32:37.708060,435.4,435.2,435.4,6030139.0
2018-01-08 10:32:39.482076,435.4,435.2,435.4,6030139.0
2018-01-08 10:32:41.077108,435.4,435.2,435.4,6032339.0
2018-01-08 10:32:42.675582,435.4,435.2,435.4,6032339.0
2018-01-08 10:32:44.151133,435.4,435.2,435.4,6032339.0
2018-01-08 10:32:45.613852,435.4,435.2,435.4,6032339.0
2018-01-08 10:32:47.135396,435.4,435.2,435.4,6032339.0
2018-01-08 10:32:48.678451,435.4,435.2,435.4,6032339.0
2018-01-08 10:32:50.347150,435.4,435.2,435.4,6032339.0
2018-01-08 10:32:51.845917,435.4,435.2,435.4,6032339.0
2018-01-08 10:32:53.404208,435.4,435.2,435.4,6032339.0
2018-01-08 10:32:54.650237,435.4,435.2,435.4,6032339.0
2018-01-08 10:32:56.340647,435.4,435.2,435.4,6032339.0
2018-01-08 10:32:58.865649,435.4,435.2,435.4,6032339.0
2018-01-08 10:33:00.136959,435.4,435.2,435.4,6032339.0
2018-01-08 10:33:01.970202,435.4,435.2,435.4,6032339.0
2018-01-08 10:33:03.819345,435.4,435.2,435.4,6032339.0
2018-01-08 10:33:05.484817,435.4,435.2,435.4,6032339.0
2018-01-08 10:33:07.345729,435.4,435.2,435.4,6032339.0
2018-01-08 10:33:11.295918,435.2,435.2,435.4,6034439.0
2018-01-08 10:33:13.530057,435.2,435.2,435.4,6034439.0
2018-01-08 10:33:15.206204,435.2,435.2,435.4,6034439.0
2018-01-08 10:33:17.212862,435.2,435.2,435.4,6043039.0
2018-01-08 10:33:19.190608,435.2,435.2,435.4,6043039.0
2018-01-08 10:33:20.983295,435.2,435.2,435.4,6043039.0
2018-01-08 10:33:22.496084,435.2,435.2,435.4,6043039.0
2018-01-08 10:33:24.428534,435.2,435.2,435.4,6043039.0
2018-01-08 10:33:26.115106,435.2,435.2,435.4,6046539.0
2018-01-08 10:33:28.378065,435.2,435.2,435.4,6046539.0
2018-01-08 10:33:30.147580,435.2,435.2,435.4,6047839.0
2018-01-08 10:33:32.027611,435.2,435.2,435.4,6047839.0
2018-01-08 10:33:33.864289,435.2,435.2,435.4,6047839.0
2018-01-08 10:33:35.586538,435.2,435.2,435.4,6047839.0
2018-01-08 10:33:37.433277,435.2,435.2,435.4,6047839.0
2018-01-08 10:33:39.193656,435.2,435.2,435.4,6047839.0
2018-01-08 10:33:41.234016,435.2,435.2,435.4,6047839.0
2018-01-08 10:33:43.258601,435.2,435.2,435.4,6047839.0
2018-01-08 10:33:45.108272,435.2,435.2,435.4,6047839.0
2018-01-08 10:33:47.090428,435.2,435.2,435.4,6047839.0
2018-01-08 10:33:49.401231,435.2,435.2,435.4,6047839.0
2018-01-08 10:33:51.174848,435.2,435.2,435.4,6047839.0
2018-01-08 10:33:52.572518,435.2,435.2,435.4,6049139.0
2018-01-08 10:33:54.363996,435.2,435.2,435.4,6049139.0
2018-01-08 10:33:56.336081,435.2,435.2,435.4,6049139.0
2018-01-08 10:33:58.202396,435.2,435.2,435.4,6049139.0
2018-01-08 10:34:03.129882,435.2,435.2,435.4,6049139.0
2018-01-08 10:34:04.946981,435.2,435.2,435.4,6049139.0
2018-01-08 10:34:08.790962,435.2,435.2,435.4,6049139.0
2018-01-08 10:34:10.674304,435.2,435.2,435.4,6049139.0
2018-01-08 10:34:12.387242,435.2,435.2,435.4,6049139.0
2018-01-08 10:34:14.038195,435.2,435.2,435.4,6050039.0
2018-01-08 10:34:15.823134,435.2,435.2,435.4,6050039.0
2018-01-08 10:34:16.984751,435.2,435.2,435.4,6050039.0
2018-01-08 10:34:18.243160,435.2,435.2,435.4,6050039.0
2018-01-08 10:34:19.987339,435.2,435.2,435.4,6050039.0
2018-01-08 10:34:21.554549,435.2,435.2,435.4,6050039.0
2018-01-08 10:34:23.284401,435.2,435.2,435.4,6050039.0
2018-01-08 10:34:24.739785,435.2,435.2,435.4,6050039.0
2018-01-08 10:34:26.609684,435.2,435.2,435.4,6050039.0
2018-01-08 10:34:28.370068,435.2,435.2,435.4,6050039.0
2018-01-08 10:34:30.288854,435.2,435.2,435.4,6050039.0
2018-01-08 10:34:31.707712,435.2,435.2,435.4,6050039.0
2018-01-08 10:34:33.524709,435.2,435.2,435.4,6050039.0
2018-01-08 10:34:35.264071,435.2,435.2,435.4,6050039.0
2018-01-08 10:34:36.618966,435.2,435.2,435.4,6051839.0
2018-01-08 10:34:37.786897,435.2,435.2,435.4,6051839.0
2018-01-08 10:34:38.992732,435.2,435.2,435.4,6051839.0
2018-01-08 10:34:40.270092,435.2,435.2,435.4,6051839.0
2018-01-08 10:34:42.127546,435.2,435.2,435.4,6051839.0
