time,price,bid,ask,volume
2018-01-09 12:59:44.658469,444.4,444.2,444.4,12780937.0
2018-01-09 12:59:46.793967,444.4,444.2,444.4,12780937.0
2018-01-09 12:59:48.758486,444.4,444.2,444.4,12780937.0
2018-01-09 12:59:50.554722,444.4,444.2,444.4,12780937.0
2018-01-09 12:59:53.574790,444.4,444.2,444.4,12780937.0
2018-01-09 12:59:56.593552,444.4,444.2,444.4,12780937.0
2018-01-09 12:59:58.074184,444.4,444.2,444.4,12780937.0
2018-01-09 13:00:00.025404,444.4,444.2,444.4,12780937.0
2018-01-09 13:00:01.951364,444.4,444.2,444.4,12780937.0
2018-01-09 13:00:03.546630,444.4,444.4,444.6,12832417.0
2018-01-09 13:00:05.086098,444.4,444.4,444.6,12851017.0
2018-01-09 13:00:06.802844,444.4,444.4,444.6,12858417.0
2018-01-09 13:00:12.800838,444.4,444.4,444.6,12888617.0
2018-01-09 13:00:14.762892,444.4,444.4,444.6,12888617.0
2018-01-09 13:00:16.419296,444.4,444.4,444.6,12888617.0
2018-01-09 13:00:18.345570,444.4,444.4,444.6,12892397.0
2018-01-09 13:00:20.162291,444.4,444.4,444.6,12892397.0
2018-01-09 13:00:21.589597,444.6,444.4,444.6,12901597.0
2018-01-09 13:00:23.517527,444.6,444.4,444.6,12901597.0
2018-01-09 13:00:25.091403,444.6,444.4,444.6,12901597.0
2018-01-09 13:00:26.773055,444.6,444.4,444.6,12901597.0
2018-01-09 13:00:28.260366,444.6,444.6,444.8,12904697.0
2018-01-09 13:00:30.271499,444.6,444.6,444.8,12904697.0
2018-01-09 13:00:32.061365,444.6,444.6,444.8,12904697.0
2018-01-09 13:00:33.870520,444.6,444.6,444.8,12904697.0
2018-01-09 13:00:35.936802,444.6,444.6,444.8,12904697.0
2018-01-09 13:00:37.842239,444.6,444.6,444.8,12904697.0
2018-01-09 13:00:39.948486,444.6,444.6,444.8,12904697.0
2018-01-09 13:00:42.060995,444.6,444.6,444.8,12904697.0
2018-01-09 13:00:43.471757,444.6,444.6,444.8,12904697.0
2018-01-09 13:00:45.323980,444.6,444.6,444.8,12904697.0
2018-01-09 13:00:47.273072,444.8,444.6,444.8,12935797.0
2018-01-09 13:00:48.837566,444.8,444.6,444.8,12935797.0
2018-01-09 13:00:50.627069,444.8,444.8,445.0,12945397.0
2018-01-09 13:00:53.084563,445.0,444.8,445.0,12948997.0
2018-01-09 13:00:55.286548,444.8,444.8,445.0,12952197.0
2018-01-09 13:00:56.775718,444.8,444.8,445.0,12959497.0
2018-01-09 13:00:58.441400,444.8,444.8,445.0,12959497.0
2018-01-09 13:01:00.093563,444.8,444.6,444.8,12977597.0
2018-01-09 13:01:01.959575,444.8,444.6,444.8,12977597.0
2018-01-09 13:01:04.778245,444.8,444.6,444.8,12977597.0
2018-01-09 13:01:07.181754,444.8,444.6,444.8,12977597.0
2018-01-09 13:01:11.120297,444.8,444.6,444.8,12977597.0
2018-01-09 13:01:12.567300,445.0,444.8,445.0,13043897.0
2018-01-09 13:01:14.473716,445.0,444.8,445.0,13086497.0
2018-01-09 13:01:16.348047,445.0,444.8,445.0,13086497.0
2018-01-09 13:01:18.168769,445.0,445.0,445.2,13102714.0
2018-01-09 13:01:19.918593,445.0,445.0,445.2,13102714.0
2018-01-09 13:01:21.869476,445.0,445.0,445.2,13109214.0
2018-01-09 13:01:24.370981,445.0,445.0,445.2,13109214.0
2018-01-09 13:01:26.328769,445.0,445.0,445.2,13109214.0
2018-01-09 13:01:28.040118,445.0,445.0,445.2,13109214.0
2018-01-09 13:01:30.025212,445.2,445.0,445.2,13111014.0
2018-01-09 13:01:31.708469,445.2,445.0,445.2,13111014.0
2018-01-09 13:01:33.644103,445.2,445.0,445.2,13111014.0
2018-01-09 13:01:35.293424,445.2,445.0,445.2,13111014.0
2018-01-09 13:01:37.271187,445.2,445.0,445.2,13112614.0
2018-01-09 13:01:39.427768,445.2,445.0,445.2,13112614.0
2018-01-09 13:01:41.205984,445.2,445.0,445.2,13112614.0
2018-01-09 13:01:43.056515,445.2,445.0,445.2,13112614.0
2018-01-09 13:01:45.286088,445.2,445.0,445.2,13112614.0
2018-01-09 13:01:47.417881,445.2,445.2,445.4,13117114.0
2018-01-09 13:01:49.555786,445.2,445.2,445.4,13117114.0
2018-01-09 13:01:51.489403,445.2,445.0,445.2,13126063.0
2018-01-09 13:01:53.251242,445.2,445.0,445.2,13126063.0
2018-01-09 13:01:55.094936,445.4,445.0,445.4,13132763.0
2018-01-09 13:01:56.530525,445.4,445.0,445.4,13132763.0
2018-01-09 13:01:58.491843,445.4,445.0,445.4,13132763.0
2018-01-09 13:02:00.545054,445.4,445.0,445.4,13132763.0
2018-01-09 13:02:02.245104,445.4,445.0,445.4,13132763.0
2018-01-09 13:02:03.856440,445.4,445.0,445.4,13132763.0
2018-01-09 13:02:06.144926,445.4,445.0,445.4,13132763.0
2018-01-09 13:02:08.581226,445.4,445.2,445.4,13136363.0
2018-01-09 13:02:10.142485,445.4,445.2,445.4,13136363.0
2018-01-09 13:02:12.497666,445.4,445.2,445.4,13136363.0
2018-01-09 13:02:16.844620,445.2,445.2,445.4,13142263.0
2018-01-09 13:02:18.379255,445.2,445.2,445.4,13142263.0
2018-01-09 13:02:20.193953,445.2,445.2,445.4,13142263.0
2018-01-09 13:02:21.994362,445.2,445.2,445.4,13142263.0
2018-01-09 13:02:23.718498,445.2,445.2,445.4,13142263.0
2018-01-09 13:02:25.335274,445.2,445.2,445.4,13142263.0
2018-01-09 13:02:27.266516,445.2,445.2,445.4,13142263.0
2018-01-09 13:02:29.185394,445.2,445.2,445.4,13142263.0
2018-01-09 13:02:31.151983,445.2,445.2,445.4,13142263.0
2018-01-09 13:02:33.053854,445.2,445.2,445.4,13142263.0
2018-01-09 13:02:34.540521,445.2,445.2,445.4,13144163.0
2018-01-09 13:02:36.155630,445.2,445.2,445.4,13144163.0
2018-01-09 13:02:37.728833,445.2,445.2,445.4,13144163.0
2018-01-09 13:02:40.000117,445.2,445.2,445.4,13144163.0
2018-01-09 13:02:41.997428,445.4,445.2,445.4,13147663.0
2018-01-09 13:02:43.691746,445.4,445.2,445.4,13147663.0
2018-01-09 13:02:45.468530,445.4,445.2,445.4,13147663.0
2018-01-09 13:02:46.976503,445.4,445.2,445.4,13147663.0
2018-01-09 13:02:49.003594,445.4,445.2,445.4,13147663.0
2018-01-09 13:02:50.916963,445.4,445.2,445.4,13147663.0
2018-01-09 13:02:52.696179,445.4,445.2,445.4,13147663.0
2018-01-09 13:02:54.617630,445.4,445.2,445.4,13167963.0
2018-01-09 13:02:56.616826,445.4,445.2,445.4,13167963.0
2018-01-09 13:02:58.073013,445.4,445.2,445.4,13167963.0
2018-01-09 13:03:00.955961,445.4,445.2,445.4,13167963.0
2018-01-09 13:03:02.654314,445.4,445.2,445.4,13167963.0
2018-01-09 13:03:04.335145,445.4,445.2,445.4,13167963.0
2018-01-09 13:03:06.233092,445.4,445.2,445.4,13167963.0
2018-01-09 13:03:08.094271,445.4,445.4,445.6,13176471.0
2018-01-09 13:03:10.090038,445.4,445.4,445.6,13178871.0
2018-01-09 13:03:12.036572,445.4,445.4,445.6,13178871.0
2018-01-09 13:03:14.023600,445.4,445.4,445.6,13178871.0
2018-01-09 13:03:19.722945,445.4,445.4,445.6,13178871.0
2018-01-09 13:03:21.650848,445.4,445.4,445.6,13178871.0
2018-01-09 13:03:23.718316,445.4,445.4,445.6,13178871.0
2018-01-09 13:03:25.637424,445.2,445.2,445.4,13201871.0
2018-01-09 13:03:28.362274,445.2,445.2,445.4,13201871.0
2018-01-09 13:03:30.445075,445.2,445.2,445.4,13201871.0
2018-01-09 13:03:32.036931,445.4,445.2,445.4,13208571.0
2018-01-09 13:03:34.370453,445.4,445.2,445.4,13208571.0
2018-01-09 13:03:36.353176,445.4,445.2,445.4,13208571.0
2018-01-09 13:03:38.382271,445.4,445.2,445.4,13208571.0
2018-01-09 13:03:39.851406,445.4,445.2,445.4,13208571.0
2018-01-09 13:03:41.822774,445.4,445.2,445.4,13208571.0
2018-01-09 13:03:43.705019,445.4,445.2,445.4,13208571.0
2018-01-09 13:03:45.584208,445.4,445.2,445.4,13208571.0
2018-01-09 13:03:47.674671,445.4,445.2,445.4,13208571.0
2018-01-09 13:03:49.736466,445.4,445.2,445.4,13208571.0
2018-01-09 13:03:51.514427,445.2,445.0,445.2,13238771.0
2018-01-09 13:03:53.099596,445.2,445.0,445.2,13238771.0
2018-01-09 13:03:55.091806,445.2,445.0,445.2,13238771.0
2018-01-09 13:03:57.061480,445.2,445.0,445.2,13238771.0
2018-01-09 13:03:58.526752,445.2,445.0,445.2,13238771.0
2018-01-09 13:04:00.230427,445.2,445.0,445.2,13238771.0
2018-01-09 13:04:02.326169,445.2,445.0,445.2,13238771.0
2018-01-09 13:04:04.215197,445.2,445.0,445.2,13238771.0
2018-01-09 13:04:05.994663,445.2,445.0,445.2,13238771.0
2018-01-09 13:04:07.955729,445.2,445.0,445.2,13238771.0
2018-01-09 13:04:09.685802,445.2,445.0,445.2,13238771.0
2018-01-09 13:04:11.531105,445.2,445.0,445.2,13238771.0
2018-01-09 13:04:13.410338,445.4,445.2,445.4,13253681.0
2018-01-09 13:04:15.259880,445.4,445.2,445.4,13253681.0
2018-01-09 13:04:17.160208,445.2,445.0,445.2,13277481.0
2018-01-09 13:04:19.235929,445.2,445.0,445.2,13277481.0
2018-01-09 13:04:21.078956,445.2,445.0,445.2,13277481.0
2018-01-09 13:04:22.547410,445.2,445.0,445.2,13277481.0
2018-01-09 13:04:24.392802,445.2,445.0,445.2,13277481.0
2018-01-09 13:04:25.910837,445.2,445.0,445.2,13277481.0
2018-01-09 13:04:27.347643,445.2,445.0,445.2,13277481.0
2018-01-09 13:04:28.803275,445.2,445.0,445.2,13277481.0
2018-01-09 13:04:30.244085,445.2,445.0,445.2,13277481.0
2018-01-09 13:04:32.213287,445.2,445.0,445.2,13277481.0
2018-01-09 13:04:34.161593,445.2,445.0,445.2,13277481.0
2018-01-09 13:04:35.814310,445.2,445.0,445.2,13277481.0
2018-01-09 13:04:37.685312,445.4,445.2,445.4,13280381.0
2018-01-09 13:04:39.718232,445.4,445.2,445.4,13280381.0
2018-01-09 13:04:41.741076,445.4,445.2,445.4,13280381.0
2018-01-09 13:04:43.401913,445.2,445.2,445.4,13282281.0
2018-01-09 13:04:45.595912,445.2,445.2,445.4,13282281.0
2018-01-09 13:04:46.979134,445.2,445.2,445.4,13282281.0
2018-01-09 13:04:48.812235,445.2,445.2,445.4,13282281.0
2018-01-09 13:04:50.690713,445.2,445.2,445.4,13282281.0
2018-01-09 13:04:52.768693,445.2,445.2,445.4,13288581.0
2018-01-09 13:04:54.772057,445.2,445.2,445.4,13288581.0
2018-01-09 13:04:56.749999,445.2,445.2,445.4,13288581.0
2018-01-09 13:04:58.706987,445.2,445.2,445.4,13288581.0
2018-01-09 13:05:00.414646,445.4,445.2,445.4,13293781.0
2018-01-09 13:05:02.231276,445.4,445.2,445.4,13293781.0
2018-01-09 13:05:03.702033,445.4,445.2,445.4,13293781.0
2018-01-09 13:05:05.247234,445.4,445.2,445.4,13293781.0
2018-01-09 13:05:06.806235,445.4,445.2,445.4,13293781.0
2018-01-09 13:05:08.798191,445.4,445.2,445.4,13293781.0
2018-01-09 13:05:10.827960,445.4,445.2,445.4,13293781.0
2018-01-09 13:05:12.654045,445.4,445.2,445.4,13293781.0
2018-01-09 13:05:14.732992,445.4,445.2,445.4,13299781.0
2018-01-09 13:05:16.629607,445.4,445.2,445.4,13299781.0
2018-01-09 13:05:19.054024,445.4,445.2,445.4,13299781.0
2018-01-09 13:05:21.043641,445.4,445.2,445.4,13299781.0
2018-01-09 13:05:23.048835,445.4,445.2,445.4,13299781.0
2018-01-09 13:05:24.981480,445.4,445.2,445.4,13299781.0
2018-01-09 13:05:26.848121,445.4,445.2,445.4,13299781.0
2018-01-09 13:05:28.661101,445.4,445.2,445.4,13299781.0
2018-01-09 13:05:30.521600,445.4,445.2,445.4,13299781.0
2018-01-09 13:05:32.583518,445.4,445.2,445.4,13299781.0
2018-01-09 13:05:34.458784,445.4,445.2,445.4,13299781.0
2018-01-09 13:05:36.344215,445.4,445.2,445.4,13299781.0
2018-01-09 13:05:37.796551,445.4,445.2,445.4,13299781.0
2018-01-09 13:05:39.866289,445.4,445.2,445.4,13299781.0
2018-01-09 13:05:41.325393,445.4,445.2,445.4,13299781.0
2018-01-09 13:05:43.357113,445.4,445.2,445.4,13299781.0
2018-01-09 13:05:45.219738,445.2,445.2,445.4,13302381.0
2018-01-09 13:05:47.198991,445.2,445.2,445.4,13302381.0
2018-01-09 13:05:48.892564,445.2,445.2,445.4,13302381.0
2018-01-09 13:05:50.788353,445.2,445.2,445.4,13302381.0
2018-01-09 13:05:52.674456,445.2,445.2,445.4,13302381.0
2018-01-09 13:05:54.662985,445.2,445.2,445.4,13302381.0
2018-01-09 13:05:56.510312,445.2,445.2,445.4,13302381.0
2018-01-09 13:05:58.384187,445.2,445.2,445.4,13302381.0
2018-01-09 13:06:00.077184,445.2,445.2,445.4,13302381.0
2018-01-09 13:06:05.383479,445.2,445.2,445.4,13302381.0
2018-01-09 13:06:09.893583,445.2,445.2,445.4,13305481.0
2018-01-09 13:06:11.777236,445.2,445.2,445.4,13305481.0
2018-01-09 13:06:13.151498,445.2,445.2,445.4,13305481.0
2018-01-09 13:06:15.082315,445.2,445.2,445.4,13305481.0
2018-01-09 13:06:17.020836,445.2,445.2,445.4,13305481.0
2018-01-09 13:06:20.243948,445.2,445.2,445.4,13305481.0
2018-01-09 13:06:21.918785,445.2,445.2,445.4,13305481.0
2018-01-09 13:06:23.832727,445.2,445.2,445.4,13308981.0
2018-01-09 13:06:25.799502,445.2,445.2,445.4,13308981.0
2018-01-09 13:06:27.857298,445.2,445.2,445.4,13308981.0
2018-01-09 13:06:29.733214,445.2,445.2,445.4,13308981.0
2018-01-09 13:06:31.685384,445.2,445.2,445.4,13308981.0
2018-01-09 13:06:33.578247,445.4,445.2,445.4,13316881.0
2018-01-09 13:06:35.583186,445.4,445.2,445.4,13316881.0
2018-01-09 13:06:37.804533,445.4,445.2,445.4,13316881.0
2018-01-09 13:06:39.595877,445.4,445.2,445.4,13316881.0
2018-01-09 13:06:41.229404,445.4,445.2,445.4,13316881.0
2018-01-09 13:06:43.182093,445.4,445.2,445.4,13316881.0
2018-01-09 13:06:45.251054,445.4,445.2,445.4,13316881.0
2018-01-09 13:06:47.062784,445.4,445.2,445.4,13321381.0
2018-01-09 13:06:49.128779,445.4,445.2,445.4,13321381.0
2018-01-09 13:06:51.166678,445.4,445.2,445.4,13322781.0
2018-01-09 13:06:52.737780,445.4,445.2,445.4,13322781.0
2018-01-09 13:06:54.718784,445.4,445.2,445.4,13322781.0
2018-01-09 13:06:56.619998,445.4,445.2,445.4,13322781.0
2018-01-09 13:06:58.566961,445.4,445.2,445.4,13322781.0
2018-01-09 13:07:00.709062,445.4,445.2,445.4,13322781.0
2018-01-09 13:07:02.780634,445.4,445.2,445.4,13322781.0
2018-01-09 13:07:04.313970,445.4,445.2,445.4,13322781.0
2018-01-09 13:07:05.904370,445.4,445.2,445.4,13322781.0
2018-01-09 13:07:07.380638,445.4,445.2,445.4,13322781.0
2018-01-09 13:07:09.282156,445.4,445.2,445.4,13322781.0
2018-01-09 13:07:13.542975,445.4,445.2,445.4,13340181.0
2018-01-09 13:07:16.443760,445.4,445.2,445.4,13340181.0
2018-01-09 13:07:18.330181,445.4,445.2,445.4,13340181.0
2018-01-09 13:07:20.750220,445.4,445.2,445.4,13340181.0
2018-01-09 13:07:22.581498,445.4,445.2,445.4,13340181.0
2018-01-09 13:07:24.467388,445.4,445.2,445.4,13340181.0
2018-01-09 13:07:26.347925,445.4,445.4,445.6,13343581.0
2018-01-09 13:07:28.331597,445.4,445.4,445.6,13343581.0
2018-01-09 13:07:30.147880,445.4,445.4,445.6,13343581.0
2018-01-09 13:07:31.997123,445.4,445.4,445.6,13343581.0
2018-01-09 13:07:33.882558,445.4,445.4,445.6,13343581.0
2018-01-09 13:07:35.904231,445.4,445.4,445.6,13343581.0
2018-01-09 13:07:37.862228,445.4,445.4,445.6,13343581.0
2018-01-09 13:07:39.876230,445.4,445.4,445.6,13343581.0
2018-01-09 13:07:41.792274,445.4,445.4,445.6,13343581.0
2018-01-09 13:07:43.942313,445.6,445.4,445.6,13346181.0
2018-01-09 13:07:45.940554,445.6,445.4,445.6,13346181.0
2018-01-09 13:07:47.702754,445.6,445.4,445.6,13346181.0
2018-01-09 13:07:49.670435,445.6,445.4,445.6,13346181.0
2018-01-09 13:07:51.667210,445.6,445.4,445.6,13346181.0
2018-01-09 13:07:53.615542,445.6,445.4,445.6,13346181.0
2018-01-09 13:07:55.601422,445.6,445.4,445.6,13346181.0
2018-01-09 13:07:57.584795,445.6,445.4,445.6,13346181.0
2018-01-09 13:07:59.578156,445.6,445.4,445.6,13346181.0
2018-01-09 13:08:01.071311,445.6,445.4,445.6,13346181.0
2018-01-09 13:08:02.950695,445.6,445.4,445.6,13346181.0
2018-01-09 13:08:04.870871,445.6,445.4,445.6,13346181.0
2018-01-09 13:08:07.028659,445.6,445.4,445.6,13346181.0
2018-01-09 13:08:08.579346,445.4,445.2,445.4,13375081.0
2018-01-09 13:08:10.798792,445.4,445.2,445.4,13378081.0
2018-01-09 13:08:12.723548,445.4,445.2,445.4,13378081.0
2018-01-09 13:08:14.767702,445.4,445.2,445.4,13378081.0
2018-01-09 13:08:16.552727,445.4,445.2,445.4,13378081.0
2018-01-09 13:08:19.536855,445.4,445.2,445.4,13378081.0
2018-01-09 13:08:21.333906,445.4,445.2,445.4,13381081.0
2018-01-09 13:08:23.355587,445.4,445.2,445.4,13381081.0
2018-01-09 13:08:25.211821,445.4,445.2,445.4,13381081.0
2018-01-09 13:08:26.504860,445.4,445.2,445.4,13381081.0
2018-01-09 13:08:28.459222,445.4,445.2,445.4,13381081.0
2018-01-09 13:08:29.933314,445.4,445.2,445.4,13381081.0
2018-01-09 13:08:32.040874,445.4,445.2,445.4,13403581.0
2018-01-09 13:08:33.532999,445.4,445.2,445.4,13403581.0
2018-01-09 13:08:35.599383,445.4,445.2,445.4,13403581.0
2018-01-09 13:08:37.781643,445.4,445.2,445.4,13403581.0
2018-01-09 13:08:39.157980,445.4,445.2,445.4,13403581.0
2018-01-09 13:08:41.128685,445.4,445.2,445.4,13408881.0
2018-01-09 13:08:43.223653,445.4,445.2,445.4,13423481.0
2018-01-09 13:08:45.147710,445.4,445.2,445.4,13423481.0
2018-01-09 13:08:46.648514,445.4,445.2,445.4,13423481.0
2018-01-09 13:08:48.146673,445.4,445.2,445.4,13423481.0
2018-01-09 13:08:49.632921,445.4,445.2,445.4,13423481.0
2018-01-09 13:08:51.717549,445.6,445.4,445.6,13426381.0
2018-01-09 13:08:53.621475,445.6,445.4,445.6,13426381.0
2018-01-09 13:08:55.795350,445.6,445.4,445.6,13426381.0
2018-01-09 13:08:57.717483,445.6,445.4,445.6,13426381.0
2018-01-09 13:08:59.533633,445.6,445.4,445.6,13426381.0
2018-01-09 13:09:01.260975,445.6,445.4,445.6,13426381.0
2018-01-09 13:09:03.116518,445.6,445.4,445.6,13426381.0
2018-01-09 13:09:04.997521,445.6,445.4,445.6,13426381.0
2018-01-09 13:09:08.118604,445.6,445.4,445.6,13426381.0
2018-01-09 13:09:09.816230,445.6,445.4,445.6,13426381.0
2018-01-09 13:09:11.739839,445.6,445.4,445.6,13426381.0
2018-01-09 13:09:14.068668,445.6,445.4,445.6,13426381.0
2018-01-09 13:09:16.173606,445.6,445.4,445.6,13426381.0
2018-01-09 13:09:18.154704,445.6,445.4,445.6,13430321.0
2018-01-09 13:09:20.182500,445.6,445.4,445.6,13430321.0
2018-01-09 13:09:22.399385,445.6,445.4,445.6,13430321.0
2018-01-09 13:09:24.468580,445.6,445.4,445.6,13430321.0
2018-01-09 13:09:26.624641,445.6,445.4,445.6,13430321.0
2018-01-09 13:09:28.038605,445.6,445.4,445.6,13430321.0
2018-01-09 13:09:29.601720,445.6,445.4,445.6,13430321.0
2018-01-09 13:09:32.927454,445.6,445.4,445.6,13430321.0
2018-01-09 13:09:34.467016,445.6,445.4,445.6,13430321.0
2018-01-09 13:09:36.433225,445.6,445.4,445.6,13430321.0
2018-01-09 13:09:38.012126,445.6,445.4,445.6,13430321.0
2018-01-09 13:09:40.027471,445.6,445.4,445.6,13434521.0
2018-01-09 13:09:42.187211,445.6,445.4,445.6,13434521.0
2018-01-09 13:09:44.019634,445.6,445.4,445.6,13434521.0
2018-01-09 13:09:45.957888,445.6,445.4,445.6,13434521.0
2018-01-09 13:09:48.128595,445.6,445.4,445.6,13434521.0
2018-01-09 13:09:49.949212,445.6,445.4,445.6,13434521.0
2018-01-09 13:09:51.472259,445.6,445.4,445.6,13437621.0
2018-01-09 13:09:53.297437,445.6,445.4,445.6,13437621.0
2018-01-09 13:09:55.239043,445.6,445.4,445.6,13437621.0
2018-01-09 13:09:56.982508,445.6,445.4,445.6,13437621.0
2018-01-09 13:09:59.090514,445.6,445.4,445.6,13437621.0
2018-01-09 13:10:00.522852,445.6,445.4,445.6,13437621.0
2018-01-09 13:10:03.358852,445.6,445.4,445.6,13437621.0
2018-01-09 13:10:05.269458,445.6,445.4,445.6,13448921.0
2018-01-09 13:10:09.373893,445.6,445.4,445.6,13448921.0
2018-01-09 13:10:12.499277,445.6,445.4,445.6,13448921.0
2018-01-09 13:10:14.248872,445.6,445.4,445.6,13448921.0
2018-01-09 13:10:16.168428,445.6,445.4,445.6,13448921.0
2018-01-09 13:10:17.895405,445.6,445.4,445.6,13448921.0
2018-01-09 13:10:19.864501,445.6,445.4,445.6,13448921.0
2018-01-09 13:10:21.823046,445.6,445.4,445.6,13448921.0
2018-01-09 13:10:23.248162,445.6,445.4,445.6,13448921.0
2018-01-09 13:10:24.656020,445.6,445.4,445.6,13448921.0
2018-01-09 13:10:26.195579,445.6,445.4,445.6,13448921.0
2018-01-09 13:10:28.162258,445.6,445.4,445.6,13448921.0
2018-01-09 13:10:30.000957,445.6,445.4,445.6,13448921.0
2018-01-09 13:10:31.851985,445.4,445.4,445.6,13453621.0
2018-01-09 13:10:33.455927,445.4,445.4,445.6,13453621.0
2018-01-09 13:10:34.945223,445.4,445.4,445.6,13453621.0
2018-01-09 13:10:36.869327,445.4,445.4,445.6,13453621.0
2018-01-09 13:10:38.330885,445.4,445.4,445.6,13453621.0
2018-01-09 13:10:40.083979,445.4,445.4,445.6,13453621.0
2018-01-09 13:10:41.969814,445.4,445.4,445.6,13453621.0
2018-01-09 13:10:43.705428,445.4,445.4,445.6,13453621.0
2018-01-09 13:10:45.334858,445.4,445.4,445.6,13453621.0
2018-01-09 13:10:47.271917,445.4,445.4,445.6,13453621.0
2018-01-09 13:10:49.242247,445.6,445.4,445.6,13456321.0
2018-01-09 13:10:50.712706,445.6,445.4,445.6,13456321.0
2018-01-09 13:10:52.090400,445.6,445.4,445.6,13456321.0
2018-01-09 13:10:54.042148,445.6,445.4,445.6,13456321.0
2018-01-09 13:10:55.979517,445.6,445.4,445.6,13456321.0
2018-01-09 13:10:57.385392,445.6,445.4,445.6,13456321.0
2018-01-09 13:10:58.757751,445.6,445.4,445.6,13456321.0
2018-01-09 13:11:00.696187,445.6,445.4,445.6,13456321.0
2018-01-09 13:11:02.186506,445.6,445.4,445.6,13456321.0
2018-01-09 13:11:04.246404,445.6,445.4,445.6,13456321.0
2018-01-09 13:11:06.075692,445.6,445.4,445.6,13456321.0
2018-01-09 13:11:10.515638,445.6,445.4,445.6,13456321.0
2018-01-09 13:11:13.511211,445.6,445.4,445.6,13456321.0
2018-01-09 13:11:15.327762,445.6,445.4,445.6,13456321.0
2018-01-09 13:11:17.330152,445.6,445.4,445.6,13456321.0
2018-01-09 13:11:18.819609,445.6,445.4,445.6,13456321.0
2018-01-09 13:11:20.233939,445.4,445.4,445.6,13460421.0
2018-01-09 13:11:22.194116,445.4,445.4,445.6,13460421.0
2018-01-09 13:11:24.380430,445.4,445.4,445.6,13460421.0
2018-01-09 13:11:26.366432,445.4,445.4,445.6,13460421.0
2018-01-09 13:11:28.150150,445.4,445.4,445.6,13460421.0
2018-01-09 13:11:29.532770,445.4,445.4,445.6,13460421.0
2018-01-09 13:11:30.930147,445.4,445.4,445.6,13460421.0
2018-01-09 13:11:32.875369,445.4,445.4,445.6,13466221.0
2018-01-09 13:11:34.816222,445.4,445.4,445.6,13466221.0
2018-01-09 13:11:36.535947,445.4,445.4,445.6,13466221.0
2018-01-09 13:11:38.425262,445.4,445.4,445.6,13466221.0
2018-01-09 13:11:40.399208,445.4,445.4,445.6,13466221.0
2018-01-09 13:11:42.297357,445.4,445.4,445.6,13466221.0
2018-01-09 13:11:44.404335,445.4,445.4,445.6,13466221.0
2018-01-09 13:11:46.265302,445.4,445.4,445.6,13466221.0
2018-01-09 13:11:48.108344,445.4,445.4,445.6,13466221.0
2018-01-09 13:11:50.139544,445.6,445.4,445.6,13467021.0
2018-01-09 13:11:52.119154,445.6,445.4,445.6,13467021.0
2018-01-09 13:11:53.538893,445.6,445.4,445.6,13467021.0
2018-01-09 13:11:55.451889,445.6,445.4,445.6,13467021.0
2018-01-09 13:11:57.265616,445.6,445.4,445.6,13467021.0
2018-01-09 13:11:59.421668,445.6,445.4,445.6,13467021.0
2018-01-09 13:12:01.374393,445.6,445.4,445.6,13467021.0
2018-01-09 13:12:03.180588,445.6,445.4,445.6,13467021.0
2018-01-09 13:12:04.777847,445.6,445.4,445.6,13467021.0
2018-01-09 13:12:06.644613,445.6,445.4,445.6,13467021.0
2018-01-09 13:12:08.333647,445.6,445.4,445.6,13467021.0
2018-01-09 13:12:10.279337,445.6,445.4,445.6,13467021.0
2018-01-09 13:12:13.024827,445.6,445.4,445.6,13467021.0
2018-01-09 13:12:14.470447,445.6,445.4,445.6,13467021.0
2018-01-09 13:12:16.394420,445.6,445.4,445.6,13467021.0
2018-01-09 13:12:18.218241,445.6,445.4,445.6,13467021.0
2018-01-09 13:12:19.994689,445.6,445.4,445.6,13467021.0
2018-01-09 13:12:21.629491,445.4,445.4,445.6,13468621.0
2018-01-09 13:12:23.260629,445.4,445.4,445.6,13468621.0
2018-01-09 13:12:25.227187,445.4,445.4,445.6,13468621.0
2018-01-09 13:12:27.209211,445.4,445.4,445.6,13468621.0
2018-01-09 13:12:28.960543,445.4,445.4,445.6,13468621.0
2018-01-09 13:12:30.902337,445.4,445.4,445.6,13468621.0
2018-01-09 13:12:32.804496,445.4,445.4,445.6,13468621.0
2018-01-09 13:12:34.645998,445.6,445.4,445.6,13482221.0
2018-01-09 13:12:36.286533,445.6,445.4,445.6,13482221.0
2018-01-09 13:12:38.058965,445.6,445.4,445.6,13482221.0
2018-01-09 13:12:40.277292,445.4,445.4,445.6,13504321.0
2018-01-09 13:12:42.255891,445.4,445.4,445.6,13504321.0
2018-01-09 13:12:44.026491,445.4,445.4,445.6,13504321.0
2018-01-09 13:12:46.065002,445.4,445.4,445.6,13504321.0
2018-01-09 13:12:48.011934,445.4,445.4,445.6,13504321.0
2018-01-09 13:12:50.187515,445.4,445.4,445.6,13504321.0
2018-01-09 13:12:52.098361,445.2,445.2,445.4,13507821.0
2018-01-09 13:12:54.096788,445.2,445.2,445.4,13507821.0
2018-01-09 13:12:55.964580,445.2,445.2,445.4,13507821.0
2018-01-09 13:12:57.702575,445.2,445.2,445.4,13507821.0
2018-01-09 13:12:59.573441,445.2,445.2,445.4,13507821.0
2018-01-09 13:13:01.468107,445.2,445.2,445.4,13507821.0
2018-01-09 13:13:03.196763,445.4,445.2,445.4,13514421.0
2018-01-09 13:13:05.178937,445.4,445.2,445.4,13514421.0
2018-01-09 13:13:06.883565,445.4,445.2,445.4,13514421.0
2018-01-09 13:13:08.641508,445.4,445.2,445.4,13514421.0
2018-01-09 13:13:10.574529,445.4,445.2,445.4,13514421.0
2018-01-09 13:13:12.308842,445.4,445.2,445.4,13514421.0
2018-01-09 13:13:14.094912,445.4,445.2,445.4,13514421.0
2018-01-09 13:13:15.940983,445.4,445.2,445.4,13514421.0
2018-01-09 13:13:18.176228,445.2,445.2,445.4,13517521.0
2018-01-09 13:13:20.070038,445.2,445.2,445.4,13517521.0
2018-01-09 13:13:21.744044,445.2,445.2,445.4,13519621.0
2018-01-09 13:13:23.750603,445.2,445.2,445.4,13519621.0
2018-01-09 13:13:25.203417,445.2,445.2,445.4,13519621.0
2018-01-09 13:13:26.998916,445.2,445.2,445.4,13519621.0
2018-01-09 13:13:29.176870,445.2,445.2,445.4,13519621.0
2018-01-09 13:13:31.119383,445.2,445.2,445.4,13519621.0
2018-01-09 13:13:32.644716,445.2,445.2,445.4,13519621.0
2018-01-09 13:13:34.085438,445.2,445.2,445.4,13519621.0
2018-01-09 13:13:35.950252,445.2,445.0,445.2,13562521.0
2018-01-09 13:13:37.951095,445.2,445.0,445.2,13562521.0
2018-01-09 13:13:39.632020,445.2,445.0,445.2,13562521.0
2018-01-09 13:13:41.831646,445.2,445.0,445.2,13562521.0
2018-01-09 13:13:43.809364,445.2,445.0,445.2,13562521.0
2018-01-09 13:13:45.856233,445.2,445.0,445.2,13562521.0
2018-01-09 13:13:47.942430,445.2,445.0,445.2,13562521.0
2018-01-09 13:13:49.707787,445.0,445.0,445.2,13568121.0
2018-01-09 13:13:51.455932,445.0,445.0,445.2,13568121.0
2018-01-09 13:13:53.256857,445.0,445.0,445.2,13568121.0
2018-01-09 13:13:55.249111,445.0,445.0,445.2,13568121.0
2018-01-09 13:13:57.364462,445.0,445.0,445.2,13568121.0
2018-01-09 13:13:59.211023,445.0,445.0,445.2,13568121.0
2018-01-09 13:14:00.997288,445.0,445.0,445.2,13568121.0
2018-01-09 13:14:03.024317,445.0,445.0,445.2,13593921.0
2018-01-09 13:14:04.628371,445.0,445.0,445.2,13593921.0
2018-01-09 13:14:05.985341,445.0,445.0,445.2,13631021.0
2018-01-09 13:14:07.985607,445.0,445.0,445.2,13631021.0
2018-01-09 13:14:10.611579,445.0,445.0,445.2,13631021.0
2018-01-09 13:14:13.798488,445.0,445.0,445.2,13631021.0
2018-01-09 13:14:15.539570,445.0,445.0,445.2,13631021.0
2018-01-09 13:14:17.312802,445.0,445.0,445.2,13631021.0
2018-01-09 13:14:20.416200,444.8,444.8,445.0,13653621.0
2018-01-09 13:14:22.401907,444.8,444.6,444.8,13659221.0
2018-01-09 13:14:24.570608,444.8,444.6,444.8,13659221.0
2018-01-09 13:14:26.303428,444.8,444.6,444.8,13659221.0
2018-01-09 13:14:28.354296,444.8,444.6,444.8,13659221.0
2018-01-09 13:14:30.279412,444.8,444.6,444.8,13659221.0
2018-01-09 13:14:31.584315,444.6,444.6,444.8,13667421.0
2018-01-09 13:14:33.540200,444.6,444.6,444.8,13667421.0
2018-01-09 13:14:35.182546,444.6,444.6,444.8,13667421.0
2018-01-09 13:14:37.117691,444.6,444.6,444.8,13667421.0
2018-01-09 13:14:38.789239,444.6,444.6,444.8,13667421.0
2018-01-09 13:14:40.815424,444.6,444.6,444.8,13667421.0
2018-01-09 13:14:42.851229,444.6,444.6,444.8,13670607.0
2018-01-09 13:14:44.974796,444.6,444.6,444.8,13670607.0
2018-01-09 13:14:47.148444,444.6,444.6,444.8,13670607.0
2018-01-09 13:14:49.086116,444.6,444.6,444.8,13670607.0
2018-01-09 13:14:50.641488,444.6,444.6,444.8,13673507.0
2018-01-09 13:14:52.550409,444.6,444.6,444.8,13673507.0
2018-01-09 13:14:54.301025,444.6,444.6,444.8,13685407.0
2018-01-09 13:14:56.409848,444.4,444.4,444.8,13698707.0
2018-01-09 13:14:57.951406,444.4,444.4,444.8,13698707.0
2018-01-09 13:14:59.870711,444.4,444.4,444.8,13698707.0
2018-01-09 13:15:01.882420,444.4,444.4,444.8,13698707.0
2018-01-09 13:15:03.704370,444.4,444.4,444.8,13698707.0
2018-01-09 13:15:05.604724,444.4,444.4,444.8,13698707.0
2018-01-09 13:15:07.480235,444.4,444.4,444.8,13698707.0
2018-01-09 13:15:10.908936,444.4,444.4,444.8,13698707.0
2018-01-09 13:15:12.837515,444.4,444.4,444.6,13740907.0
2018-01-09 13:15:14.676347,444.4,444.2,444.6,13746607.0
2018-01-09 13:15:16.623649,444.4,444.2,444.6,13746607.0
2018-01-09 13:15:19.222170,444.4,444.2,444.6,13746607.0
2018-01-09 13:15:21.451724,444.4,444.2,444.6,13746607.0
2018-01-09 13:15:23.400636,444.4,444.2,444.6,13746607.0
2018-01-09 13:15:24.889221,444.4,444.2,444.6,13746607.0
2018-01-09 13:15:26.418432,444.2,444.0,444.2,13785907.0
2018-01-09 13:15:27.873210,444.2,444.0,444.2,13785907.0
2018-01-09 13:15:29.639205,444.2,444.0,444.2,13785907.0
2018-01-09 13:15:33.191306,444.2,444.0,444.2,13785907.0
2018-01-09 13:15:34.674207,444.0,443.8,444.0,13816307.0
2018-01-09 13:15:36.080702,444.0,443.8,444.0,13816307.0
2018-01-09 13:15:37.731811,444.0,443.8,444.0,13816307.0
2018-01-09 13:15:39.676110,444.0,443.8,444.0,13816307.0
2018-01-09 13:15:41.375169,444.0,443.8,444.0,13816307.0
2018-01-09 13:15:43.115706,444.0,443.8,444.0,13816307.0
2018-01-09 13:15:45.119427,443.8,443.8,444.0,13824607.0
2018-01-09 13:15:46.668005,443.8,443.6,444.0,13903407.0
2018-01-09 13:15:48.364846,443.8,443.6,444.0,13903407.0
2018-01-09 13:15:50.303115,443.8,443.6,444.0,13903407.0
2018-01-09 13:15:52.210129,443.8,443.6,443.8,13910707.0
2018-01-09 13:15:53.712001,443.6,443.6,443.8,13918507.0
2018-01-09 13:15:55.109896,443.6,443.6,443.8,13918507.0
2018-01-09 13:15:57.188601,443.6,443.6,443.8,13922607.0
2018-01-09 13:15:59.120088,443.6,443.6,443.8,13932807.0
2018-01-09 13:16:00.917540,443.6,443.6,443.8,13932807.0
2018-01-09 13:16:02.715096,443.4,443.4,443.6,13949507.0
2018-01-09 13:16:04.557790,443.4,443.4,443.6,13949507.0
2018-01-09 13:16:09.318792,443.6,443.4,443.8,13980902.0
2018-01-09 13:16:11.904657,443.8,443.6,444.0,14055302.0
2018-01-09 13:16:13.302057,443.8,443.6,444.0,14055302.0
2018-01-09 13:16:14.756998,443.8,443.8,444.0,14072902.0
2018-01-09 13:16:16.107191,443.8,443.8,444.0,14072902.0
2018-01-09 13:16:22.865028,443.8,443.8,444.0,14072902.0
2018-01-09 13:16:24.760196,444.0,443.8,444.0,14076702.0
2018-01-09 13:16:26.462261,444.0,443.8,444.0,14076702.0
2018-01-09 13:16:27.953188,444.0,443.8,444.0,14076702.0
2018-01-09 13:16:29.896861,444.0,443.8,444.0,14082202.0
2018-01-09 13:16:31.419951,444.0,443.8,444.0,14082202.0
2018-01-09 13:16:32.982564,444.0,443.8,444.0,14082202.0
2018-01-09 13:16:34.862970,444.0,443.8,444.0,14082202.0
2018-01-09 13:16:36.394504,444.0,443.8,444.0,14082202.0
2018-01-09 13:16:38.318921,444.0,443.8,444.0,14082202.0
2018-01-09 13:16:40.195430,444.0,443.8,444.0,14083902.0
2018-01-09 13:16:42.086855,444.0,443.8,444.0,14083902.0
2018-01-09 13:16:43.902932,444.0,443.8,444.0,14083902.0
2018-01-09 13:16:45.783845,444.0,443.8,444.0,14083902.0
2018-01-09 13:16:47.653054,444.0,443.8,444.0,14083902.0
2018-01-09 13:16:49.586687,444.0,443.8,444.0,14083902.0
2018-01-09 13:16:51.527360,444.0,443.8,444.0,14083902.0
2018-01-09 13:16:52.888812,444.0,443.8,444.0,14083902.0
2018-01-09 13:16:54.842542,444.0,443.8,444.0,14083902.0
2018-01-09 13:16:56.693687,444.0,443.8,444.0,14083902.0
2018-01-09 13:16:58.579071,444.0,443.8,444.0,14083902.0
2018-01-09 13:17:00.617678,444.0,443.8,444.0,14083902.0
2018-01-09 13:17:02.636899,444.0,443.8,444.0,14083902.0
2018-01-09 13:17:04.416016,444.0,443.8,444.0,14083902.0
2018-01-09 13:17:06.496917,444.0,443.8,444.0,14083902.0
2018-01-09 13:17:11.084221,443.8,443.8,444.0,14087302.0
2018-01-09 13:17:15.127202,443.8,443.8,444.0,14087302.0
2018-01-09 13:17:17.774102,443.8,443.8,444.0,14089497.0
2018-01-09 13:17:19.771967,443.8,443.8,444.0,14089497.0
2018-01-09 13:17:21.887143,443.8,443.8,444.0,14089497.0
2018-01-09 13:17:23.528947,443.8,443.8,444.0,14089497.0
2018-01-09 13:17:25.541520,443.8,443.8,444.0,14089497.0
2018-01-09 13:17:27.570038,443.8,443.8,444.0,14089497.0
2018-01-09 13:17:29.149300,443.8,443.8,444.0,14089497.0
2018-01-09 13:17:30.882928,443.8,443.8,444.0,14089497.0
2018-01-09 13:17:32.770564,443.8,443.8,444.0,14089497.0
2018-01-09 13:17:34.691862,444.0,443.8,444.0,14121597.0
2018-01-09 13:17:36.612980,444.0,443.8,444.0,14121597.0
2018-01-09 13:17:38.107815,444.0,443.8,444.0,14121597.0
2018-01-09 13:17:39.816466,444.0,443.8,444.0,14121597.0
2018-01-09 13:17:41.531295,444.0,443.8,444.0,14121597.0
2018-01-09 13:17:43.424769,444.0,444.0,444.2,14125497.0
2018-01-09 13:17:45.354368,444.0,444.0,444.2,14125497.0
2018-01-09 13:17:46.812850,444.0,444.0,444.2,14125497.0
2018-01-09 13:17:48.712431,444.0,444.0,444.2,14125497.0
2018-01-09 13:17:50.588599,444.0,444.0,444.2,14125497.0
2018-01-09 13:17:52.063730,444.2,444.0,444.2,14132697.0
2018-01-09 13:17:54.070339,444.2,444.0,444.2,14132697.0
2018-01-09 13:17:55.752303,444.2,444.0,444.2,14132697.0
2018-01-09 13:17:57.633908,444.2,444.0,444.2,14132697.0
2018-01-09 13:17:59.649595,444.2,444.0,444.2,14132697.0
2018-01-09 13:18:01.189060,444.2,444.0,444.2,14132697.0
2018-01-09 13:18:03.068210,444.2,444.0,444.2,14132697.0
2018-01-09 13:18:05.049446,444.2,444.0,444.2,14137797.0
2018-01-09 13:18:11.497765,444.2,444.0,444.2,14137797.0
2018-01-09 13:18:13.254380,444.2,444.0,444.2,14137797.0
2018-01-09 13:18:14.582080,444.2,444.0,444.2,14137797.0
2018-01-09 13:18:16.547083,444.2,444.0,444.2,14137797.0
2018-01-09 13:18:18.491741,444.2,444.0,444.2,14137797.0
2018-01-09 13:18:20.096744,444.2,444.0,444.2,14137797.0
2018-01-09 13:18:22.206212,444.2,444.0,444.2,14137797.0
2018-01-09 13:18:23.564561,444.0,444.0,444.2,14141297.0
2018-01-09 13:18:25.367415,444.0,444.0,444.2,14141297.0
2018-01-09 13:18:27.225995,444.0,444.0,444.2,14141297.0
2018-01-09 13:18:29.030631,444.0,444.0,444.2,14141297.0
2018-01-09 13:18:30.484309,444.0,444.0,444.2,14141297.0
2018-01-09 13:18:32.315503,444.0,444.0,444.2,14144997.0
2018-01-09 13:18:34.132708,444.0,444.0,444.2,14144997.0
2018-01-09 13:18:35.580666,444.0,444.0,444.2,14144997.0
2018-01-09 13:18:37.541205,444.0,444.0,444.2,14144997.0
2018-01-09 13:18:39.581603,444.0,444.0,444.2,14144997.0
2018-01-09 13:18:41.438653,444.0,444.0,444.2,14144997.0
2018-01-09 13:18:43.355699,444.0,444.0,444.2,14144997.0
2018-01-09 13:18:45.309292,444.0,444.0,444.2,14144997.0
2018-01-09 13:18:47.161422,444.0,444.0,444.2,14144997.0
2018-01-09 13:18:49.173760,444.0,444.0,444.2,14144997.0
2018-01-09 13:18:51.230752,444.0,444.0,444.2,14144997.0
2018-01-09 13:18:52.932744,444.0,444.0,444.2,14147697.0
2018-01-09 13:18:54.888051,444.0,444.0,444.2,14147697.0
2018-01-09 13:18:56.724784,444.0,443.8,444.2,14158597.0
2018-01-09 13:18:58.634833,444.0,443.8,444.2,14162797.0
2018-01-09 13:19:00.595964,444.0,443.8,444.2,14169697.0
2018-01-09 13:19:02.423458,444.0,443.8,444.2,14169697.0
2018-01-09 13:19:04.101184,444.0,443.8,444.2,14169697.0
2018-01-09 13:19:05.698214,444.0,443.8,444.2,14169697.0
2018-01-09 13:19:07.470487,444.0,443.8,444.2,14169697.0
2018-01-09 13:19:09.349763,444.0,443.8,444.2,14169697.0
2018-01-09 13:19:11.167212,444.0,443.8,444.2,14169697.0
2018-01-09 13:19:12.671598,444.0,443.8,444.2,14169697.0
2018-01-09 13:19:14.336754,444.0,443.8,444.2,14169697.0
2018-01-09 13:19:16.191966,444.0,443.8,444.2,14169697.0
2018-01-09 13:19:18.344583,444.0,443.8,444.0,14186997.0
2018-01-09 13:19:19.732393,444.0,443.8,444.0,14186997.0
2018-01-09 13:19:21.608992,444.0,443.8,444.0,14186997.0
2018-01-09 13:19:23.177243,444.0,443.8,444.0,14186997.0
2018-01-09 13:19:25.047693,444.0,443.8,444.0,14186997.0
2018-01-09 13:19:27.047064,444.0,443.8,444.0,14186997.0
2018-01-09 13:19:28.869129,444.0,443.8,444.0,14186997.0
2018-01-09 13:19:30.309311,443.8,443.8,444.0,14211697.0
2018-01-09 13:19:32.200254,443.8,443.8,444.0,14211697.0
2018-01-09 13:19:34.235085,443.8,443.8,444.0,14211697.0
2018-01-09 13:19:36.345228,443.8,443.8,444.0,14211697.0
2018-01-09 13:19:38.203050,443.8,443.8,444.0,14237297.0
2018-01-09 13:19:40.265564,443.8,443.8,444.0,14237297.0
2018-01-09 13:19:42.210783,443.8,443.8,444.0,14237297.0
2018-01-09 13:19:43.699377,443.8,443.8,444.0,14237297.0
2018-01-09 13:19:45.819461,443.8,443.8,444.0,14237297.0
2018-01-09 13:19:47.641737,443.8,443.8,444.0,14237297.0
2018-01-09 13:19:49.122256,443.8,443.8,444.0,14237297.0
2018-01-09 13:19:51.216645,443.8,443.8,444.0,14237297.0
2018-01-09 13:19:53.003617,443.8,443.8,444.0,14237297.0
2018-01-09 13:19:54.855551,443.8,443.8,444.0,14237297.0
2018-01-09 13:19:56.312897,443.8,443.8,444.0,14237297.0
2018-01-09 13:19:58.159410,443.8,443.8,444.0,14237297.0
2018-01-09 13:20:00.132834,443.8,443.8,444.0,14237297.0
2018-01-09 13:20:02.310039,443.8,443.8,444.0,14237297.0
2018-01-09 13:20:04.236624,443.8,443.8,444.0,14237297.0
2018-01-09 13:20:05.736707,443.8,443.8,444.0,14237297.0
2018-01-09 13:20:07.164441,443.8,443.8,444.0,14237297.0
2018-01-09 13:20:08.901054,443.8,443.8,444.0,14237297.0
2018-01-09 13:20:10.423679,443.8,443.8,444.0,14237297.0
2018-01-09 13:20:14.203242,443.8,443.8,444.0,14237297.0
2018-01-09 13:20:15.962867,443.6,443.6,443.8,14325272.0
2018-01-09 13:20:17.924695,443.6,443.6,443.8,14325272.0
2018-01-09 13:20:19.498899,443.6,443.6,443.8,14325272.0
2018-01-09 13:20:21.188397,443.6,443.6,443.8,14325272.0
2018-01-09 13:20:23.163259,443.6,443.6,443.8,14336772.0
2018-01-09 13:20:25.152785,443.6,443.6,443.8,14336772.0
2018-01-09 13:20:26.590761,443.6,443.6,443.8,14336772.0
2018-01-09 13:20:28.321733,443.6,443.6,443.8,14336772.0
2018-01-09 13:20:30.357601,443.6,443.6,443.8,14336772.0
2018-01-09 13:20:32.329092,443.6,443.6,443.8,14351072.0
2018-01-09 13:20:34.019276,443.6,443.6,443.8,14351072.0
2018-01-09 13:20:35.483778,443.6,443.6,443.8,14351072.0
2018-01-09 13:20:37.072086,443.6,443.6,443.8,14351072.0
2018-01-09 13:20:38.768957,443.6,443.6,443.8,14351072.0
2018-01-09 13:20:40.748297,443.6,443.6,443.8,14351072.0
2018-01-09 13:20:42.518961,443.6,443.6,443.8,14351072.0
2018-01-09 13:20:44.161321,443.6,443.6,443.8,14351072.0
2018-01-09 13:20:45.601163,443.6,443.6,443.8,14351072.0
2018-01-09 13:20:47.074964,443.6,443.6,443.8,14351072.0
2018-01-09 13:20:49.677623,443.6,443.6,443.8,14351072.0
2018-01-09 13:20:51.475396,443.6,443.6,443.8,14351072.0
2018-01-09 13:20:53.306727,443.6,443.6,443.8,14351072.0
2018-01-09 13:20:55.196209,443.8,443.6,443.8,14357672.0
2018-01-09 13:20:57.172199,443.8,443.6,443.8,14357672.0
2018-01-09 13:20:59.095378,443.8,443.6,443.8,14357672.0
2018-01-09 13:21:00.563497,443.6,443.6,443.8,14365072.0
2018-01-09 13:21:02.035474,443.6,443.6,443.8,14365072.0
2018-01-09 13:21:03.876891,443.6,443.6,443.8,14365072.0
2018-01-09 13:21:05.433473,443.6,443.6,443.8,14365072.0
2018-01-09 13:21:07.257945,443.6,443.6,443.8,14365072.0
2018-01-09 13:21:09.369839,443.6,443.6,443.8,14365072.0
2018-01-09 13:21:10.993219,443.6,443.6,443.8,14365072.0
2018-01-09 13:21:12.390862,443.6,443.6,443.8,14365072.0
2018-01-09 13:21:13.757004,443.6,443.6,443.8,14365072.0
2018-01-09 13:21:15.891055,443.6,443.6,443.8,14365072.0
2018-01-09 13:21:17.463530,443.6,443.6,443.8,14442872.0
2018-01-09 13:21:20.029088,443.6,443.6,443.8,14442872.0
2018-01-09 13:21:21.850126,443.6,443.6,443.8,14442872.0
2018-01-09 13:21:23.394595,443.6,443.6,443.8,14442872.0
2018-01-09 13:21:25.378384,443.6,443.6,443.8,14448072.0
2018-01-09 13:21:27.291941,443.6,443.6,443.8,14448072.0
2018-01-09 13:21:29.078643,443.6,443.6,443.8,14448072.0
2018-01-09 13:21:30.665528,443.6,443.6,443.8,14448072.0
2018-01-09 13:21:32.117876,443.6,443.6,443.8,14448072.0
2018-01-09 13:21:33.997417,443.6,443.6,443.8,14466872.0
2018-01-09 13:21:36.138369,443.6,443.6,443.8,14466872.0
2018-01-09 13:21:38.205495,443.6,443.6,443.8,14466872.0
2018-01-09 13:21:39.644111,443.6,443.6,443.8,14466872.0
2018-01-09 13:21:41.522042,443.6,443.6,443.8,14466872.0
2018-01-09 13:21:43.076289,443.6,443.6,443.8,14466872.0
2018-01-09 13:21:44.569021,443.6,443.4,443.6,14478772.0
2018-01-09 13:21:45.958170,443.6,443.4,443.6,14478772.0
2018-01-09 13:21:47.424101,443.6,443.4,443.6,14478772.0
2018-01-09 13:21:49.411800,443.6,443.4,443.6,14478772.0
2018-01-09 13:21:51.275389,443.6,443.4,443.6,14482572.0
2018-01-09 13:21:53.345368,443.6,443.4,443.6,14482572.0
2018-01-09 13:21:55.287073,443.6,443.4,443.6,14482572.0
2018-01-09 13:21:57.297654,443.6,443.4,443.6,14482572.0
2018-01-09 13:21:59.294243,443.6,443.4,443.6,14482572.0
2018-01-09 13:22:01.394155,443.6,443.4,443.6,14485772.0
2018-01-09 13:22:03.151656,443.6,443.4,443.6,14485772.0
2018-01-09 13:22:05.070889,443.6,443.4,443.6,14485772.0
2018-01-09 13:22:06.887976,443.6,443.4,443.6,14507972.0
2018-01-09 13:22:08.158411,443.6,443.4,443.6,14507972.0
2018-01-09 13:22:11.621548,443.6,443.4,443.6,14507972.0
2018-01-09 13:22:13.770736,443.6,443.4,443.6,14507972.0
2018-01-09 13:22:15.421238,443.6,443.4,443.6,14507972.0
2018-01-09 13:22:17.325505,443.8,443.6,443.8,14513172.0
2018-01-09 13:22:19.351054,443.8,443.6,443.8,14513172.0
2018-01-09 13:22:20.732426,443.8,443.6,443.8,14513172.0
2018-01-09 13:22:23.007389,443.8,443.6,443.8,14513172.0
2018-01-09 13:22:25.036344,443.8,443.6,443.8,14513172.0
2018-01-09 13:22:26.788943,443.8,443.6,443.8,14513172.0
2018-01-09 13:22:28.124272,443.8,443.6,443.8,14513172.0
2018-01-09 13:22:30.109253,443.8,443.6,443.8,14515472.0
2018-01-09 13:22:32.193851,443.8,443.6,443.8,14515472.0
2018-01-09 13:22:34.166266,443.8,443.6,443.8,14515472.0
2018-01-09 13:22:35.699060,443.8,443.6,443.8,14515472.0
2018-01-09 13:22:37.650117,443.8,443.6,443.8,14515472.0
2018-01-09 13:22:39.393527,443.8,443.6,443.8,14515472.0
2018-01-09 13:22:40.847616,443.8,443.6,443.8,14515472.0
2018-01-09 13:22:42.957118,443.8,443.6,443.8,14515472.0
2018-01-09 13:22:44.679996,443.8,443.6,443.8,14518372.0
2018-01-09 13:22:46.390249,443.8,443.6,443.8,14518372.0
2018-01-09 13:22:47.874092,443.8,443.6,443.8,14518372.0
2018-01-09 13:22:49.678392,443.8,443.6,443.8,14518372.0
2018-01-09 13:22:51.365469,443.8,443.6,443.8,14520372.0
2018-01-09 13:22:52.926436,443.8,443.6,443.8,14526372.0
2018-01-09 13:22:54.385074,443.8,443.6,443.8,14526372.0
2018-01-09 13:22:55.824593,443.8,443.6,443.8,14526372.0
2018-01-09 13:22:57.730983,443.8,443.6,443.8,14526372.0
2018-01-09 13:22:59.803228,443.8,443.6,443.8,14526372.0
2018-01-09 13:23:01.693906,443.8,443.6,443.8,14526372.0
2018-01-09 13:23:03.560481,443.8,443.6,443.8,14526372.0
2018-01-09 13:23:05.654076,443.8,443.6,443.8,14526372.0
2018-01-09 13:23:07.453518,443.8,443.6,443.8,14526372.0
2018-01-09 13:23:09.123551,443.8,443.6,443.8,14526372.0
2018-01-09 13:23:12.323545,443.8,443.6,443.8,14526372.0
2018-01-09 13:23:14.282592,443.8,443.8,444.0,14531073.0
2018-01-09 13:23:16.089018,443.8,443.8,444.0,14531073.0
2018-01-09 13:23:17.754674,443.8,443.8,444.0,14531073.0
2018-01-09 13:23:19.599415,443.8,443.8,444.0,14531073.0
2018-01-09 13:23:21.603005,443.8,443.8,444.0,14531073.0
2018-01-09 13:23:23.487526,443.8,443.8,444.0,14531073.0
2018-01-09 13:23:25.402449,443.8,443.8,444.0,14531073.0
2018-01-09 13:23:27.243064,443.8,443.8,444.0,14531073.0
2018-01-09 13:23:28.699206,443.8,443.8,444.0,14531073.0
2018-01-09 13:23:30.606320,443.8,443.8,444.0,14531073.0
2018-01-09 13:23:32.361224,443.8,443.8,444.0,14534073.0
2018-01-09 13:23:34.098950,443.8,443.8,444.0,14534073.0
2018-01-09 13:23:36.013107,443.8,443.8,444.0,14534073.0
2018-01-09 13:23:37.343630,443.8,443.8,444.0,14540473.0
2018-01-09 13:23:39.203702,443.8,443.8,444.0,14540473.0
2018-01-09 13:23:41.001602,443.8,443.8,444.0,14540473.0
2018-01-09 13:23:42.674818,443.8,443.8,444.0,14540473.0
2018-01-09 13:23:44.584079,443.8,443.8,444.0,14540473.0
2018-01-09 13:23:46.457578,443.8,443.8,444.0,14540473.0
2018-01-09 13:23:48.309691,443.8,443.8,444.0,14540473.0
2018-01-09 13:23:50.239170,444.0,443.8,444.0,14546573.0
2018-01-09 13:23:52.127700,444.0,443.8,444.0,14546573.0
2018-01-09 13:23:53.844036,444.0,443.8,444.0,14552873.0
2018-01-09 13:23:55.833071,444.0,443.8,444.0,14552873.0
2018-01-09 13:23:57.538548,444.0,443.8,444.0,14552873.0
2018-01-09 13:23:59.527717,444.0,443.8,444.0,14552873.0
2018-01-09 13:24:01.447894,444.0,443.8,444.0,14552873.0
2018-01-09 13:24:03.366714,444.0,443.8,444.0,14552873.0
2018-01-09 13:24:05.226562,444.2,444.0,444.2,14557573.0
2018-01-09 13:24:07.222033,444.2,444.0,444.2,14557573.0
2018-01-09 13:24:12.146586,444.2,444.0,444.2,14557573.0
2018-01-09 13:24:14.013862,444.2,444.0,444.2,14557573.0
2018-01-09 13:24:19.378131,444.2,444.0,444.2,14569373.0
2018-01-09 13:24:21.423180,444.2,444.0,444.2,14569373.0
2018-01-09 13:24:23.295793,444.2,444.0,444.2,14569373.0
2018-01-09 13:24:25.369343,444.2,444.0,444.2,14569373.0
2018-01-09 13:24:27.352557,444.2,444.0,444.2,14569373.0
2018-01-09 13:24:29.239792,444.2,444.0,444.2,14569373.0
2018-01-09 13:24:30.646988,444.0,444.0,444.2,14573073.0
2018-01-09 13:24:32.433295,444.0,444.0,444.2,14573073.0
2018-01-09 13:24:34.239836,444.0,444.0,444.2,14573073.0
2018-01-09 13:24:36.591680,444.0,444.0,444.2,14573073.0
2018-01-09 13:24:38.484559,444.0,444.0,444.2,14573073.0
2018-01-09 13:24:40.361076,444.0,444.0,444.2,14573073.0
2018-01-09 13:24:42.176757,444.0,444.0,444.2,14573073.0
2018-01-09 13:24:44.148446,444.0,444.0,444.2,14573073.0
2018-01-09 13:24:46.145233,444.0,444.0,444.2,14573073.0
2018-01-09 13:24:48.054132,444.0,444.0,444.2,14573073.0
2018-01-09 13:24:49.861592,444.0,444.0,444.2,14573073.0
2018-01-09 13:24:51.840265,444.0,444.0,444.2,14573073.0
2018-01-09 13:24:53.973344,444.0,444.0,444.2,14573073.0
2018-01-09 13:24:55.840447,444.0,444.0,444.2,14573073.0
2018-01-09 13:24:57.422863,444.0,444.0,444.2,14573073.0
2018-01-09 13:24:59.106239,444.0,444.0,444.2,14573073.0
2018-01-09 13:25:01.039553,444.0,444.0,444.2,14573073.0
2018-01-09 13:25:04.392471,444.0,444.0,444.2,14573073.0
2018-01-09 13:25:06.249645,444.0,444.0,444.2,14574673.0
2018-01-09 13:25:11.868296,444.0,444.0,444.2,14574673.0
2018-01-09 13:25:13.675687,444.0,444.0,444.2,14574673.0
2018-01-09 13:25:15.723689,444.0,444.0,444.2,14574673.0
2018-01-09 13:25:17.602251,444.2,444.0,444.4,14588673.0
2018-01-09 13:25:19.505985,444.2,444.2,444.4,14595973.0
2018-01-09 13:25:21.417287,444.2,444.0,444.4,14600673.0
2018-01-09 13:25:23.272273,444.2,444.0,444.4,14600673.0
2018-01-09 13:25:25.279592,444.2,444.0,444.4,14600673.0
2018-01-09 13:25:26.718750,444.2,444.0,444.4,14600673.0
2018-01-09 13:25:36.726275,444.2,444.0,444.4,14600673.0
2018-01-09 13:25:38.349439,444.2,444.0,444.2,14604973.0
2018-01-09 13:25:39.960945,444.2,444.0,444.2,14604973.0
2018-01-09 13:25:41.550565,444.2,444.0,444.2,14604973.0
2018-01-09 13:25:43.263872,444.2,444.0,444.2,14604973.0
2018-01-09 13:25:45.156246,444.2,444.0,444.2,14607373.0
2018-01-09 13:25:47.022499,444.2,444.0,444.2,14607373.0
2018-01-09 13:25:48.460706,444.2,444.0,444.2,14607373.0
2018-01-09 13:25:50.322762,444.2,444.0,444.2,14607373.0
2018-01-09 13:25:51.876541,444.2,444.0,444.2,14607373.0
2018-01-09 13:25:53.913018,444.2,444.0,444.2,14607373.0
2018-01-09 13:25:55.719896,444.2,444.0,444.2,14607373.0
2018-01-09 13:25:57.485046,444.2,444.0,444.2,14607373.0
2018-01-09 13:25:59.165555,444.2,444.0,444.2,14607373.0
2018-01-09 13:26:01.102191,444.2,444.0,444.2,14607373.0
2018-01-09 13:26:02.479546,444.2,444.0,444.2,14607373.0
2018-01-09 13:26:06.855044,444.2,444.0,444.2,14607373.0
2018-01-09 13:26:08.630595,444.2,444.0,444.2,14607373.0
2018-01-09 13:26:10.583169,444.2,444.0,444.2,14607373.0
2018-01-09 13:26:15.441229,444.2,444.0,444.2,14607373.0
2018-01-09 13:26:18.513100,444.4,444.2,444.4,14620473.0
2018-01-09 13:26:20.646005,444.4,444.2,444.4,14678773.0
2018-01-09 13:26:22.630345,444.4,444.2,444.4,14678773.0
2018-01-09 13:26:24.380533,444.4,444.2,444.4,14678773.0
2018-01-09 13:26:26.463517,444.4,444.4,444.6,14688073.0
2018-01-09 13:26:28.492800,444.4,444.4,444.6,14688073.0
2018-01-09 13:26:30.504264,444.4,444.4,444.6,14688073.0
2018-01-09 13:26:32.265588,444.4,444.4,444.6,14688073.0
2018-01-09 13:26:34.106415,444.4,444.4,444.6,14688073.0
2018-01-09 13:26:43.627166,444.4,444.2,444.4,14698373.0
2018-01-09 13:26:45.583595,444.4,444.2,444.4,14698373.0
2018-01-09 13:26:47.711943,444.4,444.2,444.4,14698373.0
2018-01-09 13:26:49.626925,444.4,444.2,444.4,14698373.0
2018-01-09 13:26:51.055124,444.6,444.4,444.6,14704473.0
2018-01-09 13:26:52.627046,444.6,444.4,444.6,14704473.0
2018-01-09 13:26:54.483848,444.6,444.4,444.6,14704473.0
2018-01-09 13:26:56.369812,444.6,444.4,444.6,14704473.0
2018-01-09 13:26:57.873966,444.6,444.4,444.6,14704473.0
2018-01-09 13:26:59.863447,444.6,444.4,444.6,14704473.0
2018-01-09 13:27:01.228893,444.6,444.4,444.6,14721273.0
2018-01-09 13:27:03.007048,444.6,444.4,444.6,14721273.0
2018-01-09 13:27:04.980649,444.6,444.4,444.6,14721273.0
2018-01-09 13:27:06.566676,444.6,444.4,444.6,14721273.0
2018-01-09 13:27:08.521060,444.6,444.4,444.6,14721273.0
2018-01-09 13:27:13.411347,444.4,444.4,444.8,14771273.0
2018-01-09 13:27:14.739942,444.4,444.4,444.8,14771273.0
2018-01-09 13:27:18.008899,444.4,444.4,444.8,14771273.0
2018-01-09 13:27:19.640324,444.4,444.4,444.8,14771273.0
2018-01-09 13:27:21.734948,444.4,444.4,444.8,14771273.0
2018-01-09 13:27:23.788663,444.4,444.4,444.8,14771273.0
2018-01-09 13:27:25.360107,444.4,444.4,444.8,14771273.0
2018-01-09 13:27:26.713632,444.4,444.4,444.8,14771273.0
2018-01-09 13:27:28.607441,444.4,444.4,444.8,14771273.0
2018-01-09 13:27:30.510519,444.6,444.6,444.8,14776173.0
2018-01-09 13:27:32.758272,444.6,444.6,444.8,14776173.0
2018-01-09 13:27:34.148075,444.6,444.6,444.8,14776173.0
2018-01-09 13:27:36.123287,444.6,444.6,444.8,14776173.0
2018-01-09 13:27:37.988865,444.6,444.6,444.8,14776173.0
2018-01-09 13:27:40.158402,444.6,444.6,444.8,14776173.0
2018-01-09 13:27:42.220716,444.6,444.6,444.8,14776173.0
2018-01-09 13:27:44.269539,444.6,444.6,444.8,14776173.0
2018-01-09 13:27:45.844979,444.6,444.6,444.8,14776173.0
2018-01-09 13:27:47.229162,444.6,444.6,444.8,14776173.0
2018-01-09 13:27:49.249653,444.6,444.6,444.8,14776173.0
2018-01-09 13:27:50.669800,444.6,444.6,444.8,14776173.0
2018-01-09 13:27:53.065903,444.6,444.6,444.8,14776173.0
2018-01-09 13:27:54.641669,444.6,444.6,444.8,14776173.0
2018-01-09 13:27:56.077884,444.6,444.6,444.8,14776173.0
2018-01-09 13:27:57.602951,444.6,444.6,444.8,14776173.0
2018-01-09 13:27:59.146534,444.6,444.4,444.6,14780584.0
2018-01-09 13:28:01.211485,444.6,444.4,444.6,14780584.0
2018-01-09 13:28:03.031012,444.6,444.4,444.6,14780584.0
2018-01-09 13:28:04.806119,444.6,444.4,444.6,14780584.0
2018-01-09 13:28:06.653246,444.6,444.4,444.6,14780584.0
2018-01-09 13:28:12.762508,444.6,444.4,444.6,14780584.0
2018-01-09 13:28:14.654287,444.6,444.4,444.6,14787584.0
2018-01-09 13:28:16.179186,444.6,444.4,444.6,14787584.0
2018-01-09 13:28:17.867463,444.6,444.6,444.8,14793384.0
2018-01-09 13:28:20.377614,444.6,444.6,444.8,14793384.0
2018-01-09 13:28:22.283692,444.6,444.6,444.8,14793384.0
2018-01-09 13:28:23.937681,444.6,444.6,444.8,14793384.0
2018-01-09 13:28:25.243256,444.6,444.6,444.8,14793384.0
2018-01-09 13:28:26.694216,444.6,444.6,444.8,14793384.0
2018-01-09 13:28:28.422734,444.6,444.6,444.8,14793384.0
2018-01-09 13:28:30.262111,444.6,444.6,444.8,14793384.0
2018-01-09 13:28:31.601528,444.6,444.6,444.8,14802284.0
2018-01-09 13:28:33.252712,444.6,444.6,444.8,14802284.0
2018-01-09 13:28:35.176898,444.6,444.6,444.8,14802284.0
2018-01-09 13:28:37.055136,444.6,444.6,444.8,14802284.0
2018-01-09 13:28:38.815716,444.6,444.6,444.8,14802284.0
2018-01-09 13:28:40.650216,444.6,444.6,444.8,14802284.0
2018-01-09 13:28:42.073135,444.6,444.6,444.8,14802284.0
2018-01-09 13:28:44.008458,444.6,444.6,444.8,14802284.0
2018-01-09 13:28:45.786433,444.6,444.6,444.8,14802284.0
2018-01-09 13:28:47.743026,444.6,444.6,444.8,14802284.0
2018-01-09 13:28:49.463530,444.6,444.6,444.8,14802284.0
2018-01-09 13:28:51.237394,444.6,444.6,444.8,14802284.0
2018-01-09 13:28:52.683702,444.6,444.6,444.8,14802284.0
2018-01-09 13:28:54.499762,444.6,444.6,444.8,14802284.0
2018-01-09 13:28:56.343532,444.6,444.6,444.8,14802284.0
2018-01-09 13:28:58.230044,444.6,444.6,444.8,14802284.0
2018-01-09 13:28:59.923733,444.6,444.6,444.8,14802284.0
2018-01-09 13:29:01.903665,444.6,444.6,444.8,14802284.0
2018-01-09 13:29:03.780191,444.8,444.6,444.8,14806584.0
2018-01-09 13:29:05.459428,444.8,444.6,444.8,14806584.0
2018-01-09 13:29:07.391574,444.8,444.6,444.8,14806584.0
2018-01-09 13:29:09.552296,444.8,444.6,444.8,14806584.0
2018-01-09 13:29:11.417636,444.8,444.6,444.8,14806584.0
2018-01-09 13:29:13.322950,444.8,444.6,444.8,14806584.0
2018-01-09 13:29:15.247425,444.8,444.6,444.8,14806584.0
2018-01-09 13:29:17.069757,444.8,444.6,444.8,14806584.0
2018-01-09 13:29:18.986052,444.8,444.6,444.8,14806584.0
2018-01-09 13:29:20.920540,444.8,444.6,444.8,14806584.0
2018-01-09 13:29:22.833771,444.8,444.6,444.8,14806584.0
2018-01-09 13:29:24.443619,444.8,444.6,444.8,14806584.0
2018-01-09 13:29:26.303756,444.8,444.6,444.8,14806584.0
2018-01-09 13:29:27.689967,444.8,444.6,444.8,14806584.0
2018-01-09 13:29:29.584051,444.8,444.6,444.8,14806584.0
2018-01-09 13:29:31.422034,444.8,444.6,444.8,14806584.0
2018-01-09 13:29:33.065978,444.8,444.6,444.8,14806584.0
2018-01-09 13:29:34.993924,444.8,444.6,444.8,14806584.0
2018-01-09 13:29:36.891502,444.8,444.6,444.8,14806584.0
2018-01-09 13:29:38.654066,444.8,444.6,444.8,14806584.0
2018-01-09 13:29:40.475491,444.8,444.6,444.8,14813684.0
2018-01-09 13:29:42.248903,444.8,444.6,444.8,14813684.0
2018-01-09 13:29:43.907934,444.8,444.6,444.8,14813684.0
2018-01-09 13:29:46.130730,444.8,444.6,444.8,14813684.0
2018-01-09 13:29:47.981978,444.8,444.6,444.8,14813684.0
2018-01-09 13:29:50.070054,444.8,444.6,444.8,14813684.0
2018-01-09 13:29:51.645906,444.8,444.6,444.8,14813684.0
2018-01-09 13:29:53.487266,444.8,444.6,444.8,14813684.0
2018-01-09 13:29:55.216524,444.8,444.6,444.8,14813684.0
2018-01-09 13:29:57.441043,444.8,444.6,444.8,14813684.0
2018-01-09 13:29:59.127338,444.8,444.6,444.8,14813684.0
2018-01-09 13:30:00.983350,444.8,444.6,444.8,14813684.0
2018-01-09 13:30:06.582020,444.8,444.6,444.8,14813684.0
2018-01-09 13:30:12.515903,444.8,444.6,444.8,14819284.0
2018-01-09 13:30:14.044898,444.6,444.6,444.8,14822784.0
2018-01-09 13:30:20.108829,444.6,444.6,444.8,14824084.0
2018-01-09 13:30:21.990466,444.6,444.6,444.8,14824084.0
2018-01-09 13:30:23.289345,444.6,444.6,444.8,14824084.0
2018-01-09 13:30:24.715697,444.6,444.6,444.8,14824084.0
2018-01-09 13:30:26.373290,444.6,444.6,444.8,14824084.0
2018-01-09 13:30:28.192938,444.6,444.6,444.8,14824084.0
2018-01-09 13:30:29.859724,444.6,444.6,444.8,14824084.0
2018-01-09 13:30:31.204628,444.6,444.6,444.8,14824084.0
2018-01-09 13:30:33.051422,444.6,444.6,444.8,14824084.0
2018-01-09 13:30:34.715884,444.6,444.6,444.8,14827984.0
2018-01-09 13:30:36.845536,444.6,444.6,444.8,14827984.0
2018-01-09 13:30:38.646270,444.6,444.6,444.8,14827984.0
2018-01-09 13:30:40.721911,444.6,444.6,444.8,14827984.0
2018-01-09 13:30:42.509708,444.6,444.6,444.8,14835184.0
2018-01-09 13:30:44.414548,444.6,444.6,444.8,14835184.0
2018-01-09 13:30:46.338657,444.6,444.6,444.8,14835184.0
2018-01-09 13:30:48.186907,444.6,444.6,444.8,14835184.0
2018-01-09 13:30:49.949447,444.6,444.6,444.8,14835184.0
2018-01-09 13:30:51.835662,444.6,444.6,444.8,14835184.0
2018-01-09 13:30:53.381363,444.6,444.6,444.8,14835184.0
2018-01-09 13:30:55.172356,444.6,444.6,444.8,14835184.0
2018-01-09 13:30:56.688187,444.6,444.6,444.8,14835184.0
2018-01-09 13:30:58.591058,444.6,444.6,444.8,14835184.0
2018-01-09 13:31:00.429190,444.6,444.6,444.8,14835184.0
2018-01-09 13:31:02.361303,444.8,444.6,444.8,14838284.0
2018-01-09 13:31:04.329562,444.8,444.6,444.8,14838284.0
2018-01-09 13:31:05.786551,444.8,444.6,444.8,14838284.0
2018-01-09 13:31:07.094980,444.8,444.6,444.8,14838284.0
2018-01-09 13:31:08.552536,444.8,444.6,444.8,14838284.0
2018-01-09 13:31:12.392443,444.8,444.6,444.8,14838284.0
2018-01-09 13:31:18.152986,444.8,444.6,444.8,14838284.0
2018-01-09 13:31:20.055090,444.6,444.6,444.8,14840884.0
2018-01-09 13:31:21.920879,444.6,444.6,444.8,14840884.0
2018-01-09 13:31:23.456012,444.6,444.6,444.8,14840884.0
2018-01-09 13:31:25.595512,444.6,444.6,444.8,14840884.0
2018-01-09 13:31:27.511949,444.6,444.6,444.8,14840884.0
2018-01-09 13:31:29.302459,444.6,444.6,444.8,14840884.0
2018-01-09 13:31:30.809310,444.6,444.6,444.8,14840884.0
2018-01-09 13:31:32.165164,444.6,444.6,444.8,14840884.0
2018-01-09 13:31:34.253743,444.6,444.6,444.8,14840884.0
2018-01-09 13:31:35.739294,444.6,444.6,444.8,14840884.0
2018-01-09 13:31:37.704928,444.6,444.6,444.8,14840884.0
2018-01-09 13:31:39.612660,444.6,444.6,444.8,14840884.0
2018-01-09 13:31:41.061441,444.6,444.6,444.8,14840884.0
2018-01-09 13:31:43.110917,444.8,444.6,444.8,14843159.0
2018-01-09 13:31:45.097183,444.8,444.6,444.8,14843159.0
2018-01-09 13:31:47.000437,444.8,444.6,444.8,14843159.0
2018-01-09 13:31:48.586468,444.8,444.6,444.8,14843159.0
2018-01-09 13:31:50.309486,444.8,444.6,444.8,14843159.0
2018-01-09 13:31:51.558175,444.8,444.6,444.8,14847559.0
2018-01-09 13:31:53.219302,444.8,444.6,444.8,14881959.0
2018-01-09 13:31:54.992378,444.8,444.6,444.8,14881959.0
2018-01-09 13:31:57.123107,444.8,444.6,444.8,14881959.0
2018-01-09 13:31:58.945962,444.8,444.6,444.8,14881959.0
2018-01-09 13:32:00.886632,444.8,444.6,444.8,14881959.0
2018-01-09 13:32:02.811424,444.8,444.6,444.8,14881959.0
2018-01-09 13:32:04.137507,444.8,444.6,444.8,14885554.0
2018-01-09 13:32:06.120215,444.8,444.6,444.8,14885554.0
2018-01-09 13:32:08.817734,444.4,444.4,444.8,14923654.0
2018-01-09 13:32:12.949177,444.4,444.4,444.6,14937354.0
2018-01-09 13:32:18.260061,444.4,444.4,444.6,14937354.0
2018-01-09 13:32:20.258175,444.2,444.2,444.4,14943654.0
2018-01-09 13:32:21.985770,444.2,444.2,444.4,14943654.0
2018-01-09 13:32:23.774853,444.2,444.2,444.4,14943654.0
2018-01-09 13:32:25.639283,444.2,444.2,444.4,14943654.0
2018-01-09 13:32:26.944275,444.2,444.2,444.4,14943654.0
2018-01-09 13:32:28.413398,444.2,444.2,444.4,14943654.0
2018-01-09 13:32:30.185010,444.2,444.2,444.4,14943654.0
2018-01-09 13:32:31.746048,444.2,444.2,444.4,14943654.0
2018-01-09 13:32:33.644690,444.2,444.2,444.4,14943654.0
2018-01-09 13:32:35.744980,444.2,444.2,444.4,14943654.0
2018-01-09 13:32:37.098933,444.4,444.2,444.4,14949349.0
2018-01-09 13:32:38.952009,444.4,444.2,444.4,14949349.0
2018-01-09 13:32:40.345975,444.4,444.2,444.4,14949349.0
2018-01-09 13:32:42.251294,444.4,444.2,444.4,14949349.0
2018-01-09 13:32:44.247254,444.4,444.2,444.4,14949349.0
2018-01-09 13:32:45.675916,444.4,444.2,444.4,14949349.0
2018-01-09 13:32:47.271668,444.4,444.2,444.4,14949349.0
2018-01-09 13:32:49.323584,444.4,444.2,444.4,14949349.0
2018-01-09 13:32:51.017415,444.4,444.2,444.4,14951849.0
2018-01-09 13:32:52.507479,444.4,444.2,444.4,14951849.0
2018-01-09 13:32:54.418145,444.4,444.2,444.4,14951849.0
2018-01-09 13:32:56.371817,444.4,444.2,444.4,14951849.0
2018-01-09 13:32:58.042999,444.4,444.2,444.4,14951849.0
2018-01-09 13:32:59.395090,444.4,444.2,444.4,14951849.0
2018-01-09 13:33:01.544276,444.4,444.2,444.4,14951849.0
2018-01-09 13:33:03.085604,444.4,444.2,444.4,14951849.0
2018-01-09 13:33:04.928449,444.4,444.2,444.4,14951849.0
2018-01-09 13:33:06.816177,444.4,444.2,444.4,14951849.0
2018-01-09 13:33:08.450474,444.4,444.2,444.4,14951849.0
2018-01-09 13:33:10.331532,444.4,444.2,444.4,14951849.0
2018-01-09 13:33:12.143048,444.4,444.2,444.4,14951849.0
2018-01-09 13:33:13.457888,444.4,444.2,444.4,14951849.0
2018-01-09 13:33:19.196930,444.4,444.2,444.4,14951849.0
2018-01-09 13:33:21.060497,444.4,444.2,444.4,14951849.0
2018-01-09 13:33:22.525053,444.4,444.2,444.4,14951849.0
2018-01-09 13:33:24.331833,444.4,444.2,444.4,14951849.0
2018-01-09 13:33:26.068606,444.4,444.2,444.4,14951849.0
2018-01-09 13:33:27.997853,444.4,444.2,444.4,14951849.0
2018-01-09 13:33:29.412496,444.4,444.2,444.4,14952649.0
2018-01-09 13:33:31.380809,444.4,444.2,444.4,14952649.0
2018-01-09 13:33:33.413819,444.4,444.2,444.4,14952649.0
2018-01-09 13:33:35.535922,444.4,444.2,444.4,14952649.0
2018-01-09 13:33:37.588818,444.4,444.2,444.4,14952649.0
2018-01-09 13:33:38.912837,444.4,444.2,444.4,14952649.0
2018-01-09 13:33:41.073578,444.4,444.2,444.4,14952649.0
2018-01-09 13:33:42.654123,444.4,444.2,444.4,14954249.0
2018-01-09 13:33:44.426854,444.4,444.2,444.4,14954249.0
2018-01-09 13:33:46.498458,444.4,444.2,444.4,14954249.0
2018-01-09 13:33:48.359952,444.4,444.2,444.4,14954249.0
2018-01-09 13:33:50.376143,444.4,444.2,444.4,14954249.0
2018-01-09 13:33:51.762456,444.4,444.2,444.4,14954249.0
2018-01-09 13:33:53.877584,444.4,444.2,444.4,14954249.0
2018-01-09 13:33:55.683261,444.4,444.2,444.4,14954249.0
2018-01-09 13:33:57.438743,444.4,444.2,444.4,14954249.0
2018-01-09 13:33:59.601755,444.4,444.2,444.4,14954249.0
2018-01-09 13:34:01.421527,444.4,444.2,444.4,14954249.0
2018-01-09 13:34:02.724107,444.4,444.2,444.4,14954249.0
2018-01-09 13:34:05.802732,444.4,444.2,444.4,14954249.0
2018-01-09 13:34:07.073180,444.2,444.2,444.4,14958049.0
2018-01-09 13:34:12.429646,444.2,444.2,444.4,14958049.0
2018-01-09 13:34:14.231471,444.2,444.2,444.4,14958049.0
2018-01-09 13:34:16.109794,444.2,444.2,444.4,14958049.0
2018-01-09 13:34:17.864602,444.2,444.2,444.4,14958049.0
2018-01-09 13:34:19.519111,444.2,444.2,444.4,14958049.0
2018-01-09 13:34:24.854404,444.2,444.2,444.4,14958049.0
2018-01-09 13:34:26.771565,444.8,444.4,444.8,15017449.0
2018-01-09 13:34:28.832668,444.8,444.4,444.8,15033149.0
2018-01-09 13:34:30.362703,444.8,444.4,444.8,15033149.0
2018-01-09 13:34:32.262051,444.8,444.4,444.8,15033149.0
2018-01-09 13:34:34.196759,444.8,444.4,444.8,15033149.0
2018-01-09 13:34:36.205268,444.8,444.4,444.8,15033149.0
2018-01-09 13:34:37.890296,444.8,444.4,444.8,15033149.0
2018-01-09 13:34:39.882455,444.8,444.4,444.8,15033149.0
2018-01-09 13:34:41.997509,444.8,444.4,444.8,15033149.0
2018-01-09 13:34:43.864644,444.8,444.4,444.8,15033149.0
2018-01-09 13:34:45.712911,444.8,444.4,444.8,15033149.0
2018-01-09 13:34:47.027670,444.8,444.4,444.8,15033149.0
2018-01-09 13:34:49.029126,444.8,444.6,444.8,15037849.0
2018-01-09 13:34:50.643328,444.8,444.6,444.8,15037849.0
2018-01-09 13:34:51.977881,444.8,444.6,444.8,15037849.0
2018-01-09 13:34:53.961813,444.8,444.6,444.8,15037849.0
2018-01-09 13:34:55.777384,444.8,444.6,444.8,15037849.0
2018-01-09 13:34:57.764456,444.8,444.6,444.8,15037849.0
2018-01-09 13:34:59.602651,444.8,444.6,444.8,15037849.0
2018-01-09 13:35:01.249421,444.8,444.6,444.8,15037849.0
2018-01-09 13:35:03.258610,444.8,444.6,444.8,15037849.0
2018-01-09 13:35:04.910784,444.8,444.6,444.8,15037849.0
2018-01-09 13:35:06.408444,444.8,444.6,444.8,15037849.0
2018-01-09 13:35:07.828660,444.8,444.6,444.8,15037849.0
2018-01-09 13:35:11.743402,444.8,444.6,444.8,15037849.0
2018-01-09 13:35:13.719294,444.6,444.6,444.8,15039549.0
2018-01-09 13:35:18.282230,444.6,444.6,444.8,15039549.0
2018-01-09 13:35:20.032780,444.6,444.6,444.8,15039549.0
2018-01-09 13:35:21.689721,444.6,444.6,444.8,15039549.0
2018-01-09 13:35:23.439953,444.6,444.6,444.8,15039549.0
2018-01-09 13:35:25.411112,444.6,444.6,444.8,15039549.0
2018-01-09 13:35:27.284588,444.6,444.6,444.8,15039549.0
2018-01-09 13:35:29.147950,444.6,444.6,444.8,15042749.0
2018-01-09 13:35:31.021920,444.6,444.6,444.8,15042749.0
2018-01-09 13:35:32.441637,444.6,444.6,444.8,15042749.0
2018-01-09 13:35:33.887305,444.6,444.6,444.8,15042749.0
2018-01-09 13:35:35.629025,444.6,444.6,444.8,15042749.0
2018-01-09 13:35:37.443006,444.6,444.6,444.8,15042749.0
2018-01-09 13:35:39.017549,444.6,444.6,444.8,15042749.0
2018-01-09 13:35:40.606939,444.6,444.6,444.8,15042749.0
2018-01-09 13:35:42.445305,444.6,444.6,444.8,15042749.0
2018-01-09 13:35:44.070430,444.8,444.6,444.8,15046049.0
2018-01-09 13:35:45.832811,444.8,444.6,444.8,15046049.0
2018-01-09 13:35:47.255517,444.8,444.6,444.8,15046049.0
2018-01-09 13:35:49.049594,444.8,444.6,444.8,15046049.0
2018-01-09 13:35:50.446496,444.8,444.6,444.8,15047749.0
2018-01-09 13:35:52.373790,444.8,444.6,444.8,15047749.0
2018-01-09 13:35:53.901853,444.8,444.6,444.8,15058749.0
2018-01-09 13:35:55.281787,444.8,444.6,444.8,15058749.0
2018-01-09 13:35:57.330018,444.8,444.6,444.8,15058749.0
2018-01-09 13:35:59.203461,444.8,444.6,444.8,15058749.0
2018-01-09 13:36:00.914154,444.8,444.6,444.8,15058749.0
2018-01-09 13:36:02.615208,444.8,444.6,444.8,15058749.0
2018-01-09 13:36:03.882015,444.8,444.6,444.8,15058749.0
2018-01-09 13:36:05.884649,444.8,444.6,444.8,15058749.0
2018-01-09 13:36:11.754358,444.8,444.6,444.8,15078849.0
2018-01-09 13:36:16.980777,444.8,444.6,444.8,15078849.0
2018-01-09 13:36:18.962211,444.8,444.6,444.8,15078849.0
2018-01-09 13:36:20.859761,444.8,444.6,444.8,15078849.0
2018-01-09 13:36:22.626693,444.8,444.6,444.8,15078849.0
2018-01-09 13:36:24.152538,444.8,444.6,444.8,15078849.0
2018-01-09 13:36:26.060817,444.8,444.6,444.8,15078849.0
2018-01-09 13:36:27.949289,444.8,444.6,444.8,15078849.0
2018-01-09 13:36:29.675360,444.8,444.6,444.8,15078849.0
2018-01-09 13:36:31.612089,444.8,444.6,444.8,15078849.0
2018-01-09 13:36:33.525667,444.8,444.6,444.8,15078849.0
2018-01-09 13:36:35.400587,444.8,444.6,444.8,15078849.0
2018-01-09 13:36:37.306883,444.8,444.6,444.8,15078849.0
2018-01-09 13:36:39.125426,445.0,444.8,445.0,15082849.0
2018-01-09 13:36:41.182321,445.0,444.8,445.0,15082849.0
2018-01-09 13:36:43.298143,445.0,444.8,445.0,15082849.0
2018-01-09 13:36:44.597562,445.0,444.8,445.0,15082849.0
2018-01-09 13:36:46.066005,445.0,444.8,445.0,15082849.0
2018-01-09 13:36:48.008922,445.0,444.8,445.0,15082849.0
2018-01-09 13:36:49.897841,445.0,444.8,445.0,15082849.0
2018-01-09 13:36:51.678705,445.0,444.8,445.0,15082849.0
2018-01-09 13:36:53.686627,445.0,444.8,445.0,15082849.0
2018-01-09 13:36:55.727937,445.0,444.8,445.0,15082849.0
2018-01-09 13:36:57.614766,445.0,444.8,445.0,15082849.0
2018-01-09 13:36:59.490627,445.0,444.8,445.0,15082849.0
2018-01-09 13:37:01.486176,445.0,444.8,445.0,15082849.0
2018-01-09 13:37:03.347995,445.0,444.8,445.0,15082849.0
2018-01-09 13:37:04.653161,445.0,444.8,445.0,15082849.0
2018-01-09 13:37:06.469741,445.0,444.8,445.0,15082849.0
2018-01-09 13:37:08.537007,445.0,444.8,445.0,15082849.0
2018-01-09 13:37:10.364148,445.0,444.8,445.0,15082849.0
2018-01-09 13:37:12.350194,445.0,444.8,445.0,15082849.0
2018-01-09 13:37:14.525226,445.0,444.8,445.0,15086549.0
2018-01-09 13:37:19.023557,445.0,444.8,445.0,15086549.0
2018-01-09 13:37:20.590152,445.0,444.8,445.0,15086549.0
2018-01-09 13:37:22.555948,445.0,444.8,445.0,15089749.0
2018-01-09 13:37:24.410359,445.0,444.8,445.0,15089749.0
2018-01-09 13:37:25.779611,445.0,444.8,445.0,15089749.0
2018-01-09 13:37:27.183055,445.0,444.8,445.0,15089749.0
2018-01-09 13:37:28.890645,445.0,444.8,445.0,15089749.0
2018-01-09 13:37:30.448291,445.0,444.8,445.0,15089749.0
2018-01-09 13:37:31.925458,445.0,444.8,445.0,15089749.0
2018-01-09 13:37:33.420091,445.0,444.8,445.0,15089749.0
2018-01-09 13:37:35.171107,445.0,444.8,445.0,15089749.0
2018-01-09 13:37:36.930756,445.0,444.8,445.0,15089749.0
2018-01-09 13:37:38.734844,445.0,444.8,445.0,15089749.0
2018-01-09 13:37:41.312210,445.0,444.8,445.0,15089749.0
2018-01-09 13:37:43.264765,445.0,444.8,445.0,15089749.0
2018-01-09 13:37:45.153396,445.0,444.8,445.0,15089749.0
2018-01-09 13:37:46.554170,445.0,444.8,445.0,15089749.0
2018-01-09 13:37:48.287574,444.8,444.8,445.0,15103349.0
2018-01-09 13:37:50.083485,444.8,444.8,445.0,15103349.0
2018-01-09 13:37:51.410257,444.8,444.8,445.0,15103349.0
2018-01-09 13:37:53.141480,444.8,444.8,445.0,15103349.0
2018-01-09 13:37:55.048618,444.8,444.8,445.0,15103349.0
2018-01-09 13:37:56.843183,444.8,444.8,445.0,15103349.0
2018-01-09 13:37:58.449104,444.8,444.8,445.0,15103349.0
2018-01-09 13:38:00.522549,444.8,444.8,445.0,15103349.0
2018-01-09 13:38:02.226541,444.8,444.8,445.0,15103349.0
2018-01-09 13:38:04.283624,444.8,444.8,445.0,15103349.0
2018-01-09 13:38:06.032817,444.8,444.8,445.0,15103349.0
2018-01-09 13:38:07.599608,444.8,444.8,445.0,15103349.0
2018-01-09 13:38:13.032325,444.8,444.8,445.0,15103349.0
2018-01-09 13:38:14.720052,444.8,444.8,445.0,15103349.0
2018-01-09 13:38:16.735854,444.8,444.8,445.0,15103349.0
2018-01-09 13:38:18.187927,444.8,444.8,445.0,15107757.0
2018-01-09 13:38:20.015652,444.8,444.8,445.0,15107757.0
2018-01-09 13:38:21.518112,444.8,444.8,445.0,15107757.0
2018-01-09 13:38:22.982478,444.8,444.8,445.0,15107757.0
2018-01-09 13:38:25.005647,444.8,444.8,445.0,15107757.0
2018-01-09 13:38:26.861078,444.8,444.8,445.0,15107757.0
2018-01-09 13:38:28.694015,444.8,444.8,445.0,15107757.0
2018-01-09 13:38:30.568182,444.8,444.8,445.0,15107757.0
2018-01-09 13:38:32.516227,445.0,444.8,445.0,15111657.0
2018-01-09 13:38:34.211774,445.0,444.8,445.0,15111657.0
2018-01-09 13:38:35.820055,445.0,444.8,445.0,15111657.0
2018-01-09 13:38:38.005922,445.0,444.8,445.0,15111657.0
2018-01-09 13:38:40.004400,445.0,444.8,445.0,15111657.0
2018-01-09 13:38:41.866398,445.0,444.8,445.0,15111657.0
2018-01-09 13:38:43.775763,445.0,444.8,445.0,15111657.0
2018-01-09 13:38:45.580206,445.0,444.8,445.0,15111657.0
2018-01-09 13:38:47.039010,445.0,444.8,445.0,15111657.0
2018-01-09 13:38:49.039494,445.0,444.8,445.0,15111657.0
2018-01-09 13:38:50.960688,445.0,444.8,445.0,15111657.0
2018-01-09 13:38:52.334391,445.0,444.8,445.0,15111657.0
2018-01-09 13:38:53.766438,444.8,444.8,445.0,15164757.0
2018-01-09 13:38:55.179954,444.8,444.8,445.0,15171657.0
2018-01-09 13:38:58.537930,444.8,444.6,445.0,15181457.0
2018-01-09 13:39:00.345863,444.6,444.6,444.8,15191057.0
2018-01-09 13:39:02.204170,444.6,444.6,444.8,15191057.0
2018-01-09 13:39:04.232575,444.6,444.6,444.8,15191057.0
2018-01-09 13:39:06.164669,444.8,444.6,444.8,15194457.0
2018-01-09 13:39:07.562696,444.8,444.6,444.8,15194457.0
2018-01-09 13:39:09.569895,444.8,444.6,444.8,15197557.0
2018-01-09 13:39:11.337509,444.8,444.6,444.8,15197557.0
2018-01-09 13:39:14.170850,444.8,444.6,444.8,15197557.0
2018-01-09 13:39:15.775079,444.8,444.6,444.8,15197557.0
2018-01-09 13:39:19.366362,444.8,444.6,444.8,15197557.0
2018-01-09 13:39:21.355536,444.8,444.6,444.8,15228157.0
2018-01-09 13:39:23.388254,444.8,444.6,444.8,15228157.0
2018-01-09 13:39:24.688866,444.8,444.6,444.8,15228157.0
2018-01-09 13:39:26.450220,444.8,444.6,444.8,15228157.0
2018-01-09 13:39:28.432444,444.8,444.6,444.8,15228157.0
2018-01-09 13:39:30.269465,444.8,444.6,444.8,15228157.0
2018-01-09 13:39:32.087224,444.8,444.6,444.8,15228157.0
2018-01-09 13:39:33.701165,444.8,444.6,444.8,15228157.0
2018-01-09 13:39:35.139332,444.8,444.6,444.8,15228157.0
2018-01-09 13:39:36.944296,444.8,444.8,445.0,15244657.0
2018-01-09 13:39:38.846220,444.8,444.8,445.0,15244657.0
2018-01-09 13:39:40.802146,444.8,444.8,445.0,15244657.0
2018-01-09 13:39:42.443002,444.8,444.8,445.0,15244657.0
2018-01-09 13:39:44.362907,444.8,444.8,445.0,15244657.0
2018-01-09 13:39:46.448230,444.8,444.8,445.0,15244657.0
2018-01-09 13:39:48.352387,444.8,444.8,445.0,15244657.0
2018-01-09 13:39:49.823932,444.8,444.8,445.0,15244657.0
2018-01-09 13:39:51.576648,444.8,444.8,445.0,15244657.0
2018-01-09 13:39:53.575433,444.8,444.8,445.0,15244657.0
2018-01-09 13:39:55.369366,444.8,444.8,445.0,15244657.0
2018-01-09 13:39:57.148977,444.8,444.8,445.0,15244657.0
2018-01-09 13:39:58.581580,444.8,444.8,445.0,15244657.0
2018-01-09 13:40:00.679284,444.8,444.8,445.0,15244657.0
2018-01-09 13:40:03.220466,444.8,444.8,445.0,15244657.0
2018-01-09 13:40:05.328542,444.8,444.8,445.0,15244657.0
2018-01-09 13:40:10.930410,444.8,444.8,445.0,15244657.0
2018-01-09 13:40:12.296877,444.8,444.8,445.0,15244657.0
2018-01-09 13:40:14.059083,444.8,444.8,445.0,15244657.0
2018-01-09 13:40:15.955170,444.8,444.8,445.0,15244657.0
2018-01-09 13:40:19.007576,445.0,444.8,445.0,15246757.0
2018-01-09 13:40:20.939041,444.8,444.8,445.0,15250357.0
2018-01-09 13:40:22.753821,444.8,444.8,445.0,15250357.0
2018-01-09 13:40:24.588006,444.8,444.8,445.0,15250357.0
2018-01-09 13:40:26.448833,444.8,444.8,445.0,15250357.0
2018-01-09 13:40:27.983637,444.8,444.8,445.0,15250357.0
2018-01-09 13:40:29.830909,444.8,444.8,445.0,15250357.0
2018-01-09 13:40:31.660902,444.8,444.8,445.0,15250357.0
2018-01-09 13:40:33.482002,444.8,444.8,445.0,15250357.0
2018-01-09 13:40:34.845179,444.8,444.8,445.0,15250357.0
2018-01-09 13:40:36.166376,444.8,444.8,445.0,15250357.0
2018-01-09 13:40:38.024715,444.8,444.8,445.0,15250357.0
2018-01-09 13:40:39.280700,444.8,444.8,445.0,15250357.0
2018-01-09 13:40:40.947166,444.8,444.8,445.0,15250357.0
2018-01-09 13:40:42.389979,444.8,444.8,445.0,15250357.0
2018-01-09 13:40:44.208864,445.0,444.8,445.0,15258157.0
2018-01-09 13:40:46.290025,445.0,444.8,445.0,15258157.0
2018-01-09 13:40:47.640433,445.0,444.8,445.0,15258157.0
2018-01-09 13:40:48.887446,445.0,444.8,445.0,15258157.0
2018-01-09 13:40:50.781997,445.0,444.8,445.0,15258157.0
2018-01-09 13:40:52.260450,445.0,444.8,445.0,15258157.0
2018-01-09 13:40:53.946388,445.0,444.8,445.0,15258157.0
2018-01-09 13:40:55.751445,445.0,444.8,445.0,15258157.0
2018-01-09 13:40:57.350894,445.0,444.8,445.0,15258157.0
2018-01-09 13:40:59.126698,445.0,444.8,445.0,15258157.0
2018-01-09 13:41:01.128293,445.0,444.8,445.0,15258157.0
2018-01-09 13:41:02.893071,445.0,444.8,445.0,15258157.0
2018-01-09 13:41:04.466025,445.0,444.8,445.0,15258157.0
2018-01-09 13:41:06.066128,445.0,444.8,445.0,15258157.0
2018-01-09 13:41:07.809210,445.0,444.8,445.0,15258157.0
2018-01-09 13:41:10.525162,444.8,444.8,445.0,15264557.0
2018-01-09 13:41:12.529648,444.8,444.8,445.0,15264557.0
2018-01-09 13:41:14.413486,444.8,444.8,445.0,15264557.0
2018-01-09 13:41:16.330762,444.8,444.8,445.0,15264557.0
2018-01-09 13:41:18.305941,444.8,444.8,445.0,15264557.0
2018-01-09 13:41:19.816075,444.8,444.8,445.0,15264557.0
2018-01-09 13:41:21.662615,444.8,444.8,445.0,15264557.0
2018-01-09 13:41:23.689765,444.8,444.8,445.0,15264557.0
2018-01-09 13:41:25.577103,444.8,444.8,445.0,15264557.0
2018-01-09 13:41:26.941125,444.8,444.8,445.0,15264557.0
2018-01-09 13:41:28.998428,444.8,444.8,445.0,15264557.0
2018-01-09 13:41:30.859106,444.8,444.8,445.0,15264557.0
2018-01-09 13:41:32.394013,444.8,444.8,445.0,15264557.0
2018-01-09 13:41:34.271629,444.8,444.8,445.0,15264557.0
2018-01-09 13:41:35.919409,444.8,444.8,445.0,15264557.0
2018-01-09 13:41:37.649021,444.8,444.8,445.0,15264557.0
2018-01-09 13:41:39.503476,444.8,444.8,445.0,15267357.0
2018-01-09 13:41:41.371513,444.8,444.8,445.0,15267357.0
2018-01-09 13:41:43.494287,444.8,444.8,445.0,15267357.0
2018-01-09 13:41:44.761227,444.8,444.8,445.0,15267357.0
2018-01-09 13:41:46.145208,444.8,444.8,445.0,15267357.0
2018-01-09 13:41:47.770668,444.8,444.8,445.0,15267357.0
2018-01-09 13:41:49.320219,444.8,444.8,445.0,15267357.0
2018-01-09 13:41:51.276206,444.8,444.8,445.0,15267357.0
2018-01-09 13:41:52.805273,444.8,444.8,445.0,15267357.0
2018-01-09 13:41:54.588383,444.8,444.8,445.0,15267357.0
2018-01-09 13:41:56.457060,444.8,444.8,445.0,15267357.0
2018-01-09 13:41:58.279324,444.8,444.8,445.0,15267357.0
2018-01-09 13:41:59.679054,444.8,444.8,445.0,15267357.0
2018-01-09 13:42:01.589857,444.8,444.8,445.0,15267357.0
2018-01-09 13:42:02.917819,444.8,444.8,445.0,15271657.0
2018-01-09 13:42:05.352757,444.8,444.8,445.0,15271657.0
2018-01-09 13:42:06.654025,444.8,444.8,445.0,15271657.0
2018-01-09 13:42:08.322266,444.8,444.8,445.0,15271657.0
2018-01-09 13:42:10.211346,444.8,444.8,445.0,15271657.0
2018-01-09 13:42:11.937515,444.8,444.8,445.0,15271657.0
2018-01-09 13:42:13.327050,444.8,444.8,445.0,15276457.0
2018-01-09 13:42:15.348281,444.8,444.8,445.0,15276457.0
2018-01-09 13:42:18.614188,444.8,444.8,445.0,15276457.0
2018-01-09 13:42:20.365944,444.8,444.8,445.0,15276457.0
2018-01-09 13:42:21.815415,444.8,444.8,445.0,15276457.0
2018-01-09 13:42:23.209822,444.8,444.8,445.0,15276457.0
2018-01-09 13:42:24.969977,444.8,444.8,445.0,15276457.0
2018-01-09 13:42:26.885474,444.8,444.8,445.0,15276457.0
2018-01-09 13:42:28.759100,444.8,444.8,445.0,15276457.0
2018-01-09 13:42:30.413170,444.8,444.8,445.0,15276457.0
2018-01-09 13:42:32.326790,444.8,444.8,445.0,15276457.0
2018-01-09 13:42:33.972844,445.0,444.8,445.0,15279957.0
2018-01-09 13:42:35.404227,445.0,444.8,445.0,15279957.0
2018-01-09 13:42:36.881183,445.0,444.8,445.0,15279957.0
2018-01-09 13:42:38.829820,445.0,444.8,445.0,15279957.0
2018-01-09 13:42:40.676431,445.0,444.8,445.0,15279957.0
2018-01-09 13:42:42.425959,445.0,444.8,445.0,15279957.0
2018-01-09 13:42:44.051710,445.0,444.8,445.0,15279957.0
2018-01-09 13:42:46.121379,445.0,444.8,445.0,15279957.0
2018-01-09 13:42:48.163995,445.0,444.8,445.0,15279957.0
2018-01-09 13:42:49.858678,445.0,444.8,445.0,15279957.0
2018-01-09 13:42:51.629369,445.0,444.8,445.0,15279957.0
2018-01-09 13:42:53.602885,445.0,444.8,445.0,15279957.0
2018-01-09 13:42:54.910104,444.8,444.8,445.0,15284757.0
2018-01-09 13:42:56.728322,444.8,444.8,445.0,15284757.0
2018-01-09 13:42:58.200792,444.8,444.8,445.0,15284757.0
2018-01-09 13:43:00.068084,444.8,444.8,445.0,15284757.0
2018-01-09 13:43:02.054771,444.8,444.8,445.0,15284757.0
2018-01-09 13:43:03.740154,444.8,444.8,445.0,15284757.0
2018-01-09 13:43:05.703005,444.8,444.8,445.0,15284757.0
2018-01-09 13:43:07.013865,444.8,444.8,445.0,15284757.0
2018-01-09 13:43:08.845707,444.8,444.8,445.0,15284757.0
2018-01-09 13:43:12.897478,444.8,444.8,445.0,15284757.0
2018-01-09 13:43:14.811103,444.8,444.8,445.0,15284757.0
2018-01-09 13:43:16.741271,445.0,444.8,445.0,15288157.0
2018-01-09 13:43:20.276150,445.0,444.8,445.0,15288157.0
2018-01-09 13:43:22.169832,445.0,444.8,445.0,15288157.0
2018-01-09 13:43:23.676894,445.0,444.8,445.0,15288157.0
2018-01-09 13:43:25.660031,445.0,444.8,445.0,15288157.0
2018-01-09 13:43:27.689544,445.0,444.8,445.0,15288157.0
2018-01-09 13:43:29.767180,445.0,444.8,445.0,15288157.0
2018-01-09 13:43:31.288966,445.0,444.8,445.0,15288157.0
2018-01-09 13:43:32.718278,445.0,444.8,445.0,15288157.0
2018-01-09 13:43:34.115706,445.0,444.8,445.0,15288157.0
2018-01-09 13:43:35.965288,445.0,444.8,445.0,15288157.0
2018-01-09 13:43:37.992463,445.0,444.8,445.0,15295457.0
2018-01-09 13:43:39.356978,445.0,444.8,445.0,15295457.0
2018-01-09 13:43:41.209009,445.0,444.8,445.0,15295457.0
2018-01-09 13:43:42.587214,445.0,444.8,445.0,15295457.0
2018-01-09 13:43:44.550314,445.0,444.8,445.0,15295457.0
2018-01-09 13:43:46.127288,445.0,444.8,445.0,15295457.0
2018-01-09 13:43:47.981768,445.0,444.8,445.0,15334457.0
2018-01-09 13:43:49.800922,445.0,444.8,445.0,15348357.0
2018-01-09 13:43:51.497447,445.0,444.8,445.0,15348357.0
2018-01-09 13:43:53.465709,445.0,444.8,445.0,15348357.0
2018-01-09 13:43:54.935523,445.0,444.8,445.0,15360357.0
2018-01-09 13:43:56.929868,445.0,444.8,445.0,15360357.0
2018-01-09 13:43:58.359430,445.0,444.8,445.0,15360357.0
2018-01-09 13:44:00.198730,445.0,444.8,445.0,15360357.0
2018-01-09 13:44:01.605732,445.0,444.8,445.0,15360357.0
2018-01-09 13:44:03.900926,445.0,444.8,445.0,15360357.0
2018-01-09 13:44:05.845755,445.0,444.8,445.0,15360357.0
2018-01-09 13:44:07.757005,445.0,444.8,445.0,15360357.0
2018-01-09 13:44:09.823404,445.0,444.8,445.0,15360357.0
2018-01-09 13:44:12.777436,445.0,444.8,445.0,15360357.0
2018-01-09 13:44:14.630690,445.0,444.8,445.0,15360357.0
2018-01-09 13:44:16.275347,445.0,444.8,445.0,15360357.0
2018-01-09 13:44:17.966675,444.8,444.8,445.0,15371652.0
2018-01-09 13:44:19.983684,444.8,444.8,445.0,15371652.0
2018-01-09 13:44:21.817216,444.8,444.8,445.0,15371652.0
2018-01-09 13:44:23.792725,444.8,444.8,445.0,15371652.0
2018-01-09 13:44:25.881602,444.8,444.8,445.0,15371652.0
2018-01-09 13:44:27.891963,444.8,444.8,445.0,15371652.0
2018-01-09 13:44:29.249225,445.0,444.8,445.0,15373752.0
2018-01-09 13:44:30.893703,445.0,444.8,445.0,15373752.0
2018-01-09 13:44:32.370965,445.0,444.8,445.0,15373752.0
2018-01-09 13:44:34.194446,445.0,444.8,445.0,15373752.0
2018-01-09 13:44:36.129085,445.0,444.8,445.0,15401152.0
2018-01-09 13:44:38.155638,445.0,444.8,445.0,15401152.0
2018-01-09 13:44:40.311893,445.0,444.8,445.0,15401152.0
2018-01-09 13:44:42.175077,445.0,444.8,445.0,15401152.0
2018-01-09 13:44:43.808737,445.0,444.8,445.0,15401152.0
2018-01-09 13:44:45.502199,445.0,445.0,445.2,15472852.0
2018-01-09 13:44:46.969244,445.0,445.0,445.2,15472852.0
2018-01-09 13:44:48.809319,445.2,445.0,445.2,15479452.0
2018-01-09 13:44:50.438242,445.2,445.0,445.2,15479452.0
2018-01-09 13:44:52.385163,445.2,445.0,445.2,15479452.0
2018-01-09 13:44:54.141413,445.2,445.0,445.2,15479452.0
2018-01-09 13:44:55.975167,445.2,445.0,445.2,15479452.0
2018-01-09 13:44:57.807017,445.2,445.0,445.2,15479452.0
2018-01-09 13:44:59.552107,445.2,445.0,445.2,15479452.0
2018-01-09 13:45:01.299069,445.2,445.0,445.2,15479452.0
2018-01-09 13:45:03.034244,445.2,445.0,445.2,15479452.0
2018-01-09 13:45:04.994925,445.2,445.0,445.2,15479452.0
2018-01-09 13:45:06.876415,445.2,445.0,445.2,15479452.0
2018-01-09 13:45:08.714089,445.2,445.0,445.2,15479452.0
2018-01-09 13:45:12.098838,445.2,445.0,445.2,15479452.0
2018-01-09 13:45:14.064731,445.0,445.0,445.2,15506052.0
2018-01-09 13:45:15.906848,445.0,445.0,445.2,15506052.0
2018-01-09 13:45:17.901021,445.0,445.0,445.2,15506052.0
2018-01-09 13:45:22.908123,445.2,445.0,445.4,15584052.0
2018-01-09 13:45:24.792160,445.2,445.0,445.4,15584052.0
2018-01-09 13:45:26.713272,445.2,445.2,445.4,15591952.0
2018-01-09 13:45:28.715567,445.2,445.2,445.4,15591952.0
2018-01-09 13:45:30.476520,445.4,445.2,445.4,15603152.0
2018-01-09 13:45:31.945928,445.4,445.2,445.4,15603152.0
2018-01-09 13:45:33.664054,445.4,445.2,445.4,15603152.0
2018-01-09 13:45:35.207397,445.4,445.2,445.4,15603152.0
2018-01-09 13:45:37.024120,445.4,445.2,445.4,15603152.0
2018-01-09 13:45:38.403619,445.4,445.2,445.4,15603152.0
2018-01-09 13:45:39.867774,445.4,445.2,445.4,15603152.0
2018-01-09 13:45:41.942439,445.4,445.2,445.4,15603152.0
2018-01-09 13:45:43.717337,445.4,445.2,445.4,15603152.0
2018-01-09 13:45:45.435977,445.4,445.2,445.4,15603152.0
2018-01-09 13:45:46.896652,445.4,445.2,445.4,15603152.0
2018-01-09 13:45:48.551735,445.4,445.2,445.4,15603152.0
2018-01-09 13:45:50.706060,445.4,445.2,445.4,15603152.0
2018-01-09 13:45:52.424699,445.4,445.2,445.4,15603152.0
2018-01-09 13:45:53.761658,445.4,445.2,445.4,15603152.0
2018-01-09 13:45:55.432842,445.4,445.2,445.4,15603152.0
2018-01-09 13:45:57.004699,445.4,445.2,445.4,15603152.0
2018-01-09 13:45:58.387970,445.4,445.2,445.4,15613852.0
2018-01-09 13:46:00.408614,445.4,445.2,445.4,15613852.0
2018-01-09 13:46:03.797756,445.4,445.2,445.4,15613852.0
2018-01-09 13:46:09.421635,445.4,445.2,445.4,15613852.0
2018-01-09 13:46:12.512981,445.4,445.2,445.4,15613852.0
2018-01-09 13:46:15.191843,445.4,445.2,445.4,15613852.0
2018-01-09 13:46:17.113167,445.4,445.2,445.4,15613852.0
2018-01-09 13:46:19.113214,445.4,445.2,445.4,15613852.0
2018-01-09 13:46:21.096882,445.4,445.2,445.4,15618352.0
2018-01-09 13:46:23.081605,445.4,445.2,445.4,15618352.0
2018-01-09 13:46:24.960870,445.4,445.2,445.4,15618352.0
2018-01-09 13:46:26.827585,445.4,445.2,445.4,15618352.0
2018-01-09 13:46:28.693277,445.4,445.2,445.4,15621852.0
2018-01-09 13:46:30.493611,445.4,445.2,445.4,15621852.0
2018-01-09 13:46:32.400906,445.4,445.2,445.4,15621852.0
2018-01-09 13:46:34.219023,445.4,445.2,445.4,15621852.0
2018-01-09 13:46:35.941439,445.4,445.2,445.4,15621852.0
2018-01-09 13:46:38.218656,445.4,445.2,445.4,15621852.0
2018-01-09 13:46:39.976043,445.4,445.2,445.4,15621852.0
2018-01-09 13:46:41.746445,445.4,445.2,445.4,15621852.0
2018-01-09 13:46:43.562756,445.4,445.2,445.4,15621852.0
2018-01-09 13:46:45.505916,445.4,445.2,445.4,15621852.0
2018-01-09 13:46:47.328359,445.4,445.2,445.4,15621852.0
2018-01-09 13:46:49.283993,445.4,445.2,445.4,15621852.0
2018-01-09 13:46:51.160471,445.4,445.2,445.4,15621852.0
2018-01-09 13:46:52.947883,445.4,445.2,445.4,15626152.0
2018-01-09 13:46:54.402056,445.4,445.2,445.4,15626152.0
2018-01-09 13:46:56.244612,445.4,445.2,445.4,15626152.0
2018-01-09 13:46:57.726364,445.4,445.2,445.4,15626152.0
2018-01-09 13:46:59.697713,445.4,445.2,445.4,15626152.0
2018-01-09 13:47:02.049334,445.4,445.2,445.4,15626152.0
2018-01-09 13:47:03.344926,445.4,445.2,445.4,15626152.0
2018-01-09 13:47:05.175222,445.4,445.2,445.4,15626152.0
2018-01-09 13:47:06.908677,445.4,445.2,445.4,15626152.0
2018-01-09 13:47:08.754192,445.4,445.2,445.4,15626152.0
2018-01-09 13:47:14.266189,445.4,445.2,445.4,15626152.0
2018-01-09 13:47:16.096754,445.4,445.2,445.4,15626152.0
2018-01-09 13:47:18.672541,445.4,445.2,445.4,15626152.0
2018-01-09 13:47:20.429144,445.4,445.2,445.4,15626152.0
2018-01-09 13:47:22.390108,445.4,445.2,445.4,15626152.0
2018-01-09 13:47:24.702664,445.2,445.2,445.4,15627852.0
2018-01-09 13:47:26.566610,445.2,445.2,445.4,15631452.0
2018-01-09 13:47:28.692462,445.2,445.2,445.4,15631452.0
2018-01-09 13:47:30.548808,445.2,445.2,445.4,15631452.0
2018-01-09 13:47:32.599693,445.2,445.2,445.4,15674052.0
2018-01-09 13:47:34.374411,445.2,445.2,445.4,15674052.0
2018-01-09 13:47:36.430130,445.2,445.2,445.4,15674052.0
2018-01-09 13:47:38.050408,445.2,445.0,445.2,15685752.0
2018-01-09 13:47:39.955167,445.2,445.0,445.2,15685752.0
2018-01-09 13:47:41.839192,445.2,445.0,445.2,15685752.0
2018-01-09 13:47:43.674036,445.2,445.0,445.2,15685752.0
2018-01-09 13:47:45.514152,445.2,445.0,445.2,15685752.0
2018-01-09 13:47:46.895925,445.2,445.0,445.2,15685752.0
2018-01-09 13:47:48.915281,445.2,445.0,445.2,15685752.0
2018-01-09 13:47:50.797078,445.2,445.0,445.2,15685752.0
2018-01-09 13:47:52.824506,445.2,445.0,445.2,15685752.0
2018-01-09 13:47:54.659383,445.2,445.0,445.2,15685752.0
2018-01-09 13:47:56.543612,445.2,445.0,445.2,15685752.0
2018-01-09 13:47:58.415875,445.0,445.0,445.2,15689252.0
2018-01-09 13:48:00.474639,445.0,445.0,445.2,15689252.0
2018-01-09 13:48:01.960807,445.0,445.0,445.2,15689252.0
2018-01-09 13:48:07.753250,445.0,445.0,445.2,15689252.0
2018-01-09 13:48:09.495430,445.0,445.0,445.2,15689252.0
2018-01-09 13:48:10.784624,445.0,445.0,445.2,15689252.0
2018-01-09 13:48:12.617106,445.0,445.0,445.2,15689252.0
2018-01-09 13:48:14.298685,445.0,445.0,445.2,15689252.0
2018-01-09 13:48:16.270088,445.0,445.0,445.2,15689252.0
2018-01-09 13:48:18.350911,445.0,445.0,445.2,15689252.0
2018-01-09 13:48:20.271009,445.0,445.0,445.2,15689252.0
2018-01-09 13:48:21.763136,445.0,445.0,445.2,15689252.0
2018-01-09 13:48:23.117763,445.2,445.0,445.2,15693052.0
2018-01-09 13:48:24.904316,445.2,445.0,445.2,15693052.0
2018-01-09 13:48:26.784318,445.2,445.0,445.2,15693052.0
2018-01-09 13:48:28.586796,445.2,445.0,445.2,15693052.0
2018-01-09 13:48:29.969989,445.2,445.0,445.2,15693052.0
2018-01-09 13:48:31.868316,445.2,445.0,445.2,15693052.0
2018-01-09 13:48:33.649603,445.0,445.0,445.2,15716052.0
2018-01-09 13:48:35.273659,445.0,445.0,445.2,15716052.0
2018-01-09 13:48:37.204433,445.0,445.0,445.2,15716052.0
2018-01-09 13:48:39.447679,445.0,445.0,445.2,15716052.0
2018-01-09 13:48:41.436694,445.0,445.0,445.2,15729352.0
2018-01-09 13:48:43.547263,445.0,445.0,445.2,15729352.0
2018-01-09 13:48:45.425182,445.0,445.0,445.2,15729352.0
2018-01-09 13:48:47.191932,445.0,445.0,445.2,15729352.0
2018-01-09 13:48:49.047019,445.0,445.0,445.2,15736052.0
2018-01-09 13:48:51.182319,445.0,444.8,445.2,15747752.0
2018-01-09 13:48:53.242941,445.0,444.8,445.2,15747752.0
2018-01-09 13:48:55.319585,445.0,444.8,445.2,15747752.0
2018-01-09 13:48:57.223259,445.0,444.8,445.2,15747752.0
2018-01-09 13:48:59.359305,445.0,444.8,445.2,15747752.0
2018-01-09 13:49:00.841020,445.0,444.8,445.2,15747752.0
2018-01-09 13:49:02.451281,445.0,444.8,445.2,15747752.0
2018-01-09 13:49:03.972448,445.0,444.8,445.2,15747752.0
2018-01-09 13:49:06.023079,445.0,444.8,445.2,15747752.0
2018-01-09 13:49:07.862775,445.0,444.8,445.2,15747752.0
2018-01-09 13:49:09.674702,445.0,445.0,445.2,15750352.0
2018-01-09 13:49:11.306711,445.0,445.0,445.2,15750352.0
2018-01-09 13:49:15.440325,445.0,445.0,445.2,15750352.0
2018-01-09 13:49:17.055185,445.0,445.0,445.2,15750352.0
2018-01-09 13:49:18.892329,445.0,445.0,445.2,15750352.0
2018-01-09 13:49:20.869761,445.0,445.0,445.2,15750352.0
2018-01-09 13:49:22.761271,445.0,445.0,445.2,15750352.0
2018-01-09 13:49:24.669471,445.0,445.0,445.2,15750352.0
2018-01-09 13:49:26.501276,445.0,445.0,445.2,15750352.0
2018-01-09 13:49:28.220552,445.0,445.0,445.2,15750352.0
2018-01-09 13:49:30.181546,445.2,445.0,445.2,15756352.0
2018-01-09 13:49:32.067350,445.2,445.0,445.2,15756352.0
2018-01-09 13:49:33.950540,445.2,445.0,445.2,15756352.0
2018-01-09 13:49:35.688151,445.2,445.0,445.2,15756352.0
2018-01-09 13:49:37.778447,445.2,445.0,445.2,15756352.0
2018-01-09 13:49:39.586734,445.2,445.0,445.2,15756352.0
2018-01-09 13:49:41.708398,445.2,445.0,445.2,15756352.0
2018-01-09 13:49:43.643073,445.2,445.0,445.2,15756352.0
2018-01-09 13:49:45.353113,445.2,445.0,445.2,15756352.0
2018-01-09 13:49:47.406131,445.2,445.0,445.2,15756352.0
2018-01-09 13:49:49.226054,445.2,445.0,445.2,15759652.0
2018-01-09 13:49:51.485234,445.2,445.0,445.2,15759652.0
2018-01-09 13:49:53.404229,445.2,445.0,445.2,15759652.0
2018-01-09 13:49:55.644246,445.2,445.0,445.2,15759652.0
2018-01-09 13:49:57.263177,445.2,445.0,445.2,15759652.0
2018-01-09 13:49:59.179766,445.2,445.0,445.2,15759652.0
2018-01-09 13:50:01.012653,445.2,445.0,445.2,15759652.0
2018-01-09 13:50:02.868375,445.2,445.0,445.2,15759652.0
2018-01-09 13:50:07.488928,445.2,445.0,445.2,15764252.0
2018-01-09 13:50:09.444127,445.2,445.0,445.2,15764252.0
2018-01-09 13:50:10.792772,445.2,445.0,445.2,15764252.0
2018-01-09 13:50:12.372056,445.2,445.0,445.2,15768255.0
2018-01-09 13:50:14.332723,445.2,445.0,445.2,15768255.0
2018-01-09 13:50:17.899409,445.2,445.0,445.2,15768255.0
2018-01-09 13:50:21.014567,445.2,445.0,445.2,15768255.0
2018-01-09 13:50:22.672407,445.2,445.0,445.2,15768255.0
2018-01-09 13:50:24.667190,445.2,445.0,445.2,15768255.0
2018-01-09 13:50:26.582930,445.2,445.0,445.2,15768255.0
2018-01-09 13:50:28.917906,445.2,445.0,445.2,15768255.0
2018-01-09 13:50:30.624199,445.2,445.0,445.2,15768255.0
2018-01-09 13:50:32.465772,445.2,445.0,445.2,15768255.0
2018-01-09 13:50:34.175077,445.2,445.0,445.2,15768255.0
2018-01-09 13:50:35.980676,445.2,445.0,445.2,15768255.0
2018-01-09 13:50:37.723337,445.2,445.0,445.2,15768255.0
2018-01-09 13:50:39.486163,445.2,445.0,445.2,15768255.0
2018-01-09 13:50:41.440687,445.2,445.0,445.2,15768255.0
2018-01-09 13:50:43.311396,445.2,445.0,445.2,15768255.0
2018-01-09 13:50:44.748008,445.2,445.0,445.2,15768255.0
2018-01-09 13:50:46.704521,445.2,445.0,445.2,15768255.0
2018-01-09 13:50:48.424089,445.2,445.0,445.2,15768255.0
2018-01-09 13:50:50.170210,445.0,445.0,445.2,15770555.0
2018-01-09 13:50:52.080153,445.0,445.0,445.2,15770555.0
2018-01-09 13:50:53.932263,445.0,445.0,445.2,15770555.0
2018-01-09 13:50:55.325018,445.0,445.0,445.2,15770555.0
2018-01-09 13:50:57.310150,445.0,445.0,445.2,15770555.0
2018-01-09 13:50:59.045718,445.0,445.0,445.2,15770555.0
2018-01-09 13:51:00.533784,445.0,445.0,445.2,15770555.0
2018-01-09 13:51:02.038838,445.0,445.0,445.2,15770555.0
2018-01-09 13:51:03.705890,445.0,445.0,445.2,15770555.0
2018-01-09 13:51:05.002092,445.0,445.0,445.2,15770555.0
2018-01-09 13:51:06.791597,445.0,445.0,445.2,15770555.0
2018-01-09 13:51:08.673843,445.0,445.0,445.2,15770555.0
2018-01-09 13:51:10.481224,445.0,445.0,445.2,15770555.0
2018-01-09 13:51:12.263138,445.0,445.0,445.2,15770555.0
2018-01-09 13:51:13.610280,445.0,445.0,445.2,15770555.0
2018-01-09 13:51:16.786693,445.0,445.0,445.2,15770555.0
2018-01-09 13:51:19.935454,445.2,445.0,445.2,15772155.0
2018-01-09 13:51:21.770116,445.2,445.0,445.2,15772155.0
2018-01-09 13:51:23.635250,445.2,445.0,445.2,15772155.0
2018-01-09 13:51:25.448394,445.2,445.0,445.2,15772155.0
2018-01-09 13:51:26.682000,445.2,445.0,445.2,15772155.0
2018-01-09 13:51:27.993538,445.2,445.0,445.2,15772155.0
2018-01-09 13:51:29.485276,445.2,445.0,445.2,15772155.0
2018-01-09 13:51:30.927092,445.2,445.0,445.2,15772155.0
2018-01-09 13:51:32.317287,445.2,445.0,445.2,15777555.0
2018-01-09 13:51:34.025337,445.2,445.0,445.2,15777555.0
2018-01-09 13:51:35.497945,445.2,445.0,445.2,15777555.0
2018-01-09 13:51:36.893732,445.2,445.0,445.2,15777555.0
2018-01-09 13:51:38.916135,445.2,445.0,445.2,15777555.0
2018-01-09 13:51:40.838067,445.2,445.0,445.2,15777555.0
2018-01-09 13:51:42.513949,445.2,445.0,445.2,15777555.0
2018-01-09 13:51:43.915355,445.2,445.0,445.2,15777555.0
2018-01-09 13:51:45.644872,445.2,445.0,445.2,15777555.0
2018-01-09 13:51:47.247749,445.2,445.0,445.2,15777555.0
2018-01-09 13:51:49.505524,445.2,445.0,445.2,15777555.0
2018-01-09 13:51:51.164042,445.2,445.0,445.2,15777555.0
2018-01-09 13:51:52.539087,445.2,445.0,445.2,15777555.0
2018-01-09 13:51:54.017024,445.2,445.0,445.2,15777555.0
2018-01-09 13:51:55.733849,445.2,445.0,445.2,15777555.0
2018-01-09 13:51:57.661959,445.2,445.0,445.2,15777555.0
2018-01-09 13:51:59.355259,445.2,445.0,445.2,15777555.0
2018-01-09 13:52:01.099760,445.2,445.0,445.2,15777555.0
2018-01-09 13:52:02.878413,445.2,445.0,445.2,15777555.0
2018-01-09 13:52:04.751625,445.0,445.0,445.2,15779655.0
2018-01-09 13:52:06.317300,445.0,445.0,445.2,15779655.0
2018-01-09 13:52:09.424824,445.0,445.0,445.2,15779655.0
2018-01-09 13:52:10.829042,445.0,445.0,445.2,15779655.0
2018-01-09 13:52:15.292473,445.0,445.0,445.2,15779655.0
2018-01-09 13:52:17.026072,445.0,445.0,445.2,15779655.0
2018-01-09 13:52:18.485368,445.0,445.0,445.2,15779655.0
2018-01-09 13:52:19.896946,445.0,445.0,445.2,15782555.0
2018-01-09 13:52:21.270190,445.0,445.0,445.2,15782555.0
2018-01-09 13:52:23.135169,445.0,445.0,445.2,15782555.0
2018-01-09 13:52:25.086652,445.0,445.0,445.2,15782555.0
2018-01-09 13:52:26.886211,445.0,445.0,445.2,15782555.0
2018-01-09 13:52:28.967523,445.0,445.0,445.2,15782555.0
2018-01-09 13:52:30.465055,445.0,445.0,445.2,15782555.0
2018-01-09 13:52:32.254546,445.0,445.0,445.2,15782555.0
2018-01-09 13:52:34.231398,445.2,445.0,445.2,15785055.0
2018-01-09 13:52:36.269403,445.2,445.0,445.2,15785055.0
2018-01-09 13:52:38.297806,445.2,445.0,445.2,15785055.0
2018-01-09 13:52:40.325879,445.2,445.0,445.2,15785055.0
2018-01-09 13:52:42.232407,445.2,445.0,445.2,15785055.0
2018-01-09 13:52:44.020566,445.2,445.0,445.2,15785055.0
2018-01-09 13:52:45.821343,445.2,445.0,445.2,15785055.0
2018-01-09 13:52:47.671388,445.2,445.0,445.2,15785055.0
2018-01-09 13:52:49.140516,445.2,445.0,445.2,15785055.0
2018-01-09 13:52:51.214107,445.2,445.0,445.2,15785055.0
2018-01-09 13:52:52.743600,445.2,445.0,445.2,15785055.0
2018-01-09 13:52:54.446258,445.0,445.0,445.2,15786555.0
2018-01-09 13:52:56.415051,445.0,445.0,445.2,15786555.0
2018-01-09 13:52:58.365694,445.0,445.0,445.2,15786555.0
2018-01-09 13:53:00.355449,445.0,445.0,445.2,15786555.0
2018-01-09 13:53:02.264581,445.0,445.0,445.2,15786555.0
2018-01-09 13:53:05.089859,445.0,445.0,445.2,15786555.0
2018-01-09 13:53:13.051317,445.0,445.0,445.2,15786555.0
2018-01-09 13:53:15.439756,445.0,445.0,445.2,15786555.0
2018-01-09 13:53:17.352238,445.0,445.0,445.2,15786555.0
2018-01-09 13:53:19.355534,445.0,444.8,445.2,15807655.0
2018-01-09 13:53:21.200999,445.0,445.0,445.2,15814855.0
2018-01-09 13:53:22.988027,445.0,444.8,445.0,15827955.0
2018-01-09 13:53:24.868595,445.0,444.8,445.0,15829755.0
2018-01-09 13:53:26.609755,445.0,444.8,445.0,15829755.0
2018-01-09 13:53:28.448807,445.0,444.8,445.0,15829755.0
2018-01-09 13:53:30.249600,445.0,444.8,445.0,15829755.0
2018-01-09 13:53:31.858800,445.0,444.8,445.0,15829755.0
2018-01-09 13:53:33.725954,445.0,444.8,445.0,15829755.0
2018-01-09 13:53:35.652741,445.0,444.8,445.0,15829755.0
2018-01-09 13:53:37.360425,445.0,444.8,445.0,15831755.0
2018-01-09 13:53:39.394132,445.0,444.8,445.0,15831755.0
2018-01-09 13:53:41.586397,445.0,444.8,445.0,15831755.0
2018-01-09 13:53:43.367091,445.0,444.8,445.0,15831755.0
2018-01-09 13:53:45.212089,445.0,444.8,445.0,15831755.0
2018-01-09 13:53:46.876806,444.8,444.8,445.0,15834855.0
2018-01-09 13:53:48.623244,444.8,444.8,445.0,15834855.0
2018-01-09 13:53:50.864134,444.8,444.8,445.0,15834855.0
2018-01-09 13:53:52.242594,444.8,444.8,445.0,15834855.0
2018-01-09 13:53:54.264988,444.8,444.8,445.0,15834855.0
2018-01-09 13:53:56.168784,444.8,444.8,445.0,15834855.0
2018-01-09 13:53:58.135686,445.0,444.8,445.0,15841155.0
2018-01-09 13:53:59.778633,445.0,444.8,445.0,15841155.0
2018-01-09 13:54:01.568298,445.0,444.8,445.0,15841155.0
2018-01-09 13:54:03.238222,445.0,444.8,445.0,15886255.0
2018-01-09 13:54:04.819358,445.0,444.8,445.0,15886255.0
2018-01-09 13:54:06.252690,445.0,444.8,445.0,15886255.0
2018-01-09 13:54:07.942530,445.0,444.8,445.0,15886255.0
2018-01-09 13:54:11.883011,445.0,445.0,445.2,15906355.0
2018-01-09 13:54:13.934259,445.0,445.0,445.2,15906355.0
2018-01-09 13:54:15.687513,445.0,445.0,445.2,15906355.0
2018-01-09 13:54:18.496898,445.0,445.0,445.2,15906355.0
2018-01-09 13:54:19.845961,445.0,445.0,445.2,15906355.0
2018-01-09 13:54:21.798924,445.0,445.0,445.2,15908255.0
2018-01-09 13:54:23.656454,445.0,445.0,445.2,15908255.0
2018-01-09 13:54:25.490450,445.0,445.0,445.2,15908255.0
2018-01-09 13:54:27.276678,445.0,445.0,445.2,15908255.0
2018-01-09 13:54:29.183343,445.0,445.0,445.2,15908255.0
2018-01-09 13:54:31.070966,445.0,445.0,445.2,15908255.0
2018-01-09 13:54:32.596417,445.0,445.0,445.2,15908255.0
2018-01-09 13:54:34.486861,445.0,445.0,445.2,15908255.0
2018-01-09 13:54:36.534601,445.0,445.0,445.2,15908255.0
2018-01-09 13:54:37.973477,445.0,445.0,445.2,15908255.0
2018-01-09 13:54:39.664401,445.0,445.0,445.2,15908255.0
2018-01-09 13:54:41.422815,445.0,445.0,445.2,15908255.0
2018-01-09 13:54:43.364861,445.0,445.0,445.2,15908255.0
2018-01-09 13:54:45.484280,445.0,445.0,445.2,15908255.0
2018-01-09 13:54:46.899376,445.0,445.0,445.2,15912955.0
2018-01-09 13:54:48.809851,445.0,445.0,445.2,15912955.0
2018-01-09 13:54:50.720871,445.0,445.0,445.2,15912955.0
2018-01-09 13:54:52.688126,445.0,445.0,445.2,15912955.0
2018-01-09 13:54:54.645400,445.0,445.0,445.2,15912955.0
2018-01-09 13:54:56.136558,445.0,445.0,445.2,15912955.0
2018-01-09 13:54:58.112868,445.0,445.0,445.2,15912955.0
2018-01-09 13:54:59.553900,445.0,445.0,445.2,15912955.0
2018-01-09 13:55:01.522875,445.0,445.0,445.2,15912955.0
2018-01-09 13:55:03.643300,445.0,445.0,445.2,15912955.0
2018-01-09 13:55:05.528865,445.0,445.0,445.2,15912955.0
2018-01-09 13:55:07.019538,445.0,445.0,445.2,15912955.0
2018-01-09 13:55:08.485209,445.0,445.0,445.2,15912955.0
2018-01-09 13:55:09.861691,445.0,445.0,445.2,15912955.0
2018-01-09 13:55:11.656295,445.0,445.0,445.2,15912955.0
2018-01-09 13:55:13.435290,445.0,445.0,445.2,15912955.0
2018-01-09 13:55:16.142332,445.0,445.0,445.2,15912955.0
2018-01-09 13:55:18.978396,445.0,445.0,445.2,15912955.0
2018-01-09 13:55:22.333791,445.0,445.0,445.2,15914155.0
2018-01-09 13:55:24.386869,445.0,445.0,445.2,15914155.0
2018-01-09 13:55:26.332467,445.0,445.0,445.2,15914155.0
2018-01-09 13:55:28.712269,445.0,445.0,445.2,15914155.0
2018-01-09 13:55:30.336843,445.0,445.0,445.2,15914155.0
2018-01-09 13:55:31.804658,445.0,445.0,445.2,15914155.0
2018-01-09 13:55:33.502249,445.0,445.0,445.2,15914155.0
2018-01-09 13:55:35.211141,445.0,445.0,445.2,15914155.0
2018-01-09 13:55:36.995966,445.0,445.0,445.2,15914155.0
2018-01-09 13:55:38.393302,445.0,445.0,445.2,15914155.0
2018-01-09 13:55:39.822639,445.0,445.0,445.2,15914155.0
2018-01-09 13:55:41.676877,445.0,445.0,445.2,15914155.0
2018-01-09 13:55:43.578862,445.0,445.0,445.2,15914155.0
2018-01-09 13:55:45.523632,445.0,445.0,445.2,15914155.0
2018-01-09 13:55:47.074532,445.0,445.0,445.2,15914155.0
2018-01-09 13:55:48.392326,445.0,445.0,445.2,15914155.0
2018-01-09 13:55:50.229448,445.0,445.0,445.2,15914155.0
2018-01-09 13:55:51.697442,445.0,445.0,445.2,15914155.0
2018-01-09 13:55:53.464972,445.0,445.0,445.2,15914155.0
2018-01-09 13:55:55.242733,445.2,445.0,445.2,15916855.0
2018-01-09 13:55:56.852819,445.2,445.0,445.2,15916855.0
2018-01-09 13:55:58.818384,445.2,445.0,445.2,15916855.0
2018-01-09 13:56:00.677124,445.2,445.0,445.2,15916855.0
2018-01-09 13:56:02.854784,445.2,445.0,445.2,15916855.0
2018-01-09 13:56:04.633956,445.2,445.0,445.2,15916855.0
2018-01-09 13:56:07.627502,445.2,445.0,445.2,15916855.0
2018-01-09 13:56:09.146156,445.2,445.0,445.2,15916855.0
2018-01-09 13:56:10.799406,445.2,445.0,445.2,15916855.0
2018-01-09 13:56:12.718213,445.2,445.0,445.2,15916855.0
2018-01-09 13:56:14.544462,445.2,445.0,445.2,15916855.0
2018-01-09 13:56:16.459067,445.2,445.0,445.2,15916855.0
2018-01-09 13:56:18.214189,445.0,445.0,445.2,15921655.0
2018-01-09 13:56:20.004322,445.0,445.0,445.2,15921655.0
2018-01-09 13:56:22.188588,445.0,445.0,445.2,15921655.0
2018-01-09 13:56:24.133499,445.0,445.0,445.2,15921655.0
2018-01-09 13:56:26.033305,445.0,445.0,445.2,15921655.0
2018-01-09 13:56:27.754679,445.0,445.0,445.2,15921655.0
2018-01-09 13:56:29.912072,445.0,445.0,445.2,15921655.0
2018-01-09 13:56:31.880404,445.0,445.0,445.2,15921655.0
2018-01-09 13:56:33.293850,445.0,445.0,445.2,15921655.0
2018-01-09 13:56:35.236800,445.0,445.0,445.2,15921655.0
2018-01-09 13:56:36.924437,445.0,445.0,445.2,15921655.0
2018-01-09 13:56:38.995007,445.0,445.0,445.2,15921655.0
2018-01-09 13:56:40.443845,445.0,445.0,445.2,15921655.0
2018-01-09 13:56:42.137566,445.0,445.0,445.2,15921655.0
2018-01-09 13:56:44.028083,445.0,445.0,445.2,15921655.0
2018-01-09 13:56:45.989677,445.0,445.0,445.2,15925355.0
2018-01-09 13:56:47.961864,445.0,445.0,445.2,15925355.0
2018-01-09 13:56:49.699453,445.0,445.0,445.2,15929355.0
2018-01-09 13:56:51.599261,445.0,445.0,445.2,15929355.0
2018-01-09 13:56:53.653018,445.0,445.0,445.2,15940855.0
2018-01-09 13:56:54.955403,445.0,444.8,445.2,15942855.0
2018-01-09 13:56:56.409064,445.0,444.8,445.2,15942855.0
2018-01-09 13:56:58.291172,445.0,444.8,445.0,15953155.0
2018-01-09 13:56:59.895590,445.0,444.8,445.0,15953155.0
2018-01-09 13:57:01.855376,445.0,444.8,445.0,15953155.0
2018-01-09 13:57:04.487745,445.0,444.8,445.0,15953155.0
2018-01-09 13:57:09.547232,445.0,444.8,445.0,15953155.0
2018-01-09 13:57:11.432674,445.0,444.8,445.0,15953155.0
2018-01-09 13:57:13.101366,445.0,444.8,445.0,15953155.0
2018-01-09 13:57:15.064372,445.0,444.8,445.0,15953155.0
2018-01-09 13:57:16.568752,445.0,444.8,445.0,15953155.0
2018-01-09 13:57:18.220701,445.0,444.8,445.0,15953155.0
2018-01-09 13:57:20.210631,445.0,444.8,445.0,15953155.0
2018-01-09 13:57:21.648057,445.0,444.8,445.0,15953155.0
2018-01-09 13:57:23.440421,445.0,444.8,445.0,15953155.0
2018-01-09 13:57:25.390883,445.0,444.8,445.0,15957955.0
2018-01-09 13:57:27.112251,445.0,444.8,445.0,15957955.0
